2074 3179
920 171 1003 208 Ax.
1034 172 1125 209 1552
1754 174 1841 213 ,477

210 274 348 319 natu,
373 274 417 308 et
438 268 592 308 multis
614 268 928 308 adnitentibus
948 267 1120 308 frustra
1143 274 1192 308 ut
1213 274 1491 319 separarent
1511 279 1613 319 eos,
1647 269 1837 309 tandem

210 345 426 390 parentes
447 338 506 378 ad
526 349 612 378 nos
639 345 890 389 venerunt,
922 345 1145 389 rogantes
1173 344 1223 379 ut
1253 350 1372 378 unus
1399 344 1613 379 nostrum
1644 338 1704 378 ad
1731 351 1836 380 eum

204 409 473 459 >accederet;
512 420 652 460 quam
686 410 979 461 provinciam
1013 410 1208 450 libenter
1242 420 1362 450 unus
1396 414 1608 449 nostrum
1642 410 1832 461 subivi-t,

208 491 293 521 nec
314 492 420 521 eum
439 480 644 532 reliquit,
669 481 779 532 quin
800 481 1090 533 promitteret
1113 481 1301 520 omnino
1322 491 1372 520 se
1404 480 1705 521 dimissurum
1731 493 1835 536 con-

205 551 446 599 cubinam3
468 551 591 603 quod
612 558 657 592 et
678 551 799 602 fecit,
824 557 868 592 et
889 552 1050 603 paucis
1072 551 1233 592 diebus
1254 551 1562 603 intermediis,
1586 551 1738 592 denuo
1760 553 1834 593 ad-

214 629 413 663 vocatus
434 628 504 663 est
524 623 746 663 sacerdos
768 623 827 663 ad
848 622 1101 672 infirmum,
1134 630 1177 662 et
1209 622 1506 662 confessione
1533 621 1631 674 ejus
1658 623 1834 673 audita,

207 692 522 746 beneficioque
545 694 850 734 absolutionis
871 699 1137 744 consecuto,
1161 693 1325 733 eadem
1348 698 1485 733 nocte
1502 693 1747 746 migravit,
1770 695 1836 735 uti

204 776 449 817 speramus
470 765 516 805 in
537 765 753 816 Domino,
779 765 838 805 ad
855 765 1104 805 coelestem
1125 765 1343 816 patriam.

285 835 549 887 Quaedam,
587 847 705 888 quae
738 835 899 876 decem
932 841 976 876 et
1012 841 1117 875 octo
1150 847 1300 875 annos
1326 835 1511 875 vixerat
1538 835 1586 875 in
1620 836 1836 876 concubi-

206 913 338 957 natu,
362 919 588 959 persuasa
611 920 637 948 a
659 906 934 958 quibusdam
954 906 1138 956 viciniS‚
1163 906 1241 957 qui
1263 911 1433 946 octavo
1456 918 1639 958 quoque
1661 906 1736 946 die
1756 918 1834 946 no-

206 976 276 1017 bis
310 978 608 1029 confitentur,
638 984 687 1018 ut
721 978 954 1018 desineret
980 976 1131 1017 Deum
1166 976 1427 1027 offendere,
1466 978 1525 1016 ad
1561 977 1838 1017 concionem

207 1049 456 1101 aliquando
479 1049 700 1099 adducta,
726 1049 785 1089 ad
805 1048 1061 1100 perfectam
1092 1059 1282 1088 suorum
1312 1053 1618 1099 peccatorum
1638 1047 1835 1088 detesta-

206 1119 377 1160 tionem
398 1120 632 1171 pervenit,
657 1119 998 1160 confessionem
1026 1119 1296 1170 generalem
1315 1118 1449 1169 fecit,
1484 1127 1529 1158 et
1560 1125 1836 1170 perseverat

205 1190 386 1230 decimo
408 1197 574 1242 quarto
595 1202 778 1242 quoque
801 1190 874 1230 die
895 1189 1128 1240 confiteri;
1157 1195 1201 1230 et
1231 1195 1413 1229 tantum
1444 1189 1642 1241 profecit
1663 1195 1712 1230 ut
1742 1202 1837 1230 non

204 1261 353 1301 solum
374 1261 558 1301 illicitas
579 1261 734 1301 carnis
756 1261 999 1300 illecebras
1020 1259 1191 1311 fugiat,
1215 1260 1298 1300 sed
1319 1266 1364 1300 et
1387 1272 1414 1299 a
1441 1260 1567 1300 licito
1601 1260 1834 1301 matrimo—

202 1331 315 1371 niali
337 1343 423 1372 usu
446 1333 634 1372 omnino
656 1332 889 1371 abstinere
913 1331 1189 1372 decreverit.

283 1402 473 1454 Aliquot
493 1403 698 1443 familiae
719 1408 840 1454 sunt,
865 1415 984 1455 quae
1005 1415 1063 1443 ex
1082 1403 1314 1454 frequenti
1336 1403 1681 1442 auscultatione
1697 1403 1832 1443 verbi

203 1471 291 1514 Dei
319 1480 363 1513 et
390 1486 476 1514 usu
512 1479 915 1514 sacramentorum
949 1473 1256 1514 confessionis
1287 1479 1331 1513 et
1359 1473 1701 1513 communionis
1735 1480 1832 1513 tan-

201 1551 299 1584 tum
332 1545 651 1596 profecerunt,
689 1551 739 1585 ut
772 1556 865 1584 non
892 1545 1160 1584 saeculares
1197 1544 1279 1584 sed
1306 1544 1499 1595 perfecti
1534 1544 1744 1595 religiosi
1768 1545 1833 1584 vi-

201 1615 412 1656 deantur.
458 1616 677 1667 Quotidie
710 1627 794 1667 per
829 1616 1003 1667 aliquot
1037 1615 1180 1655 horas
1219 1616 1371 1666 legem
1410 1614 1602 1655 Domini
1643 1614 1833 1667 ejusque

202 1687 349 1727 vitam
381 1687 678 1727 meditantur.
710 1686 827 1727 Cum
857 1686 1042 1727 Christo
1070 1686 1338 1726 desiderant
1365 1686 1598 1738 quaelibet
1628 1687 1751 1737 pati,
1789 1693 1834 1726 et

200 1758 240 1798 si
279 1758 344 1798 eis
390 1758 775 1809 concederemus,
825 1757 1207 1798 mortificationes
1251 1758 1461 1809 publicas
1505 1757 1715 1797 facerent
1736 1769 1745 1797 :
1789 1764 1833 1797 et

201 1841 361 1870 eorum
382 1831 594 1882 exemplo
619 1830 677 1870 ad
696 1830 893 1870 aliorum
915 1829 1161 1869 utilitatem
1177 1828 1298 1869 RQS
1319 1829 1367 1869 P.
1388 1829 1568 1869 Natalis
1593 1829 1833 1868 orationes

201 1900 424 1951 quasdam
449 1901 683 1941 ordinavit
704 1913 785 1952 per
808 1901 997 1940 modum
1018 1900 1211 1950 rosarii,
1244 1900 1291 1940 in
1321 1900 1488 1951 quibus
1518 1900 1674 1939 omnia
1702 1912 1833 1951 prae-

201 1971 337 2023 cipua
359 1973 584 2023 mysteria
605 1973 731 2012 vitae
753 1978 795 2011 et
817 1971 1050 2023 passionis
1071 1971 1246 2012 Christi
1267 1971 1404 2011 facile
1436 1982 1484 2010 se
1514 1971 1657 2010 menti
1683 1970 1832 2021 cujus—

201 2042 309 2082 libet
344 2042 571 2093 offe1·unt;
607 2054 743 2094 quem
777 2042 965 2082 modum
1000 2041 1164 2082 orandi
1200 2042 1356 2082 multis
1396 2041 1495 2082 fore
1535 2042 1833 2082 utilissimum

200 2123 462 2163 speramus,
500 2113 619 2153 sicut
650 2119 693 2153 et
726 2125 848 2152 nunc
882 2113 929 2152 in
963 2113 1126 2164 paucis
1163 2113 1344 2164 experti
1380 2124 1555 2153 sumus.
1593 2113 1651 2153 Et
1688 2113 1830 2164 aliqui

198 2195 380 2235 eorum,
406 2185 483 2235 qui
506 2184 691 2224 vinculo
714 2184 997 2223 matrimonii
1015 2183 1164 2235 juncti
1185 2189 1312 2235 sunt,
1333 2183 1430 2235 jam
1452 2184 1510 2223 ab
1540 2184 1743 2235 invicem
1774 2183 1831 2223 de

199 2255 433 2294 communi
455 2266 686 2294 consensu
707 2254 917 2305 separari
938 2260 982 2294 et
1002 2254 1048 2294 in
1068 2255 1294 2306 religione
1323 2255 1406 2294 sub
1436 2255 1700 2295 obedientia
1727 2255 1830 2295 Deo

200 2324 426 2365 inservire
447 2330 738 2377 proponunt,
762 2331 806 2365 et
822 2324 919 2376 jam
940 2337 967 2364 a
988 2325 1144 2365 multis
1165 2326 1402 2366 mensibus
1424 2326 1470 2366 in
1498 2326 1700 2376 puritate
1731 2337 1829 2366 cor-

203 2396 332 2446 poris
353 2396 424 2436 sui
446 2401 612 2447 sponte
631 2396 812 2436 vivunt.
1791 2451 1795 2457 ¹

279 2466 395 2507 Cum
429 2478 572 2507 senex
607 2467 795 2518 quidam
821 2473 866 2507 et
893 2467 1023 2507 dives
1058 2474 1330 2518 aegrotaret
1365 2474 1409 2508 et
1443 2469 1693 2508 haeredem
1725 2480 1830 2520 pro-

198 2536 437 2589 pinquum,
463 2537 540 2589 qui
561 2537 602 2577 ei
623 2537 908 2586 succederet,
929 2550 1023 2578 non
1042 2537 1235 2579 haberet
1256 2545 1301 2579 et
1322 2539 1377 2579 de
1399 2540 1705 2591 relinquenda
1726 2539 1829 2579 aliis

200 2608 489 2648 haereditate
525 2608 775 2659 cogitaret,
811 2609 1001 2660 quidam
1028 2621 1087 2650 ex
1112 2609 1421 2651 familiaribus
1456 2610 1554 2662 ejus
1584 2611 1702 2650 haec
1733 2611 1828 2656 ani-

196 2678 516 2729 madvertens,
540 2679 806 2719 subornatis
826 2679 956 2720 falsis
977 2680 1171 2720 testibus
1193 2680 1252 2721 ad
1273 2681 1668 2732 corrumpendum
1697 2687 1826 2729 nota-

196 2749 316 2789 rium
337 2750 633 2801 confugitet,
659 2750 798 2790 certis
818 2751 968 2802 pactis
989 2750 1098 2791 hinc
1118 2751 1225 2791 inde
1246 2752 1539 2803 compositis,
1572 2752 1743 2792 falsum
1762 2752 1828 2792 in-

195 2826 504 2861 strumentum
534 2820 856 2872 confecerunt,
890 2822 937 2862 in
964 2833 1055 2873 quo
1082 2822 1168 2862 iste
1205 2834 1349 2863 senex
1383 2822 1635 2877 donatione
1664 2823 1828 2875 (quam

193 2890 353 2931 dicunt
386 2892 504 2931 inter
535 2892 671 2931 vivos
699 2897 743 2931 et
776 2892 1166 2943 irrevocabiliter)
1188 2893 1264 2933 isti
1294 2905 1380 2934 suo
1415 2894 1634 2936 familiari
1670 2880 1828 2942 omnia

185 2971 279 3001 sua
300 2962 515 3011 donaret;
546 2962 703 3013 sicque
732 2974 814 3013 per
834 2963 1461 3017 aliquotmensesmortem
1490 2964 1827 3016 senisspecta·
