2074 3179
841 177 924 213 AN.
958 176 1049 212 1552
1691 177 1761 213 681

875 627 1023 682 CLV

204 838 360 877 Petrus
380 851 465 877 van
484 838 563 876 der
582 838 725 876 Bosch
744 837 966 885 (Sylvius),

248 903 317 941 Ex
334 903 655 941 commissione
675 903 817 941 Patris
837 903 1020 940 Adriani
1041 901 1379 947 Adriaenssens,

299 969 420 1007 Patri
438 969 607 1017 Ignatio
626 968 679 1006 de
701 969 886 1017 Loyola.

341 1035 554 1079 Lovanio,
579 1034 622 1070 10
640 1034 757 1081 Junii
775 1033 865 1070 1552
884 1035 908 1069 ¹.

902 1178 1000 1253 11515

211 1339 373 1382 Gratia
401 1347 446 1380 et
471 1352 565 1392 pax
591 1339 780 1380 Domini
807 1340 964 1381 Nostri
990 1340 1102 1392 Jesu
1130 1340 1323 1390 Christi,
1358 1340 1416 1380 sit
1444 1351 1627 1391 semper
1654 1353 1761 1381 cum

132 1413 345 1452 omnibus
366 1411 513 1452 nobis.
537 1411 703 1451 Amen.

210 1482 472 1534 Superioris
512 1482 886 1534 quadrimestris,
922 1482 977 1522 de
1011 1482 1064 1522 R.
1102 1481 1150 1522 P.
1184 1482 1236 1522 Τ.
1270 1481 1505 1533 mandato,
1530 1483 1761 1523 rationem

132 1554 416 1604 redditurus,
442 1554 766 1594 colendissime
787 1554 835 1593 in
855 1553 1042 1594 Christo
1063 1553 1215 1603 Pater,
1240 1553 1352 1593 illud
1372 1553 1573 1604 primum
1602 1565 1761 1593 recen-

131 1625 239 1665 sebo
262 1625 577 1665 felicissimam
597 1625 723 1664 illam
744 1625 793 1665 P.
818 1623 1017 1664 Adriani
1039 1624 1374 1664 adversitatem
1402 1624 1430 1674 ⁶³,
1459 1625 1576 1664 adeo
1610 1625 1667 1665 ab
1696 1625 1760 1664 in-

129 1697 288 1736 stituto
309 1702 469 1736 nostro
489 1697 643 1736 nullos
664 1707 936 1745 revocasse,
967 1702 1016 1736 ut
1046 1695 1228 1746 frigidis
1258 1696 1546 1746 singularem
1572 1696 1761 1736 Virtutis

130 1767 346 1807 ardorem
367 1767 646 1818 accenderit,
671 1767 838 1819 tepidis
858 1778 952 1807 non
972 1767 1208 1807 mediocre
1230 1768 1385 1807 calcar
1408 1767 1652 1818 addiderit,
1672 1766 1759 1807 fer-

128 1838 265 1878 vidos
286 1838 456 1878 mirum
475 1838 520 1878 in
542 1838 730 1878 modum
752 1838 985 1878 animarit.
1011 1837 1128 1878 Cum
1149 1838 1271 1878 enim
1291 1839 1418 1878 nulla
1438 1839 1761 1878 calamitatum

128 1909 190 1958 vi,
214 1910 431 1960 nulloque
452 1920 782 1949 aerumnarum
802 1921 1048 1959 concursu,
1068 1909 1235 1949 mentis
1256 1910 1331 1949 ille
1353 1909 1489 1960 vigor
1510 1909 1758 1949 labefacta-

129 1988 216 2030 tur,
237 1980 590 2031 constantiaque
612 1979 805 2020 infamat
827 1980 1024 2019 aliorum
1045 1980 1299 2029 infamiam,
1319 1986 1546 2031 quotquot
1565 1980 1663 2021 fere
1684 1980 1761 2020 hic

128 2051 409 2101 insigniores
444 2057 549 2090 sunt
584 2051 941 2091 concionatores
966 2052 1075 2101 hoc,
1118 2057 1166 2091 ut
1200 2051 1508 2102 suspicamur,
1544 2053 1758 2103 exemplo

128 2122 394 2173 provocati,
421 2122 537 2162 alius
558 2121 648 2161 alio
670 2121 913 2172 idiomate,
943 2122 1003 2162 ad
1030 2122 1269 2172 religionis
1297 2122 1561 2173 ingressum
1595 2123 1758 2162 alacri-

128 2200 217 2243 ter,
258 2192 517 2244 impavide,
541 2198 817 2244 strenueque
849 2193 1170 2232 cohortantur.
1195 2192 1458 2243 Quinimmo
1480 2193 1761 2244 palmarium

99 2253 102 2256 ¹
129 2263 270 2313 istud,
301 2264 340 2304 si
367 2264 489 2315 quod
523 2264 667 2314 aliud,
704 2263 900 2314 factum,
930 2269 1025 2304 tam
1056 2264 1147 2303 alte
1176 2263 1359 2304 radices
1385 2265 1504 2315 egit,
1535 2270 1584 2304 ut
1609 2265 1762 2304 relatu

127 2334 278 2374 Patris
299 2334 532 2374 Leonardi
552 2333 566 2353 ⁵
588 2334 885 2374 didicerimus
906 2334 1207 2375 Colonienses
1235 2347 1330 2375 non
1356 2336 1471 2375 satis
1499 2336 1759 2386 condignas

127 2405 313 2446 Christo
341 2405 502 2445 laudes
530 2416 668 2456 posse
696 2407 985 2457 persolvere,
1020 2406 1142 2457 quod
1176 2412 1221 2446 et
1252 2406 1342 2457 his,
1377 2407 1515 2457 longe
1551 2406 1759 2447 omnium

128 2476 511 2527 corruptissimis,
536 2476 822 2528 temporibus
844 2476 1054 2517 invenire
1082 2477 1160 2527 sit,
1191 2478 1288 2528 qui,
1318 2477 1506 2518 divinae
1534 2478 1758 2518 bonitatis

128 2558 286 2587 amore
309 2547 663 2598 animarumque
684 2548 832 2587 salute
854 2547 993 2598 ducti,
1016 2547 1231 2589 humanis
1252 2560 1301 2588 se
1323 2549 1509 2589 casibus
1530 2555 1626 2589 tam
1648 2550 1758 2589 viri-

128 2618 231 2657 liter
252 2629 486 2668 exponere
507 2630 600 2657 non
620 2624 894 2668 graventur.

207 2689 391 2739 Quanta
413 2689 609 2740 denique
632 2690 836 2729 omnium
858 2690 1164 2730 admiratione
1186 2697 1424 2742 spectatus
1447 2691 1521 2730 ille
1543 2691 1631 2741 vir,
1664 2691 1759 2731 Ma-

183 2849 192 2868 ¹
232 2848 479 2883 Autographae
496 2848 603 2884 Sylvii
619 2849 754 2876 litterae
770 2852 846 2875 sunt
862 2849 895 2875 in
910 2849 987 2876 folio
1003 2849 1125 2884 duplici
1142 2858 1193 2877 nn.
1206 2850 1255 2877 143
1266 2854 1300 2878 et
1317 2851 1377 2878 144.
1392 2851 1455 2878 Est
1469 2855 1500 2879 et
1515 2851 1752 2886 apographum

128 2897 160 2923 in
177 2897 265 2923 foliis
279 2896 296 2922 7
310 2896 361 2923 v.⁰
377 2899 411 2923 et
424 2896 442 2923 8
455 2895 588 2923 Codicis
607 2896 685 2924 1551.

180 2944 193 2962 ·-’
231 2943 347 2970 Sermo
364 2948 414 2971 est
431 2943 469 2970 de
484 2943 598 2970 Patris
615 2943 755 2971 Adriani
769 2944 1049 2977 incarceratione,
1070 2948 1135 2972 etc.

182 2992 194 3008 -”·
232 2991 268 3018 Ρ.
287 2990 325 3018 L.
342 2991 471 3018 Kessel.
