2074 3179
899 153 981 189 ΑΝ.
1015 152 1099 188 1551
1745 150 1815 186 4213

187 253 328 294 alium
350 251 406 292 ab
428 262 483 291 eo
505 256 712 301 tempore
730 248 949 299 juvenem
982 247 1298 299 adjunximus,
1322 247 1400 298 qui
1427 252 1496 286 est
1518 246 1637 286 Pisis
1659 251 1810 293 natuS,

188 335 362 364 annum
395 322 580 362 circiter
615 320 847 360 decimum
877 320 1088 371 quintum
1123 330 1288 370 agens,
1322 318 1509 368 ingenio
1546 317 1660 356 satis
1693 316 1814 356 felici

189 394 395 443 dotatUS,
420 398 464 432 et
486 392 542 431 iis
565 391 768 431 imbutus
790 391 996 430 moribus
1017 396 1065 429 ut
1087 390 1273 429 omnino
1296 389 1355 429 ad
1375 388 1651 438 religionem
1677 393 1815 426 natus

188 477 291 506 esse
312 464 548 513 videatur,
582 462 658 514 qui
688 467 792 513 post
824 462 1089 511 ingressum
1118 461 1340 501 virtutem
1370 459 1660 499 obedientiae
1683 464 1813 497 tanto

191 542 260 576 est
281 535 425 575 animi
451 534 636 574 fervore
664 533 958 583 complexus,
988 543 1133 583 usque
1164 531 1280 571 adeo
1310 531 1357 570 in
1385 530 1618 581 religiosis
1638 529 1814 569 Virtuti<

188 608 276 647 bus
297 611 650 658 promotus,-ut,
674 604 781 644 licet
802 610 1037 654 postremo
1066 602 1298 642 admissus
1323 601 1480 651 fuerit,
1514 601 1630 640 alios
1660 607 1814 640 tamen

190 679 405 729 ingressu
431 675 671 727 religionis
698 675 876 726 priores
904 674 1105 725 quadam
1134 673 1210 725 pia
1237 679 1280 713 et
1308 678 1473 712 sancta
1505 671 1816 711 aemulatione

192 755 485 789 antevertere
506 746 770 787 contendat.
796 745 1046 786 Caeterum
1068 744 1130 784 illi
1152 756 1332 784 summo
1363 743 1515 784 studio
1544 754 1816 793 summaque

192 819 437 871 vigilantia
465 819 512 858 in
539 830 641 858 eam
676 829 775 857 rem
805 816 1096 866 incumbunt,
1131 822 1179 855 ut
1210 815 1365 855 carnis
1392 814 1629 863 incendia,
1660 813 1816 853 mundi

191 890 416 941 fallacias,
442 889 682 929 daemonis
703 889 910 939 laqueos,
935 898 1050 938 quos
1070 887 1168 938 ipse
1189 887 1315 926 nullo
1332 898 1425 926 non
1442 892 1653 937 tempore
1676 885 1817 924 omni·

192 962 297 1011 bus,
327 961 407 1001 sed
438 960 588 1011 magis
618 966 662 1000 et
692 958 926 1010 potentius
955 958 1106 998 adhuc
1136 958 1181 997 in
1211 958 1437 1008 religione
1458 956 1716 1007 tirunculis,
1743 955 1816 995 ob-

188 1032 380 1072 tendere
409 1033 544 1081 solet,
576 1031 826 1081 dissipatos
853 1035 1116 1081 proterant,
1150 1029 1427 1080 studentque
1458 1034 1507 1068 ut
1535 1029 1626 1068 sint
1648 1028 1695 1067 in
1716 1027 1819 1066 obe-

193 1103 366 1143 dientia
406 1102 629 1154 prompti,
680 1102 726 1141 in
765 1101 1025 1141 humilitate
1064 1100 1220 1151 primi,
1264 1100 1307 1140 in
1349 1100 1596 1140 dilectione
1635 1098 1818 1145 fervidi,

194 1186 339 1226 eaque
361 1179 430 1213 est
451 1174 570 1213 inter
593 1174 718 1223 ipsos
739 1184 832 1212 non
854 1173 1007 1211 minus
1024 1177 1186 1211 sancta
1203 1183 1342 1222 quam
1360 1181 1550 1211 strenua
1568 1169 1818 1217 contentio,

193 1252 244 1285 ut
264 1257 359 1285 non
380 1244 517 1284 modo
544 1244 750 1294 palmam
778 1243 863 1283 sibi
891 1255 983 1282 non
1011 1242 1126 1293 eripi
1154 1243 1447 1293 permittant,
1471 1241 1551 1281 sed
1573 1242 1689 1281 alter
1713 1241 1820 1280 alte-

193 1327 298 1356 rum
318 1321 423 1367 post
445 1327 494 1354 se
514 1314 776 1365 relinquere
798 1313 991 1363 nitatur,
1016 1324 1122 1352 cum
1144 1319 1299 1352 tamen
1320 1324 1369 1352 se
1387 1319 1547 1352 mutuo
1564 1311 1823 1352 incredibili

196 1398 354 1427 amore
387 1391 750 1438 prosequantur,
781 1390 1107 1434 revereantur,
1142 1384 1354 1423 omnibus
1386 1383 1630 1424 charitatis
1662 1382 1824 1422 officiis

198 1459 541 1509 amplexentur,
566 1461 615 1496 ut
637 1467 835 1506 corpora
863 1455 1049 1506 quidem
1075 1456 1239 1503 multa,
1271 1454 1353 1494 sed
1380 1454 1561 1494 animus
1581 1465 1700 1493 unus
1722 1464 1823 1493 esse

196 1529 425 1569 videatur.
453 1528 659 1578 Quisque
681 1525 802 1578 quod
823 1525 982 1566 fratris
1013 1531 1103 1576 est,
1134 1537 1288 1575 suum,
1322 1525 1445 1577 quod
1479 1536 1635 1574 suum,
1667 1523 1826 1564 fratris

198 1612 300 1641 esse
322 1600 409 1640 sibi
429 1598 725 1651 persuadeat.

276 1671 379 1711 Non
401 1670 566 1710 desunt
595 1669 672 1709 alii
688 1668 885 1719 Juvenes
910 1668 1098 1719 ingenio
1125 1674 1169 1708 et
1198 1668 1384 1719 optimis
1410 1667 1619 1707 moribus
1649 1665 1827 1716 conspi-

196 1743 290 1793 cui,
324 1742 401 1794 qui
427 1741 632 1793 quotidie
668 1740 825 1780 multis
861 1739 1076 1791 precibus
1110 1745 1158 1779 ut
1192 1751 1272 1779 eos
1308 1737 1608 1778 admittamus
1643 1743 1826 1777 conten-

198 1813 334 1861 dunt;
359 1824 417 1852 ex
439 1812 604 1863 quibus
626 1811 762 1861 duos,
791 1816 839 1850 ut
868 1821 1130 1860 speramus,
1162 1815 1351 1850 nostrae
1379 1808 1601 1850 Societati
1623 1818 1829 1848 commo-

200 1884 354 1924 diores
376 1883 580 1923 delectos
602 1882 647 1922 in
670 1881 867 1921 aliorum
890 1892 1135 1921 numerum
1156 1881 1432 1929 referemus;
1460 1880 1751 1931 reliquorum
1772 1878 1831 1918 ad

202 1961 388 2005 tempus
409 1954 672 2004 ingressum
693 1952 895 1992 dilaturi.

280 2025 332 2066 In
352 2024 726 2077 praesentiarum
752 2034 870 2062 unus
892 2029 935 2062 et
956 2022 1121 2072 viginti
1153 2022 1199 2061 in
1227 2021 1316 2062 hoc
1342 2026 1503 2061 nostro
1533 2021 1730 2071 collegio
1761 2031 1831 2060 su·

203 2108 326 2147 mus,
366 2106 566 2147 quorum
599 2093 794 2145 quisque
829 2104 914 2144 pro
949 2092 1127 2132 viribus
1161 2092 1323 2132 nititur
1351 2104 1409 2131 ne
1443 2097 1625 2142 tempus
1659 2091 1833 2130 frustra

200 2172 437 2217 conterat3
470 2164 551 2205 sed
586 2163 775 2214 diversi3
806 2162 1006 2203 diversis
1038 2163 1306 2203 muneribus
1336 2161 1561 2202 obeundis
1591 2160 1831 2213 praefecti,

202 2239 449 2287 talentum,
475 2236 598 2287 quod
620 2240 921 2286 acceperunt,
952 2234 998 2273 in
1025 2233 1113 2273 Dei
1144 2234 1381 2274 collatoris
1407 2233 1634 2273 honorem
1653 2244 1747 2272 non
1768 2243 1833 2271 se-

204 2310 358 2360 gniter
387 2308 434 2348 in
462 2318 578 2358 opus
612 2305 868 2357 proferunt.
907 2304 1191 2356 Studentque
1227 2316 1285 2344 ne
1315 2303 1436 2356 quod
1469 2304 1559 2356 ipsi
1593 2308 1834 2354 praestare

204 2379 399 2431 possint,
424 2384 468 2418 et
493 2378 551 2418 ad
573 2376 763 2417 Domini
778 2376 1136 2427 propagandam
1157 2376 1346 2416 vineam
1367 2375 1660 2415 conducibile
1680 2373 1835 2414 videa-

203 2456 300 2500 tur,
322 2448 714 2501 praetermittant.

283 2520 516 2572 Dignetur
537 2518 901 2569 benignissimus
921 2518 1056 2571 Jesus
1078 2518 1185 2569 igne
1206 2529 1290 2558 suo
1310 2529 1405 2557 non
1432 2522 1735 2557 consumente
1755 2515 1837 2556 sed

204 2591 471 2643 perficiente
494 2594 680 2630 nostros
702 2589 884 2629 animos
905 2588 1186 2640 accendere,
1211 2600 1301 2640 quo
1322 2594 1509 2628 nostras
1531 2599 1692 2628 omnes
1715 2587 1836 2638 cogi-

203 2663 426 2713 tationes,
457 2660 758 2710 industriam,
788 2660 958 2710 studia,
987 2660 1192 2711 labores,
1223 2660 1489 2700 summatim
1516 2671 1601 2698 nos
1628 2664 1750 2699 totos
1779 2658 1837 2698 ad

207 2733 305 2784 ejus
333 2733 563 2773 honorem
589 2737 633 2771 et
661 2731 863 2782 gloriam
888 2731 1167 2781 referamus,
1196 2737 1245 2770 ut
1275 2729 1372 2782 ejus
1401 2730 1732 2770 suavissimam
1759 2741 1835 2768 vo-

206 2804 433 2843 luntatem
461 2802 716 2854 percipere,
746 2808 994 2854 perceptae
1026 2802 1280 2842 voluntatis
1314 2801 1509 2853 imperio
1539 2800 1837 2852 acquiescere

207 2875 469 2925 valeamus,
503 2879 565 2924 ut,
599 2872 784 2924 quando
813 2884 872 2912 ex
900 2872 989 2912 hac
1023 2873 1148 2912 vitae
1175 2872 1375 2912 statione
1401 2871 1761 2921 decesserimus,
1792 2870 1836 2909 in

207 2944 398 2984 coelesti
421 2944 714 2984 Hierusalem
741 2943 878 2983 nullis
900 2943 1102 2983 hostium
1125 2943 1280 2993 miniS,
1305 2942 1549 2982 insultibus
1571 2947 1615 2982 et
1645 2942 1836 2982 incursi-
