2074 3179
254 154 329 189 616
774 154 996 191 LJTTERAE
1023 165 1325 197 QUA1)R¹MESTR
1335 166 1380 192 as

336 249 665 302 Superioribus
687 251 846 290 itidem
868 251 1029 292 diebus
1056 264 1080 292 e
1102 253 1307 292 maximo
1337 259 1475 305 atque
1498 254 1613 294 adeo
1638 255 1893 295 imminenti

253 321 462 372 periculo
490 322 693 373 puellam
724 322 975 374 quamdam
1003 323 1277 375 eripuimus,
1309 336 1427 376 quae
1454 325 1660 376 cuidam,
1684 338 1777 366 non
1798 333 1894 366 tam

253 404 452 444 corpore
474 405 614 444 quam
636 393 791 434 animo
815 406 981 445 caeCO,
1011 395 1262 446 prostituta
1284 395 1541 447 videretur,
1566 408 1767 448 quocum
1787 409 1893 438 cum

253 464 370 504 citra
393 464 668 504 scandalum
688 465 1035 517 pudicitiaeque
1053 477 1165 506 suae
1183 466 1440 518 periculum
1457 468 1619 507 vivere
1642 480 1735 508 non
1756 480 1894 520 posse

254 541 546 586 censeretur,
572 536 758 576 cuidam
781 537 875 577 civi
894 537 1148 588 Patavino,
1178 538 1280 578 viro
1309 549 1422 579 sane
1449 539 1731 591 peroptimo,
1755 541 1895 580 tradi-

254 607 424 657 dimus,
449 607 516 647 uti
538 607 662 647 domi
685 619 798 648 suae
820 608 1015 648 honeste
1036 609 1233 649 viveret.

331 678 414 718 Est
436 678 512 718 hic
534 684 780 729 praeterea
808 679 1034 731 hispanus
1064 680 1273 732 quidam,
1307 682 1385 733 qui
1414 681 1581 722 litteris
1603 695 1793 734 operam
1815 684 1896 723 im-

250 749 431 800 pendit,
456 750 494 789 is
516 761 543 789 a
564 750 722 790 multis
739 749 835 801 jam
858 750 1020 791 diebus
1042 751 1206 801 instat,
1237 752 1462 792 exercitia
1493 753 1579 793 sibi
1601 753 1701 794 dari
1724 754 1897 806 efflagi—

250 827 376 871 tans,
402 820 533 872 cujus
554 821 769 873 petitioni
792 822 838 862 in
860 822 1126 872 proximum
1149 823 1236 863 erit
1258 829 1307 863 ut
1330 835 1606 865 annuamus.

330 891 444 932 Item
466 892 629 932 iisdem
650 892 795 933 ferme
818 893 980 933 diebus
1002 893 1119 933 alter
1136 893 1323 945 juvenis
1343 894 1624 946 Patavinus,
1645 908 1750 937 cum
1767 908 1896 948 egre-

249 964 326 1014 gia
350 965 563 1016 corporis
582 964 735 1005 forma
756 971 854 1005 tum
875 965 1044 1005 mentis
1068 965 1243 1017 optima
1273 966 1427 1007 indole
1448 968 1704 1019 praeditus,
1730 969 1788 1009 ad
1808 982 1895 1009 nos

251 1048 300 1076 se
332 1037 547 1087 contulit,
581 1048 752 1087 magno
790 1036 1021 1077 desiderio
1058 1048 1160 1077 sese
1191 1037 1325 1078 nobis
1357 1037 1642 1090 adjungendi
1669 1039 1890 1091 flagrans.

253 1107 371 1147 Huic
391 1119 486 1147 non
507 1108 666 1148 statim
688 1108 988 1160 acquiescere
1016 1114 1352 1160 statueramus,
1384 1121 1675 1150 verum-cum
1697 1111 1796 1162 ipse
1818 1112 1895 1151 diu

250 1180 535 1232 multumque
578 1179 798 1229 instaret,
841 1180 999 1220 multis
1038 1180 1257 1232 precibus
1307 1181 1596 1221 contendens
1631 1182 1814 1222 admitti
1849 1183 1893 1222 in

254 1249 560 1301 Societatem,
581 1249 678 1301 jam
699 1251 889 1291 tandem
910 1251 1009 1291 Voti
1032 1263 1224 1303 compos
1246 1251 1437 1292 effectus
1458 1259 1541 1292 est.

329 1321 422 1362 Sex
450 1328 697 1373 praeterea
726 1328 966 1374 septemve
994 1322 1233 1371 mulieres,
1265 1334 1463 1375 quarum
1497 1323 1595 1364 vita
1622 1325 1895 1376 turpissimo

250 1394 491 1434 libidinum
530 1393 707 1445 gurgiti
742 1394 961 1434 immersa
1003 1400 1124 1444 erat,
1162 1399 1470 1446 posteaquam
1504 1395 1617 1435 mihi
1652 1395 1896 1436 confessae

251 1472 380 1516 sunt,
418 1466 482 1505 ita
517 1477 598 1505 eas
633 1471 899 1505 retroactae
935 1465 1063 1505 vitae
1096 1465 1343 1517 poenituit,
1381 1471 1430 1506 ut
1465 1466 1511 1505 in
1547 1466 1896 1507 Conversarum

252 1537 609 1586 monasterium,
634 1537 673 1577 si
694 1536 784 1577 loci
805 1537 1023 1588 angustia
1045 1536 1358 1588 permisisset,
1383 1537 1542 1577 statim
1564 1548 1665 1577 sese
1686 1538 1896 1590 recipere

252 1609 448 1659 vellent,
483 1620 561 1659 aC,
597 1608 824 1660 pristinae
849 1608 976 1648 Vitae
1004 1608 1175 1648 nuncio
1203 1607 1423 1659 remisso,
1459 1609 1775 1660 poenitentiae
1795 1609 1898 1650 reli-

252 1691 393 1732 quum
421 1691 556 1719 omne
584 1685 767 1730 tempus
796 1679 1073 1730 expendere.
1109 1678 1340 1730 Quocirca
1371 1679 1417 1719 id
1444 1691 1586 1720 unum
1615 1681 1895 1731 permultum

253 1763 381 1802 sane,
404 1750 558 1799 Pater,
582 1761 669 1802 ego
692 1750 1041 1802 desyderarem,
1065 1756 1114 1790 ut
1137 1750 1528 1802 quemadmodum
1549 1750 1739 1802 Romae,
1766 1752 1830 1791 ita
1851 1758 1895 1791 et

252 1823 327 1863 hic
358 1834 542 1875 quoque
570 1821 919 1862 Conversarum
948 1821 1224 1862 coenobium
1245 1827 1387 1873 esset,
1412 1828 1460 1862 ut
1492 1822 1530 1862 si
1561 1834 1680 1874 quae
1707 1823 1895 1873 vellent,

251 1894 462 1946 pristinis
483 1894 701 1934 sordibus
730 1892 994 1942 detestatiS,
1018 1893 1077 1932 ad
1097 1892 1338 1933 meliorem
1358 1893 1505 1933 vitam
1537 1904 1638 1934 sese
1668 1894 1894 1945 recipere,

253 1966 296 2006 id
320 1965 563 2006 commode
587 1977 642 2005 ac
665 1965 764 2005 sine
787 1964 1056 2005 difficultate
1079 1964 1246 2016 exequi
1267 1964 1464 2016 possint.

333 2037 475 2089 Vale,
498 2036 697 2077 Patavii.

332 2109 556 2160 Indignus
578 2108 720 2158 filius,

1443 2250 1677 2290 ELPIDIUS.
