2074 3179
235 109 305 145 434
744 106 971 143 LITTERAE
998 115 1357 148 QUADRIMESTRES

234 205 333 246 fieri
361 205 500 245 solet:
531 204 594 244 ita
622 204 799 255 eligunt
830 202 1028 253 vigilare
1064 213 1171 242 cum
1206 202 1538 254 quiescendum
1567 208 1711 253 esset,
1745 208 1795 242 ut
1825 209 1870 243 et

234 276 415 318 maritis
458 280 698 327 praestent
740 273 865 325 quod
900 273 1091 321 debent,
1136 278 1180 312 et
1215 273 1430 313 concioni
1466 273 1632 314 adesse
1670 273 1868 325 possint.

232 348 339 388 Scio
375 346 580 387 riderent
614 346 730 386 haec
760 344 838 396 qui
864 344 1100 396 sapientes
1134 343 1243 384 huic
1277 344 1464 384 saeculo
1499 344 1650 385 videri
1688 346 1868 396 volunt,

233 430 352 471 quae
382 418 602 458 Patribus
629 424 786 457 tamen
813 421 857 455 et
882 415 1127 455 Fratribus
1160 414 1335 454 nostris
1361 415 1409 455 in
1435 415 1623 456 Christo
1653 416 1867 456 charissi-

232 490 340 541 mis,
369 496 507 541 grata
535 489 634 529 fore
661 498 756 528 non
782 486 1071 535 dubitamus,
1104 486 1183 537 qui
1212 486 1427 538 spiritum
1456 497 1550 526 non
1580 498 1771 527 carnem
1800 499 1869 527 sa-

232 562 379 613 piunt.
402 561 475 601 Ex
494 560 566 600 his
587 570 702 599 vero
724 558 907 609 aliquae
928 557 991 598 ita
1012 557 1179 608 spiritu
1198 556 1404 607 fervent,
1436 563 1486 597 ut
1517 557 1659 597 etiam
1685 557 1757 597 his
1778 558 1867 598 die-

233 633 320 672 bus
341 632 489 672 altera
510 631 708 670 alteram
728 629 898 681 pugnis
919 640 1013 669 non
1033 627 1318 668 dubitaverit
1339 627 1536 668 caedere
1565 628 1688 679 quod
1718 627 1867 669 Socie-

232 703 319 744 tati
347 708 537 743 nostrae
572 701 855 741 detraheret.
883 699 988 740 Non
1019 699 1166 751 probo
1195 698 1320 751 quod
1355 699 1527 750 pugnis
1562 700 1870 750 contenderit,

231 774 437 827 oportuit
472 762 606 813 enim¹
630 784 797 813 manus
832 771 1098 822 continere;
1136 770 1218 810 sed
1253 770 1382 822 quid?
1417 770 1583 810 mulier
1617 770 1726 822 fuit,
1763 771 1871 823 quia

231 845 404 886 devota
425 851 571 895 esset,
597 856 624 884 a
646 843 937 884 detractione
958 842 1261 882 abhorrebat:
1296 841 1614 882 imbellicitate
1635 853 1749 882 vero
1771 854 1865 882 mu-

232 917 365 957 liebri
394 915 670 964 insurrexit,
695 921 744 955 ut
766 915 908 955 etiam
934 913 1105 965 pugnis
1134 918 1320 964 ageret,
1354 913 1432 952 ubi
1464 913 1616 964 magis
1643 913 1869 964 patientia

232 989 386 1029 fuerat
405 987 690 1028 necessaria.

314 1059 395 1099 Illa
434 1059 636 1099 fortasse
671 1058 825 1109 magis
858 1056 1153 1109 probabitur,
1193 1055 1410 1107 quamvis
1448 1067 1535 1095 nec
1574 1056 1664 1096 ista
1703 1056 1870 1108 impro-

232 1131 387 1171 banda
408 1131 487 1181 sit,
512 1130 588 1170 cui
611 1141 718 1170 cum
738 1129 936 1169 maritus
963 1128 1236 1184 minaretur,
1271 1127 1387 1167 adeo
1420 1127 1581 1178 etiam,
1615 1133 1664 1167 ut
1696 1127 1871 1168 diceret

231 1214 282 1242 se
303 1202 368 1242 illi
388 1202 538 1242 vitam
558 1207 910 1253 exempturum,
934 1200 974 1240 si
994 1200 1054 1239 ad
1074 1205 1286 1239 nostram
1307 1198 1578 1250 ecclesiam,
1602 1204 1651 1238 ut
1679 1210 1869 1239 consue-

237 1280 392 1325 verat,
429 1279 611 1313 veniret
648 1279 692 1312 et
726 1277 1025 1312 sacramenta
1060 1270 1399 1322 frequentaret,
1437 1269 1678 1321 respondit
1708 1269 1871 1309 humil-

234 1346 361 1385 lime:
386 1343 535 1384 facias
553 1343 677 1395 quod
695 1344 869 1395 placet,
894 1342 940 1382 in
957 1353 1100 1382 manu
1117 1347 1195 1381 tua
1213 1351 1339 1390 sum3
1363 1352 1601 1392 nunquam
1622 1352 1695 1380 me
1716 1346 1874 1380 tamen

236 1429 264 1456 a
302 1416 532 1456 charitate
569 1414 658 1455 Dei
693 1413 960 1466 separabis:
1003 1413 1067 1453 ita
1102 1412 1328 1464 patientia
1366 1418 1409 1451 et
1445 1411 1704 1451 humilitate
1743 1411 1871 1460 vicit,

235 1499 375 1539 quem
396 1487 641 1527 daemonis
664 1485 881 1537 impietas
902 1484 1287 1525 exacerbaverat.

311 1559 404 1599 Eas
433 1570 548 1598 vero
571 1558 674 1609 quis
695 1569 788 1597 non
808 1555 985 1607 laudet,
1009 1567 1129 1607 quae
1150 1567 1177 1595 a
1198 1555 1380 1607 pompis
1403 1561 1447 1594 et
1468 1554 1755 1594 vanitatibus
1788 1554 1869 1594 hu-

229 1630 305 1682 jus
326 1630 503 1670 saeculi
524 1629 587 1669 ita
607 1629 694 1669 sibi
716 1634 979 1680 temperant
1003 1627 1186 1679 (quibus
1207 1632 1364 1666 tamen
1384 1626 1528 1678 prius,
1553 1631 1603 1665 ut
1624 1631 1693 1665 est
1715 1625 1870 1665 mulie-

236 1714 337 1743 rum
358 1707 544 1752 natura,
568 1713 688 1752 quae
709 1700 944 1740 vanitates
966 1705 1010 1740 et
1026 1710 1224 1751 pompas
1241 1698 1417 1749 fovent,
1442 1709 1737 1749 summopere
1756 1696 1871 1736 dele-

234 1772 501 1823 ctabantur)
530 1779 579 1812 ut
611 1778 801 1824 torques
830 1777 969 1823 atque
999 1771 1197 1810 annulos
1225 1768 1433 1809 vendant
1462 1780 1552 1820 quo
1587 1768 1872 1819 pauperibus

231 1844 533 1886 subveniant?
562 1843 695 1883 Nunc
717 1843 840 1883 enim
861 1842 1047 1883 Christo
1069 1842 1265 1881 libenter
1293 1839 1508 1891 offerunt,
1535 1851 1653 1891 quae
1674 1839 1804 1891 prius
1826 1845 1873 1879 ut

231 1929 282 1957 se
303 1916 476 1956 mundo
499 1921 804 1965 ostentarent,
828 1914 1001 1954 habere
1023 1918 1323 1964 curaverant,
1348 1917 1393 1951 et
1413 1917 1605 1964 propter
1634 1910 1872 1951 Christum

230 1993 550 2038 contemnunt,
582 1998 701 2038 quae
723 1992 918 2038 propter
938 1985 1163 2025 mundum
1185 1983 1469 2033 dilexerant;
1500 1988 1547 2022 ut
1577 1993 1776 2034 quarum
1806 1993 1873 2021 re-

230 2071 334 2099 rum
352 2070 511 2099 amore
535 2064 673 2098 antea
696 2057 912 2098 Creatori
933 2067 1017 2096 suo
1046 2055 1396 2107 displicuerant,
1429 2065 1591 2094 earum
1620 2065 1743 2093 nunc
1765 2064 1869 2092 con>

232 2136 409 2182 temptu
445 2130 511 2170 illi
545 2131 732 2182 placere
759 2129 958 2181 possint,
990 2138 1076 2167 nec
1110 2127 1234 2167 enim
1262 2131 1373 2166 tunc
1396 2125 1569 2165 mundo
1599 2125 1663 2164 ita
1693 2123 1872 2164 confor-

230 2203 351 2242 mari
372 2202 682 2251 conabantur,
702 2206 840 2251 atque
862 2211 985 2240 nunc
1003 2198 1190 2239 Christo
1209 2210 1258 2238 se
1275 2197 1450 2237 similes
1472 2196 1668 2236 reddere
1685 2201 1871 2235 conten-

231 2275 368 2314 dunt:
390 2273 682 2313 orationibus
700 2272 946 2323 diligenter
964 2277 1159 2321 vacant3
1180 2282 1206 2310 a
1226 2268 1413 2320 jejuniis
1437 2280 1550 2308 vero
1575 2278 1716 2318 saepe
1741 2278 1870 2318 opor-

231 2351 295 2384 tet
326 2356 406 2384 eas
437 2356 463 2384 a
499 2343 800 2384 confessariis
829 2342 1089 2394 prohiberi,
1121 2341 1288 2392 quibus
1314 2340 1380 2380 ita
1409 2339 1644 2390 obediunt,
1681 2344 1731 2378 ut
1760 2337 1875 2377 nihil

229 2416 318 2456 sibi
334 2416 473 2455 licere
490 2415 759 2455 existiment
777 2413 900 2466 quod
917 2413 981 2453 illi
998 2424 1093 2453 non
1108 2411 1426 2452 concesserint
1444 2416 1524 2450 aut
1535 2408 1871 2462 prohibuerint,

230 2488 405 2527 multae
443 2498 557 2526 vero
592 2498 728 2537 quae,
765 2492 815 2526 ut
851 2483 1140 2525 ornamentis
1173 2482 1490 2532 abundarent,
1528 2480 1742 2520 manibus
1778 2479 1874 2519 suis

233 2558 409 2610 aliquid
430 2557 519 2598 sibi
540 2568 709 2609 parare
737 2556 1008 2606 studebant,
1038 2567 1163 2595 nunc
1185 2554 1387 2605 Christo,
1415 2564 1539 2593 nunc
1570 2551 1870 2603 pauperibus,

232 2641 358 2669 nunc
381 2629 593 2669 ecclesiis
614 2629 844 2668 laborant.
870 2627 992 2678 Quot
1022 2626 1146 2666 enim
1167 2625 1357 2666 fuerunt
1384 2635 1504 2675 quae
1531 2622 1769 2663 bombices
1795 2633 1873 2662 nu-

237 2701 451 2751 trierunt,
489 2705 538 2740 ut
566 2700 806 2750 haberent,
837 2704 916 2738 aut
952 2697 1075 2750 quod
1110 2696 1395 2748 pauperibus
1430 2694 1758 2745 elargirentur,
1796 2699 1875 2733 aut

231 2772 355 2812 unde
378 2771 567 2824 aliquod
588 2770 800 2811 ecclesiis
824 2774 1152 2810 ornamentum
1174 2766 1479 2808 conficerent!
1502 2765 1691 2805 Nobiles
1720 2770 1875 2805 autem

236 2844 353 2883 istae
374 2849 482 2883 sunt
503 2849 548 2883 et
570 2842 755 2893 divites,
779 2841 947 2893 quibus
967 2839 1103 2879 facile
1125 2838 1423 2891 permittitur,
1448 2842 1497 2876 ut
1518 2848 1574 2876 ea
1592 2836 1652 2876 ad
1671 2836 1874 2887 gloriam

231 2912 321 2954 Dei
342 2914 590 2955 conferant
612 2920 655 2954 et
678 2913 855 2954 faciant
878 2923 997 2963 quae
1013 2910 1143 2962 prius
1167 2910 1226 2950 ad
1255 2899 1392 2961 hujus
1422 2907 1598 2949 saeculi
1613 2907 1873 2948 vanitatem
