2074 3179
888 175 972 212 AN.
1003 175 1094 212 1552
1735 174 1807 210 4s7

169 275 300 314 Rmus
326 273 557 314 Dominus
586 273 835 324 Inquisitor
862 284 955 312 non
982 273 1267 312 mediocrem
1295 271 1401 322 (qua
1433 281 1614 321 semper
1648 269 1801 310 Socie-

168 352 310 385 tatem
336 349 613 396 prosecutus
641 345 725 391 est)
759 343 1134 383 benevolentiam
1164 348 1208 382 et
1239 341 1626 393 approbationem
1654 340 1803 390 signis

168 416 292 456 haud
313 415 523 455 obscuris
543 415 744 466 aperuit,
770 414 848 465 qui
877 413 980 453 Rdi.
1012 413 1164 453 Patris
1185 413 1292 453 Dni.
1325 411 1456 452 Pauli
1483 411 1690 451 rationes
1712 418 1801 451 stu-

168 487 295 526 diose
316 486 431 526 satis
453 492 497 526 et
519 485 721 525 officiose
743 485 990 524 videbatur
1012 484 1290 535 approbare.

246 556 296 597 In
317 557 523 597 adventu
543 556 752 603 Domini,
778 561 963 607 praeter
985 555 1148 595 solitas
1176 560 1220 594 et
1251 553 1465 594 assiduas
1499 552 1689 593 Domini
1721 553 1800 593 Pe-

164 628 223 668 tri
258 628 313 668 de
348 627 661 667 Rivadcneira
696 634 744 667 et·
774 626 870 667 D.ni
902 625 1144 666 Michaelis
1178 625 1341 666 Botelli
1376 624 1647 674 concioneS,
1684 637 1801 675 quas

168 700 241 739 ille
262 699 487 739 hactenus
509 699 555 738 in
577 698 686 738 Divi
707 697 901 738 Antonii
923 698 1029 749 (quo
1047 697 1284 737 confluunt
1306 695 1513 748 quotidie
1529 696 1686 746 plures
1708 707 1802 734 non

168 771 417 821 populares
438 769 519 810 sed
540 775 583 809 et
603 780 778 820 graves
799 775 843 808 et
864 780 1063 819 magnae
1093 767 1357 808 autoritatis
1378 767 1484 817 viri,
1510 767 1676 818 quibus
1698 778 1804 806 cum

167 842 353 881 fervore
375 841 579 881 maximo
601 846 698 880 tum
720 840 933 880 doctrina
954 839 1305 879 concionatoris
1326 838 1561 878 uberrima
1584 838 1801 877 satisfieri

169 913 319 963 magis
340 924 395 952 ac
422 912 574 963 magis
600 922 856 963 progressu
886 911 1109 962 temporis
1139 909 1579 955 animadvertimus)
1605 909 1801 959 singulis

166 982 409 1023 dominicis
431 988 475 1022 et
497 982 709 1022 omnibus
730 982 863 1032 quasi
894 981 1072 1021 feriatis
1100 981 1282 1031 diebus,
1307 980 1382 1020 hic
1410 980 1607 1030 singulis
1635 980 1799 1019 mensi-

168 1055 251 1093 bus
273 1064 413 1093 unam
435 1052 495 1092 ad
516 1053 724 1103 publicas
746 1052 963 1092 mulieres
992 1052 1142 1103 primo
1163 1063 1346 1102 quoque
1368 1051 1440 1091 die
1461 1051 1662 1101 sabbati,
1688 1052 1802 1090 alte-

166 1136 266 1164 ram
284 1123 343 1163 ad
360 1123 538 1163 nobiles
553 1129 793 1162 matronas
809 1123 960 1174 prima
978 1134 1159 1174 quaque
1177 1122 1411 1162 dominica
1428 1121 1615 1171 mensis,
1631 1121 1800 1161 habue-

166 1201 273 1235 runt
302 1200 345 1234 et
376 1194 548 1234 habere
584 1194 757 1245 absque
794 1195 887 1233 ulla
924 1193 1059 1233 officii
1094 1194 1438 1233 intermissione
1473 1198 1798 1244 perseverant.

167 1265 340 1305 Haberi
360 1264 559 1304 diversis
588 1265 635 1304 in
665 1265 962 1304 monasteriis
993 1265 1189 1315 singulis
1218 1264 1466 1304 dominicis
1493 1264 1612 1303 aliae
1641 1275 1800 1314 coepe-

166 1342 288 1376 runt.
311 1335 360 1376 P.
385 1335 615 1375 Dominus
635 1335 800 1375 Petrus
821 1335 1059 1375 Venustus
1087 1336 1391 1375 concionatus
1413 1341 1482 1375 est
1504 1335 1550 1374 in
1573 1335 1799 1375 coenobio

168 1407 423 1457 virginum,
448 1406 675 1446 Dominus
692 1406 893 1445 Michael
914 1406 1118 1445 Botellus
1136 1406 1259 1457 apud
1276 1417 1449 1445 novam
1465 1406 1638 1445 dictam
1656 1406 1799 1456 vulgo

169 1478 422 1526 abbatiam,
462 1476 592 1528 cujus
627 1478 840 1517 coenobii
874 1478 1133 1517 monachae
1169 1478 1472 1517 concionibus
1507 1477 1629 1516 illius
1665 1476 1802 1525 (sicut

168 1550 297 1600 ipsae
318 1548 613 1600 profitentur)
632 1549 746 1588 mire
769 1548 1046 1588 afficiuntur.
1065 1549 1181 1599 Ego,
1202 1549 1418 1600 quamvis
1435 1548 1494 1588 ad
1512 1548 1600 1587 hoc
1616 1559 1799 1597 munus,

171 1620 290 1660 sicut
312 1620 371 1660 ad
398 1625 607 1669 caetera,
638 1619 765 1659 rudis
787 1626 831 1659 et
858 1620 1063 1671 ineptus,
1094 1619 1217 1670 apud
1248 1619 1397 1659 dictas
1424 1620 1568 1669 vulgo
1598 1618 1801 1658 Conver-

170 1702 248 1731 sas
269 1703 371 1731 sum
392 1691 718 1741 concionatuS,
744 1703 943 1742 quarum
965 1691 1242 1731 coenobium
1270 1690 1494 1730 beneficio
1524 1689 1804 1729 concionum

170 1761 361 1802 Domini
380 1761 641 1812 Michaelis,
673 1767 896 1813 operante
925 1774 1007 1813 per
1032 1774 1137 1802 eum
1158 1761 1379 1809 Domino,
1404 1762 1669 1809 nonnullae,
1694 1771 1805 1800 suas

169 1833 427 1873 detestatae
458 1833 640 1883 sordeS,
676 1833 860 1884 ingredi
888 1834 1156 1883 voluerunt;
1181 1833 1262 1872 sed
1291 1832 1488 1884 penuria
1514 1843 1671 1871 rerum
1699 1843 1804 1870 con-

173 1904 315 1944 victui
342 1904 716 1944 necessariarum
743 1904 950 1944 nondum
976 1904 1162 1944 fuerunt
1190 1904 1438 1943 admissae.
1471 1902 1670 1953 Quidam
1698 1902 1805 1941 Visi-

171 1980 329 2015 tarunt
351 1987 408 2014 ex
428 1975 601 2014 nostris
629 1974 902 2025 hospitalia,
937 1980 986 2014 ut
1013 1974 1220 2014 infirmos
1242 1974 1441 2026 privatis
1468 1973 1806 2014 adhortationi-

171 2046 255 2085 bus
289 2052 333 2086 et
368 2045 455 2096 piis
491 2044 886 2086 admonitionibus
920 2046 1297 2093 consolarentur,
1334 2051 1383 2084 ut
1417 2045 1495 2096 qui
1530 2044 1806 2095 corporibus

171 2129 263 2156 non
296 2122 533 2168 poterant,
572 2117 761 2166 animis,
786 2116 942 2168 quoad
964 2128 1126 2156 eorum
1159 2116 1259 2156 fieri
1286 2122 1464 2167 posset,
1489 2115 1802 2155 mederentur.

174 2187 403 2227 Dominus
441 2187 612 2227 Paulus
653 2194 823 2228 octava
863 2187 1082 2227 Omnium
1120 2186 1402 2227 Sanctorum
1441 2197 1696 2238 aggressus
1735 2191 1805 2225 est

172 2258 431 2309 Epistolam
462 2258 520 2298 ad
554 2258 790 2298 Romanos
823 2258 933 2298 Divi
967 2258 1121 2308 Pauli,
1160 2270 1300 2309 quarn
1334 2258 1581 2298 lectionem
1610 2257 1807 2307 singulis

171 2329 417 2369 dominicis
438 2329 554 2369 hora
575 2330 897 2380 pomeridiana
928 2329 974 2369 in
1004 2329 1116 2369 Divi
1137 2329 1330 2369 Antonii
1351 2329 1667 2380 prosequitur,
1691 2334 1735 2367 et
1758 2328 1805 2366 in

171 2401 376 2451 gratiam
403 2401 698 2452 popularium
723 2401 979 2441 vernacula
1012 2401 1193 2451 lingua,
1227 2412 1367 2452 quam
1398 2400 1617 2440 facillime
1639 2405 1805 2450 potest,

174 2473 526 2523 interpretatur,
551 2477 594 2511 et
616 2478 664 2511 ut
692 2484 811 2523 quae
838 2472 1074 2523 copiosius
1103 2483 1329 2523 processu
1349 2471 1561 2511 lectionis
1582 2470 1807 2521 explicuit

172 2542 340 2582 minori
366 2542 556 2593 negotio
587 2542 829 2582 rudiorum
855 2549 1034 2583 mentes
1061 2544 1448 2593 complectantur,
1473 2541 1808 2592 compendiosa

173 2614 532 2666 praecipuorum
563 2614 769 2665 capitum
798 2614 1096 2665 repetitione,
1126 2626 1309 2654 necnon
1336 2614 1469 2653 brevi
1496 2613 1555 2653 ad
1586 2614 1808 2664 populum

172 2685 311 2724 rebus
341 2684 586 2736 explicatis
617 2684 924 2725 accomodata
954 2686 1207 2726 monitione
1237 2697 1373 2725 suum
1403 2684 1682 2724 concludere
1714 2694 1806 2722 ser-

175 2765 361 2795 monem
382 2755 641 2795 consuevit.

254 2825 448 2877 Insuper
468 2826 662 2877 singulis
684 2825 844 2867 diebus
862 2827 1048 2867 veneris
1070 2826 1333 2867 doctrinam
1352 2826 1657 2866 christianam
1673 2825 1805 2865 disci-

178 2897 298 2945 pulis
319 2897 532 2936 omnibus
549 2897 876 2948 explicandam
897 2898 1123 2949 suscepit,
1153 2909 1271 2948 quae
1298 2909 1387 2948 quo
1416 2897 1600 2937 facilius
1627 2903 1672 2952 et
1700 2908 1806 2947 puc—

179 2978 341 3006 rorum
368 2967 621 3007 memoriae
647 2968 858 3008 tenacius
887 2969 1125 3019 infigatur,
1155 2980 1321 3008 curare
1348 2969 1466 3008 solet
1491 2974 1540 3008 ut
1561 2980 1588 3008 a
1611 2967 1806 3015 duobus,
