2074 3179
915 141 954 177 A
961 152 998 177 Ν.
1030 141 1117 177 1551
1760 143 1829 180 423

203 237 562 277 adscribendum
582 249 675 277 non
696 238 773 278 sit?
793 238 853 278 Ut
874 238 1016 288 igitur
1037 244 1316 288 arrogantes
1337 243 1380 277 et
1398 249 1604 278 essemus
1626 240 1762 279 nimis
1784 247 1826 280 et

198 305 529 357 judicaremur,
553 308 593 348 si
613 320 754 359 opera
778 307 978 360 Spiritus
999 307 1161 349 Sancti
1181 309 1315 348 nobis
1336 314 1415 348 aut
1438 309 1598 349 virtuti
1620 316 1824 361 nostrae,

203 389 320 429 quae
339 379 466 418 nulla
486 385 571 429 est,
595 379 981 429 adscriberemus;
1002 380 1065 419 ita
1081 380 1222 420 etiam
1237 392 1264 420 a
1282 380 1452 431 pietate
1470 380 1734 420 videremur
1752 381 1825 421 de—

201 449 389 500 clinare,
414 449 453 489 si
474 461 593 501 quae
615 463 641 490 a
662 449 763 491 Deo
784 451 882 490 fieri
903 457 947 490 et
968 451 1298 501 cognoscimus
1320 456 1364 490 et
1384 450 1599 500 fatemur,
1630 464 1685 491 ea
1715 464 1825 503 quo-

200 531 286 571 que
309 525 582 560 taceremus.
608 521 671 561 At
691 533 842 574 pauca
864 522 941 561 illa
962 528 1082 561 sunt.
1109 521 1231 572 Quid
1252 521 1465 573 prohibet
1486 520 1637 561 Deum
1653 522 1699 561 in
1716 534 1826 573 pau-

198 590 265 630 cis
284 591 495 632 laudare?
517 604 623 632 cum
642 593 918 644 praesertim
939 593 997 632 ad
1020 593 1064 632 id
1086 593 1226 632 etiam
1248 592 1538 632 obedientiae
1554 600 1823 644 praecepto,

197 673 316 712 quac
337 662 540 703 victimis
560 669 784 715 praestat,
808 664 1114 715 impellamur,
1139 670 1187 703 ut
1203 662 1243 703 si
1262 664 1397 704 nobis
1414 663 1709 703 scribendum
1731 677 1823 704 non

197 739 332 784 esset,
352 745 443 785 quo
460 734 547 774 Dei
564 735 829 786 benignitas
845 735 1115 775 laudaretur
1132 741 1175 775 et
1192 734 1619 775 misericordiarum
1635 747 1823 775 suarum

196 805 484 856 magnitudo,
500 817 639 857 quam
654 806 728 846 ille
744 806 1068 858 peccatoribus
1085 812 1305 857 praestat,
1321 811 1699 857 cognosceretur,
1721 806 1824 846 obc—

195 875 396 916 dientiae
416 882 572 916 tamen
592 877 802 917 instituto
823 877 869 917 id
888 877 1022 917 nobis
1044 877 1230 917 omnino
1251 877 1516 917 faciendum
1537 877 1676 916 esset?

274 946 500 996 Quamvis
521 953 565 987 et
586 948 731 987 altera
749 948 796 988 in
812 948 946 988 nobis
962 948 1082 988 ratio
1100 948 1350 998 invenitur,
1370 959 1462 999 qua
1478 947 1569 987 hoc
1587 947 1823 988 scribendi

192 1027 358 1056 munus
387 1018 706 1058 necessarium
731 1019 866 1059 nobis
902 1026 945 1058 et
980 1019 1089 1058 utile
1124 1019 1351 1058 ducimus.
1388 1018 1451 1058 At
1486 1030 1717 1070 quaenam
1752 1025 1821 1058 est

190 1087 305 1127 haec
326 1088 465 1128 ratio?
486 1089 711 1139 desidiae,
730 1089 892 1139 Pater,
916 1095 1056 1141 atque
1073 1090 1277 1141 torporis
1297 1090 1448 1130 nostri
1465 1090 1719 1140 expositi03
1744 1090 1818 1130 de-

189 1158 396 1198 claratur
416 1159 553 1208 enim,
577 1160 760 1210 quoties
781 1160 1048 1211 scribimus,
1074 1160 1290 1200 Patribus
1313 1166 1357 1200 et
1383 1160 1606 1200 fratribus
1626 1161 1816 1210 nostris,

187 1240 213 1268 a
235 1229 400 1280 quibus
420 1229 572 1269 minus
594 1231 803 1270 locorum
824 1231 1045 1271 distantia
1066 1231 1422 1282 cognoscimur,
1448 1232 1610 1283 quales
1643 1231 1732 1282 ipsi
1763 1232 1819 1271 si-

185 1310 301 1339 mus.
324 1299 455 1340 Bona
476 1300 662 1351 quidem
684 1302 956 1351 scribemus,
982 1302 1062 1342 sed
1083 1313 1248 1353 pauca;
1273 1302 1320 1341 in
1336 1302 1469 1342 bonis
1486 1301 1638 1342 Deum
1659 1303 1818 1342 lauda-

185 1371 312 1421 bunt,
335 1383 362 1410 a
383 1383 474 1422 quo
498 1383 634 1412 omne
654 1372 842 1423 bonum;
866 1373 913 1412 in
933 1374 1117 1424 paucis,
1148 1379 1338 1413 nostrae
1366 1373 1710 1413 miserebuntur
1739 1385 1818 1413 ne-

182 1442 456 1493 gligentiae;
479 1442 701 1493 dicerem,
726 1444 1038 1495 accusabunt3
1063 1444 1108 1484 id
1129 1444 1252 1484 enim
1271 1445 1424 1495 magis
1446 1456 1700 1493 meremur;
1736 1445 1818 1485 sed

182 1524 239 1552 ne
260 1513 325 1553 ita
348 1514 527 1565 loquar,
560 1526 647 1565 me,
679 1520 773 1564 tua,
804 1515 943 1555 Pater
973 1516 1020 1555 in
1050 1515 1236 1556 Christo
1267 1515 1392 1565 Rssst,
1427 1521 1814 1567 caeterorumque

182 1583 372 1624 Patrum
392 1590 437 1625 et
464 1584 687 1626 Fratrum
713 1586 921 1626 omnium
949 1586 1156 1626 charitas
1182 1586 1392 1638 impedit,
1424 1598 1542 1638 quae
1570 1587 1814 1638 pigrorum

181 1655 332 1706 magis
352 1656 563 1696 misereri
583 1669 724 1708 quam
751 1669 831 1697 eos
858 1669 1084 1697 accusare
1112 1658 1371 1698 consuevit.
1402 1657 1524 1708 Quid
1550 1657 1693 1708 igitur
1721 1669 1813 1697 non

180 1726 376 1767 libenter
396 1739 451 1767 ea
471 1728 748 1779 scribamus,
772 1741 891 1780 quae
909 1728 1009 1769 Deo
1030 1729 1230 1779 gloriam
1247 1729 1431 1780 parient
1452 1735 1509 1778 et,
1535 1741 1641 1769 cum
1659 1729 1817 1768 vultus

177 1802 364 1837 nostros
384 1798 561 1849 pudore
581 1799 883 1851 perfuderint,
906 1800 1277 1840 misericordiam
1298 1812 1481 1852 quoque
1508 1800 1641 1840 nobis
1669 1800 1811 1850 impe-

179 1867 386 1908 trabunt?
407 1868 609 1909 Tantum
635 1870 757 1910 enim
785 1871 930 1919 abest,
960 1877 1009 1910 ut
1036 1871 1144 1910 hinc
1172 1871 1357 1911 laudari
1385 1877 1463 1910 aut
1498 1871 1696 1910 velimus
1732 1876 1814 1910 aut

178 1949 432 1989 speremus,
455 1946 504 1980 ut
524 1942 824 1981 accusatione
847 1941 1015 1992 dignos
1037 1953 1138 1981 esse
1160 1953 1245 1981 nos
1265 1941 1514 1992 fateamur,
1535 1942 1670 1993 plura
1687 1954 1814 1982 nam-

177 2020 265 2059 que
286 2009 414 2050 Deus
440 2010 649 2062 fecisset,
683 2012 723 2051 si
750 2012 795 2052 id
824 2012 911 2062 ipsi
939 2023 1208 2063 ageremus,
1239 2018 1288 2052 ut
1317 2024 1423 2052 cum
1451 2012 1681 2063 propheta
1710 2024 1811 2063 pos-

176 2080 321 2120 simus
342 2081 518 2122 dicere:
536 2086 768 2133 paratum
789 2094 869 2122 cor
899 2095 1074 2131 meum,
1098 2084 1230 2122 Dens
1245 2116 1256 2133 ,
1271 2087 1503 2134 paratum
1530 2094 1611 2123 cor
1643 2095 1815 2126 meum,

177 2156 229 2191 nt
239 2152 426 2202 faciam
448 2153 743 2193 voluntatem
764 2157 910 2194 tetam.

254 2222 344 2263 Sed
360 2223 457 2275 jam
478 2223 730 2275 aggrediar
750 2236 870 2276 quae
891 2224 987 2264 dixi
1008 2225 1181 2264 habere
1212 2231 1260 2264 ut
1293 2225 1563 2265 scriberem.
1596 2224 1750 2277 Atque
1781 2238 1808 2265 a

176 2293 276 2334 R.d0
303 2295 348 2334 in
371 2294 555 2335 Christo
577 2294 625 2335 P.
654 2301 815 2336 nostro
843 2295 998 2336 Natali
1028 2296 1270 2347 incipiam,
1303 2295 1432 2346 cujus
1462 2296 1626 2348 spiritu
1654 2302 1698 2336 et
1729 2298 1809 2337 ali-

175 2377 279 2405 mur
299 2371 343 2405 et
363 2367 594 2406 nutrimur
616 2378 777 2407 omnes
798 2367 844 2406 in
860 2366 1077 2407 Domino.
1099 2366 1334 2417 Quantum
1351 2367 1475 2407 enim
1492 2367 1639 2418 prosit
1655 2368 1807 2418 nobis,

173 2443 271 2476 tum
291 2437 494 2477 maxime
515 2437 739 2477 sentimus
761 2449 866 2477 cum
888 2438 965 2477 illo
988 2449 1217 2477 caremus.
1243 2437 1356 2488 Quis
1378 2438 1501 2478 enim
1531 2450 1584 2478 eo
1616 2438 1807 2489 diligen-

173 2508 276 2556 tior,
307 2514 385 2548 aut
411 2507 697 2548 ferventior?
726 2509 913 2560 quando
941 2509 1164 2560 quiescit?
1191 2521 1218 2548 a
1245 2509 1411 2559 quibus
1447 2509 1533 2549 sibi
1568 2510 1809 2550 laboribus

172 2579 342 2630 parcit?
363 2578 547 2630 quando
568 2578 656 2618 Dei
675 2580 854 2630 gloriae
875 2586 920 2620 et
940 2581 1265 2632 proximorum
1287 2581 1426 2620 saluti
1447 2592 1540 2620 non
1568 2580 1804 2631 invigilat?

174 2649 289 2690 Cum
312 2650 457 2700 igitur
479 2649 719 2690 audiretur
749 2651 948 2691 classem
977 2657 1217 2691 turcarum
1244 2651 1512 2691 Messanam
1532 2651 1805 2703 adventare,

171 2721 385 2772 cogitans
406 2721 481 2760 ille
501 2726 725 2772 quantum
745 2721 793 2761 in
814 2723 1025 2762 oratione
1045 2723 1269 2774 praesidii
1289 2723 1494 2774 positum
1509 2728 1645 2769 esset,
1668 2734 1800 2763 cura-

172 2792 240 2831 vit
259 2803 313 2831 eo
334 2791 601 2843 diligentius
622 2798 671 2832 ut
691 2793 733 2832 ei
752 2793 1059 2844 insisteretur,
1083 2805 1175 2845 quo
1197 2794 1338 2834 etiam
1359 2792 1509 2844 majus
1524 2794 1632 2833 huic
1652 2805 1799 2844 regno

172 2867 217 2902 et
245 2863 494 2903 universae
522 2862 695 2903 Christi
723 2863 961 2904 Ecclesiae
989 2865 1248 2916 periculum
1280 2865 1521 2905 imminere
1548 2864 1802 2905 videretur.

172 2933 380 2985 Cumque
409 2940 570 2984 ageret
597 2934 654 2974 de
681 2935 753 2974 his
782 2936 921 2976 rebus
949 2936 1072 2987 apud
1102 2935 1374 2987 Pro-regem
1403 2935 1556 2987 (cujus
1583 2936 1802 2988 pietatem
