2074 3179
839 124 918 162 Au.
951 124 1040 162 1530
1692 126 1758 163 181

127 222 350 274 pulissent
371 227 509 273 atque
532 222 597 261 eis
618 222 674 261 de
702 222 914 262 omnibus
949 221 1246 271 necessariis,
1278 228 1376 261 tum
1413 221 1471 261 ad
1509 222 1755 262 habitatio-

121 301 231 332 nem
248 298 346 332 tum
362 292 421 332 ad
434 292 587 332 studia
603 292 937 343 spectantibus,
961 291 1139 332 affatim
1157 292 1344 331 omnino
1362 292 1603 343 provisum
1620 300 1757 343 esset,

126 371 456 415 praeterquam
486 362 608 414 quod
640 362 804 404 domus
836 363 902 404 eis
929 363 986 402 ab
1016 363 1145 403 initio
1176 362 1412 413 dedicata,
1443 374 1545 402 meo
1574 363 1756 414 quidem

122 433 312 484 judicio,
337 435 566 485 omnium,
591 446 710 486 quae
733 434 779 474 in
800 434 888 474 hac
911 434 1101 474 civitate
1126 434 1435 485 reperiuntur,
1466 439 1534 474 est
1556 445 1757 474 commo-

125 505 338 555 dissima,
363 511 460 545 tum
480 511 671 556 propter
702 505 936 553 cubicula,
961 505 1103 544 multa
1134 516 1281 556 eaque
1303 504 1503 556 optima,
1529 511 1626 544 tum
1656 516 1757 556 pro-

124 582 225 627 pter
252 576 375 616 horti
403 576 793 627 magnitudinem,
827 583 923 617 tum
954 576 1095 616 etiam
1121 583 1313 627 propter
1343 576 1609 616 scholarum
1634 587 1758 616 corn-

122 647 407 698 moditatem‚
431 649 613 699 quaein
635 654 767 699 parte
791 648 913 688 horti
935 646 1091 687 domui
1113 653 1237 687 stant
1259 647 1524 698 oppositae,
1550 654 1689 699 atque
1711 648 1757 687 in

122 718 367 769 principali
389 720 568 769 platea,
591 730 709 770 quae
731 719 778 758 in
799 725 960 759 centro
983 718 1116 770 quasi
1147 725 1215 757 est
1247 718 1475 767 civitatiS,
1507 718 1755 758 terminan-

123 793 209 835 tur,
241 789 347 828 licet
369 789 426 829 ob
461 789 549 829 hoc
585 796 791 829 remotae
822 789 1083 839 videantur,
1120 789 1341 840 quoniam
1374 789 1528 828 nullus
1559 790 1756 829 sentitur

122 860 343 911 strepitus
365 866 407 900 et
431 861 535 900 aliis
551 860 764 900 domibus
780 872 874 900 non
891 867 997 900 sunt
1019 860 1351 900 circumdatae.

202 930 410 970 Reverso
431 931 573 971 etiam
592 943 651 971 ex
680 930 899 971 Messana
930 943 1035 971 cum
1066 931 1114 970 P.
1138 932 1327 982 Laynez
1348 930 1595 982 Pro-rege,
1621 931 1751 971 initia

122 1001 286 1041 studiis
307 1007 414 1042 sunt
435 1002 544 1042 data
565 1002 630 1042 ita
658 1009 706 1042 ut
734 1002 779 1041 in
808 1001 851 1042 S.
886 1001 1169 1042 Catharinae
1199 1001 1339 1052 festo,
1368 1008 1614 1053 praesente
1644 1001 1750 1042 Pro-

121 1083 232 1123 rege
266 1079 455 1124 totaque
487 1073 692 1123 civitate,
731 1085 837 1113 cum
871 1073 1025 1113 multis
1057 1074 1306 1121 nobilibus,
1345 1073 1526 1113 eximiis
1561 1074 1676 1113 viris
1706 1080 1751 1114 et

122 1145 305 1193 populo,
330 1144 449 1183 duae
470 1144 656 1183 habitae
678 1151 784 1183 sunt
805 1144 1048 1190 lectiones,
1075 1145 1220 1183 altera
1243 1145 1289 1183 in
1312 1144 1570 1195 theologia,
1601 1145 1749 1185 altera

119 1328 335 1361 attingantur
358 1328 563 1363 summatim,
586 1329 619 1356 in
634 1337 697 1363 quo
714 1330 846 1356 omnino
864 1333 934 1356 tres
949 1329 1076 1356 vetusti
1093 1329 1234 1361 codices,
1253 1337 1334 1363 quos
1350 1337 1412 1363 ego
1428 1330 1508 1363 vidi,
1523 1330 1748 1357 consentiunt.

118 1373 169 1401 Ex
185 1375 225 1402 iis
240 1380 354 1403 autem
370 1377 444 1408 duo,
460 1377 564 1404 latine
580 1377 775 1411 conscripti,
801 1377 849 1403 ita
874 1377 1016 1404 habent:
1041 1377 1179 1410 primus,
1204 1377 1297 1411 isque
1323 1377 1575 1404 vetustissimus
1590 1378 1748 1405 omnium:

118 1422 178 1449 “ab
193 1422 328 1457 Ignatio
342 1424 459 1451 eodem
482 1431 568 1451 anno
592 1431 648 1456 x11.
675 1425 831 1452 nimirum
856 1424 1015 1451 Nicolaus
1038 1423 1198 1459 Lanoyus
1223 1423 1364 1458 Collegii
1388 1425 1586 1459 designatus
1612 1425 1748 1459 Rector,

121 1469 243 1496 Paulus
269 1471 431 1504 Achilles,
459 1471 579 1499 Petrus
600 1471 782 1504 Venustus,
808 1471 931 1499 Petrus
955 1471 1199 1504 Ribadeneira,
1225 1472 1371 1505 Joannes
1396 1472 1579 1506 Rogerius,
1604 1473 1747 1500 Michael

122 1517 279 1551 Botellus,
298 1518 442 1546 Sanctus
457 1518 645 1552 Navarrus,
672 1519 832 1546 Nicolaus
856 1519 1115 1551 Stisoferratus,
1138 1520 1284 1552 Joannes
1308 1520 1465 1554 Baptista
1491 1521 1748 1556 Sanctopetrus,

120 1573 159 1592 ac
176 1570 246 1592 tres
260 1570 452 1600 praeterea,
469 1566 661 1601 Septembri
677 1574 789 1594 mense
813 1568 960 1601 ineunte,
982 1568 1194 1601 mittunturz„
1209 1575 1228 1595 a
1245 1575 1308 1602 quo
1323 1575 1462 1595 numero
1484 1568 1646 1600 Jacobum
1663 1567 1750 1603 Lay-

118 1614 219 1644 nium,
237 1612 481 1649 Hieronymum
506 1614 783 1649 Domenechium,
809 1619 841 1642 et
864 1614 1065 1648 juvenalem
1089 1615 1283 1642 Busterium
1307 1620 1425 1649 aperte
1449 1616 1610 1648 excludit,
1637 1615 1748 1642 subdit

117 1660 215 1687 enim:
233 1660 283 1687 “hi
308 1660 350 1688 ad
371 1668 428 1687 xn.
453 1661 583 1689 calend.
611 1661 768 1689 Octobris
792 1662 996 1690 Panormum
1020 1662 1168 1696 adducti,
1194 1670 1384 1697 magnaque
1401 1664 1558 1695 omnium,
1576 1670 1614 1689 ac
1630 1662 1749 1697 Vegae

116 1708 321 1741 praesertim
335 1708 468 1736 laetitia
485 1710 627 1744 excepti,
645 1717 720 1737 cum
741 1710 866 1743 Jacobo
890 1710 1033 1745 Laynio,
1058 1709 1265 1744 Hieronymo
1287 1710 1527 1740 Domenechio.
1544 1715 1577 1737 et
1593 1710 1748 1743 Juvenali

120 1754 287 1789 Busterio,
303 1755 358 1789 qui
374 1763 435 1789 per
450 1756 481 1784 id
497 1757 660 1791 temporis
675 1757 800 1791 Ignatii
813 1758 909 1793 jussu
925 1758 1083 1785 Panormi
1105 1757 1182 1785 aliis
1206 1761 1309 1792 atque
1331 1758 1408 1785 allis
1429 1758 1575 1792 negotiis
1598 1757 1748 1792 impediti

119 1803 358 1836 versabantur,
375 1807 412 1831 ut
427 1803 582 1838 Ignatius
593 1806 755 1840 jusserat,
770 1813 804 1832 se
821 1806 1028 1840 conjungunt
1043 1810 1076 1833 et
1093 1805 1235 1840 Collegii
1256 1806 1476 1833 fundamenta
1499 1809 1656 1839 ponunt·„
1672 1804 1750 1838 Qui-

116 1849 177 1876 bus
192 1850 317 1876 addere
333 1854 384 1877 est
399 1850 571 1883 julianum
591 1852 790 1885 Flandrum,
812 1852 1033 1880 Domenechii
1054 1853 1198 1881 socium:
1220 1860 1299 1880 nam
1321 1853 1498 1887 Philippus
1524 1853 1678 1886 Casinus,
1694 1854 1749 1887 qui

116 1904 191 1923 cum
206 1896 338 1933 Laynio
354 1902 510 1930 venerat.
530 1902 567 1926 ut
583 1899 751 1928 Codretus
765 1900 928 1935 meminit,
951 1901 1127 1928 duodecim
1150 1901 1216 1928 illis
1241 1901 1516 1931 adventantibus,
1538 1901 1579 1927 ad
1600 1900 1750 1928 infimam

115 1945 363 1978 grammaticae
379 1947 524 1973 classem
539 1947 712 1980 tuendam,
728 1947 919 1975 Messanam
930 1953 1156 1976 concesserat.
1169 1949 1269 1975 Alter
1282 1955 1375 1981 vero,
1391 1948 1498 1975 Paulo
1510 1948 1644 1975 Achille
1657 1947 1748 1979 vivo,

114 1991 225 2019 editus
240 1993 357 2025 codex,
374 1994 655 2027 quemadmodum
668 1999 788 2022 auctor
798 1996 918 2029 innuit,
931 1996 1138 2023 enumeratis
1149 2003 1211 2030 per
1223 1995 1360 2024 nomina
1372 1999 1405 2023 et
1418 1995 1619 2029 cognomina
1628 1994 1748 2022 iisdem

114 2046 251 2072 novem,
268 2041 482 2068 continenter
497 2042 648 2076 subjicit:
667 2043 724 2070 “et
740 2047 811 2070 tres
825 2042 899 2075 alii,
917 2051 1056 2078 quorum
1078 2044 1214 2071 nomina
1238 2051 1302 2071 non
1323 2047 1535 2071 succurrunt.
1547 2064 1560 2076 „
1583 2042 1749 2070 Codretus

114 2086 255 2120 denique
272 2088 387 2115 decem
399 2088 501 2116 fuisse
517 2093 693 2123 memorat;
712 2091 759 2117 ait
776 2091 874 2117 enim:
894 2090 973 2118 f‘hoc
989 2091 1172 2118 secundum
1188 2092 1220 2118 in
1236 2090 1352 2118 Sicilia
1368 2090 1555 2124 Collegium
1571 2090 1643 2122 fuit,
1660 2097 1747 2118 anno

116 2133 220 2161 ferme
237 2139 313 2169 post
327 2134 552 2170 Messanense.
569 2137 796 2172 sesquialtero
811 2142 1055 2171 constructum,
1082 2139 1266 2173 eodemque
1288 2139 1430 2166 Patrum
1451 2137 1679 2172 Fratrumque
1695 2145 1750 2165 nu-

112 2188 217 2215 mero,
234 2182 417 2217 iisdemque
439 2184 605 2212 reditibus
627 2185 890 2220 quingentorum
912 2193 1093 2214 aureorum
1114 2187 1147 2213 in
1169 2193 1275 2214 annos
1297 2186 1476 2221 singulos„
1498 2186 1583 2213 Nam
1600 2186 1655 2220 qui
1671 2185 1747 2213 Col-

116 2229 241 2262 legium
256 2230 354 2263 primi
371 2232 549 2259 condidere
565 2232 803 2260 Mamertinum
818 2234 933 2261 decem
948 2234 1050 2261 fuisse
1066 2234 1270 2262 tradiderat.
1292 2233 1357 2261 Sed
1381 2241 1457 2261 cum
1472 2233 1640 2260 Panormo
1654 2234 1748 2260 abes-

114 2280 175 2307 set,
189 2277 310 2304 mirum
326 2285 390 2305 non
415 2283 466 2306 est
490 2287 566 2307 eum
589 2280 621 2307 in
645 2281 697 2307 die
723 2288 853 2315 quoque
880 2282 1048 2309 adventus
1072 2267 1277 2315 adnbtando,
1303 2289 1402 2316 quem
1427 2281 1469 2308 ad
1494 2281 1600 2315 pridie
1616 2281 1747 2308 calend.

115 2322 271 2351 Octobris
296 2325 424 2360 rejicit,
450 2327 628 2355 titubasse.
654 2328 838 2356 Caeterum
861 2329 1101 2357 dissentientes
1128 2329 1315 2364 scriptores
1338 2329 1381 2356 ad
1404 2329 1566 2356 veritatis
1592 2329 1747 2356 semitam

113 2373 271 2400 revocari
287 2373 386 2401 facile
401 2382 498 2409 posse
515 2376 675 2406 arbitror.
692 2377 718 2403 si
735 2381 805 2404 tres
821 2377 913 2409 illos,
934 2385 1075 2412 quorum
1097 2377 1233 2404 nomina
1255 2377 1444 2412 antiquitas
1467 2377 1678 2409 obliteravit,
1694 2377 1748 2403 ob·

113 2418 284 2447 scuriores
298 2421 403 2449 fuisse
418 2422 570 2450 homines
584 2423 771 2458 opinemur,
787 2425 981 2452 domesticis
996 2425 1165 2458 obsequiis
1180 2425 1345 2459 addictos,
1372 2432 1454 2459 quos
1478 2432 1579 2452 caeco
1601 2424 1745 2459 quodam

113 2466 248 2494 silentio
263 2469 462 2497 nominatim
476 2478 541 2497 non
556 2471 709 2505 indicari,
727 2479 824 2499 nemo
840 2472 981 2500 doleret.
995 2472 1033 2499 In
1048 2479 1088 2499 ea
1103 2477 1219 2500 autem
1231 2473 1365 2500 colonia
1380 2473 1485 2500 laicos
1500 2473 1629 2506 aliquot
1644 2472 1746 2499 fuisse.

114 2516 286 2541 testantur
302 2516 456 2549 publicae
470 2517 620 2551 litterae,
637 2518 756 2552 quibus
778 2519 815 2546 Β.
838 2518 991 2553 Ignatius
1012 2527 1073 2554 per
1098 2520 1327 2551 tabellionem,
1348 2519 1500 2547 Blasium
1521 2519 1559 2546 de
1582 2518 1746 2546 Casarru-

113 2560 197 2595 bias,
213 2561 338 2590 Romae
355 2571 441 2591 anno
458 2565 536 2598 1552,
551 2565 585 2592 27
596 2565 736 2600 Aprilis,
754 2565 897 2601 Collegii
911 2567 1145 2595 Panormitani
1167 2568 1417 2595 institutionem
1432 2572 1545 2594 ratam
1562 2567 1696 2599 habuit;
1713 2567 1745 2593 in

114 2607 233 2641 quibus
248 2614 309 2637 est:
328 2610 435 2639 “misit
453 2612 496 2639 ad
513 2613 690 2640 civitatem
706 2613 987 2642 Panormitanam
1001 2614 1040 2642 R.
1056 2615 1090 2641 P.
1108 2615 1148 2642 D.
1164 2614 1368 2649 Magistrum
1382 2614 1560 2642 Nicolaum
1572 2614 1610 2640 de
1624 2613 1742 2647 Lanoi‚

114 2658 148 2681 et
163 2656 248 2683 alios
270 2659 501 2694 presbyten-05,
523 2663 556 2689 et
578 2660 752 2687 scholares
773 2660 968 2694 Societatis‚
988 2665 1021 2689 et
1044 2663 1148 2690 laicos
1171 2662 1281 2689 dictae
1305 2661 1547 2694 Societatis...„
1563 2661 1744 2695 Hucusque

113 2701 294 2738 Aguilera,
315 2713 343 2732 c.
366 2706 407 2740 II,
429 2715 459 2734 n.
472 2707 510 2741 9.,
535 2708 590 2742 qui
606 2708 743 2736 tandem
767 2710 952 2737 concludit:
970 2710 1121 2737 “omnino
1142 2710 1256 2745 igitur,
1274 2710 1329 2744 qui
1345 2709 1623 2737 Panormitanam
1639 2708 1746 2736 Colle-

111 2747 204 2781 gium
219 2752 318 2785 primi
334 2753 557 2789 incoluerunt,
573 2755 744 2783 sexdecim
758 2756 931 2784 numerari
947 2761 1115 2792 oportere,
1131 2764 1192 2791 pro
1207 2760 1380 2791 comperto
1396 2757 1609 2790 relinquitur,
1625 2756 1651 2783 si
1668 2756 1745 2783 duo-

112 2797 222 2826 decim
237 2799 311 2834 illis,
329 2800 384 2835 qui
395 2809 460 2829 uno
472 2806 661 2829 commeatu
678 2803 784 2830 delati
798 2807 886 2835 sunt,
900 2803 1101 2840 Laynius‘et
1117 2804 1367 2832 Domenechius
1388 2812 1462 2832 curn
1486 2805 1613 2831 duobus
1631 2803 1742 2840 sociis.

112 2843 245 2877 Juliano
268 2850 299 2873 et
316 2847 469 2876 Carnoza
483 2848 660 2883 (Zornoza)
674 2856 1003 2885 annumerentur.,.—
1015 2852 1090 2885 Jam
1105 2860 1187 2879 vero
1203 2853 1310 2879 multo
1328 2852 1446 2887 maJ'or.
1472 2852 1503 2878 ni
1521 2852 1663 2878 multum
1681 2851 1741 2877 fal-

114 2889 223 2923 limur,
238 2893 318 2921 fides
338 2895 480 2922 debetur
501 2894 578 2923 huic
593 2903 613 2923 a
628 2895 775 2924 Polanco
790 2898 990 2925 emendatae
1004 2899 1162 2929 versioni,
1176 2903 1292 2932 utpote
1306 2900 1569 2933 quibuscumque
1584 2898 1744 2925 vetustis-

116 2937 213 2967 simis
228 2940 398 2969 codicibus
415 2943 606 2971 vetustiori.
