2074 3179
939 191 1019 227 ΑΝ.
1051 191 1137 227 1ἦ51
1780 186 1850 222 315

929 642 1154 696 XCVII

294 874 500 911 Nicolaus
522 873 714 911 Gracida

339 939 457 976 Patri
476 939 645 986 Ignatio
666 938 719 974 de
737 938 922 983 Loyola.

386 1004 665 1044 Salmantica,
688 1003 730 1040 31
756 1002 946 1049 Augusti
967 1002 1053 1038 1551
1081 1002 1104 1035 ¹.

982 1159 1095 1234 Iffls.

300 1351 567 1391 Admodum
587 1350 687 1390 R.d<³
714 1349 868 1390 Pater.

300 1422 464 1462 Gratia
486 1428 530 1462 et
550 1434 658 1474 pax,
684 1429 771 1462 etc,

299 1494 359 1535 Ut
381 1493 672 1534 obedientiae
694 1493 975 1543 adimpleam
998 1491 1145 1541 iussa,
1172 1491 1339 1542 quibus
1359 1490 1546 1542 quidem
1576 1500 1754 1529 morem
1774 1500 1851 1539 ge-

220 1564 352 1604 rendi
385 1577 478 1605 non
510 1576 659 1616 parvo
689 1570 850 1604 teneor
885 1563 1132 1613 desiderio,
1166 1561 1501 1602 paternitatem
1532 1567 1660 1600 tuam
1691 1572 1852 1600 eorum

221 1636 428 1676 omnium
448 1648 567 1688 quae
589 1636 635 1675 in
655 1635 1029 1687 praesentiarum
1047 1640 1315 1684 occurrunt,
1334 1638 1440 1684 post
1457 1632 1747 1684 superiorem
1764 1632 1853 1682 epi-

220 1708 389 1747 stolam
408 1713 558 1757 gesta,
582 1707 830 1747 certiorem
851 1705 1058 1745 reddam.
1082 1704 1382 1756 Primumque
1404 1704 1495 1744 hoc
1512 1709 1673 1743 teneas
1694 1702 1850 1747 velim,

219 1778 355 1818 solita
371 1790 486 1829 erga
502 1790 588 1818 nos
605 1777 780 1818 Christi
793 1776 1053 1827 clementia,
1071 1775 1233 1815 deesse
1246 1787 1501 1826 numquam
1515 1774 1625 1826 quid
1638 1784 1850 1824 agamus,

221 1861 314 1889 non
335 1849 433 1889 sine
455 1850 662 1889 maxima
683 1855 781 1889 tum
802 1849 1000 1888 aliorum
1020 1847 1235 1897 utilitate,
1259 1853 1356 1886 tum
1376 1846 1627 1898 praecipue
1649 1844 1855 1884 civitatis

221 1921 362 1960 totius
391 1920 449 1960 ad
480 1921 702 1961 virtutem
722 1920 1087 1960 inflammatione
1118 1930 1211 1959 non
1232 1917 1470 1958 mediocri.
1504 1916 1709 1967 Populus
1730 1921 1854 1955 totus

222 1991 390 2031 fratres
419 1997 605 2032 nostros
632 1992 742 2032 colit
771 2004 826 2032 ac
853 1997 1126 2031 veneratur:
1158 2001 1253 2029 non
1273 1989 1411 2040 pauci
1432 1987 1622 2028 domum
1643 1992 1855 2027 nostram

222 2069 417 2114 peccata
444 2062 616 2103 fassuri
643 2074 906 2114 corpusque
937 2061 1110 2102 Christi
1138 2060 1378 2112 accepturi
1405 2072 1454 2099 se
1481 2058 1749 2099 conferunt:
1778 2069 1855 2109 pa—

197 2135 335 2174 ·scha
358 2146 468 2174 vero
489 2134 743 2186 praeterita
763 2133 1068 2185 Virginisque
1089 2131 1268 2172 Mariae
1293 2131 1440 2181 festis,
1471 2136 1603 2170 tanta
1631 2129 1854 2169 confluxit

223 2200 469 2240 multitudo
489 2207 554 2251 ut,
578 2211 684 2240 cum
705 2205 882 2250 septem
902 2204 1058 2239 essent
1087 2203 1281 2250 peccata
1310 2197 1572 2246 audientes,
1602 2195 1733 2235 multi
1762 2207 1854 2234 non

223 2271 425 2310 confessi
446 2270 761 2322 discesserint3
791 2269 1056 2321 hujusmodi
1090 2274 1245 2308 autem
1270 2268 1366 2308 fere
1394 2278 1556 2308 omnes
1586 2266 1855 2306 scholastici

221 2347 342 2392 sunt,
367 2353 564 2393 quorum
584 2341 740 2382 multis
762 2341 946 2393 quidem
969 2340 1066 2392 J'am
1092 2345 1161 2380 est
1190 2339 1246 2380 de
1274 2350 1404 2379 more
1432 2337 1677 2378 dominicis
1705 2336 1855 2376 festis—

222 2425 310 2465 que
331 2413 506 2464 diebus,
530 2418 835 2464 peccatorum
855 2411 1147 2452 confessione
1168 2411 1400 2460 instituta,
1426 2408 1762 2449 eucharistiam
1782 2419 1855 2447 su—

221 2495 363 2535 mere;
387 2484 466 2535 qui
487 2483 672 2535 quidem
693 2483 1070 2524 constantissime
1091 2487 1411 2534 perseverant.
1435 2481 1507 2520 Ex
1523 2479 1595 2519 his
1610 2491 1725 2519 vero
1744 2490 1855 2518 non—

222 2556 333 2595 nulli
356 2555 588 2606 insignem
609 2555 655 2594 in
675 2554 848 2594 virtute
874 2553 1027 2594 fecere
1057 2563 1382 2604 progressum,
1413 2550 1713 2602 quotidianae
1746 2560 1852 2589 con-

279 2764 287 2782 ¹
328 2763 554 2797 Autographa
570 2766 644 2789 tota
669 2769 769 2788 manu
792 2761 923 2788 Nicolai
952 2761 984 2788 in
1014 2760 1093 2788 folio
1120 2760 1254 2794 duplici,
1278 2760 1329 2787 cui
1356 2767 1410 2786 nn.
1438 2759 1516 2786 olim
1545 2759 1595 2785 149
1622 2763 1655 2785 et
1681 2758 1740 2791 150,
1769 2766 1855 2784 nunc

223 2814 338 2836 autem
349 2809 380 2836 21
394 2814 427 2836 et
439 2810 483 2836 22.
496 2809 559 2836 Hie
574 2809 630 2835 ille
646 2816 729 2843 puer
743 2808 916 2835 duodecim
929 2812 988 2836 aut
1003 2808 1167 2835 tredecim
1179 2815 1343 2834 annorum
1359 2810 1419 2839 est,
1437 2807 1476 2833 de
1490 2813 1553 2840 quo
1565 2813 1679 2840 supra,
1696 2813 1773 2839 pag.
1788 2806 1852 2832 359.

223 2861 256 2883 ot
273 2856 458 2890 Pommcus,
476 2856 607 2888 Chron„
623 2860 645 2882 t.
663 2863 695 2889 η,
713 2863 743 2882 a.
760 2856 839 2887 1551,
851 2863 905 2882 nn.
919 2855 982 2889 327,
997 2856 1047 2882 351
1064 2859 1097 2882 et
1111 2855 1174 2882 372.
1192 2853 1380 2881 Emendata
1404 2858 1455 2880 est
1478 2857 1528 2880 tot
1552 2853 1586 2880 in
1609 2853 1692 2880 locis
1716 2853 1758 2879 ab
1782 2852 1853 2886 ipso
1879 2879 1883 2883 ,

228 2904 383 2937 Polanco,
396 2908 432 2930 ut
445 2904 594 2931 taedium
606 2903 791 2930 lectoribus
806 2903 927 2930 afferre
940 2910 1132 2936 vereamur,
1145 2902 1173 2929 si
1185 2909 1252 2935 eos,
1266 2901 1344 2935 quid
1360 2901 1415 2928 ille
1431 2900 1676 2933 emendaverit,
1690 2901 1721 2927 in
1739 2900 1851 2934 singu-

226 2952 265 2978 lis
280 2952 468 2978 emendatis
484 2952 566 2978 locis
581 2959 786 2978 moneamus.
800 2951 939 2985 Idcirco,
954 2955 1030 2985 post
1046 2951 1181 2977 litteras
1196 2957 1215 2977 a
1232 2949 1377 2976 Polanco
1394 2949 1572 2982 expolitas,
1589 2948 1735 2977 easdem.
1751 2952 1849 2981 prout

225 3008 283 3027 cas
300 3007 381 3033 puer
397 3000 450 3026 hic
467 2999 615 3033 scripsit,
630 2999 847 3033 subjiciemus
862 2999 894 3026 in
909 3007 1024 3026 eorum
1039 2999 1188 3033 gratiam
1204 2997 1258 3032 qui
1274 2997 1360 3024 forte
1376 2996 1408 3022 id
1424 2996 1573 3030 cupiant.
