2074 3179
941 164 1022 200 ΑΝ.
1055 164 1139 200 1551
1782 166 1852 201 3:39

944 614 1131 668 XCIV

293 836 339 872 P.
364 836 656 884 Hieronymus
680 837 929 873 Domenech

340 901 386 937 P.
407 901 574 948 Ignatio
595 902 648 938 de
667 902 852 948 Loyola.

386 965 603 1010 Valentia,
627 967 642 1002 1
664 966 856 1012 Augusti
878 966 963 1004 1:351
988 967 1012 1001 ¹.

433 1031 666 1078 (Excerpta
687 1042 739 1068 ex
759 1032 931 1077 litteris)

310 1180 362 1206 Ex
379 1181 505 1207 litteris
519 1180 674 1214 Magistri
693 1181 890 1215 Hieronymi
906 1180 1101 1208 Domenech
1116 1181 1298 1208 Valentiae
1320 1182 1456 1215 scriptis
1473 1181 1517 1207 La
1532 1180 1583 1207 die
1603 1180 1756 1214 Augusti.

300 1312 438 1353 Pater
455 1313 621 1364 Miron,
635 1312 770 1363 juxta
786 1312 965 1353 Summi
981 1313 1218 1353 Pontificis
1235 1319 1279 1353 et
1295 1313 1344 1353 Ρ.
1364 1313 1422 1353 V.
1444 1312 1768 1362 obedientiam,
1789 1313 1846 1352 ad

220 1385 395 1436 Regem
415 1384 729 1435 Portugalliae
760 1384 1004 1424 discedens
1032 1385 1084 1424 25
1109 1384 1237 1437 Julii,
1263 1385 1379 1424 duos
1400 1396 1458 1424 ex
1477 1384 1698 1424 fratribus
1719 1390 1764 1424 et
1785 1385 1847 1424 in-

216 1457 399 1507 signem
414 1467 610 1507 puerum
627 1455 875 1507 quemdam
890 1467 1037 1507 nuper
1050 1455 1125 1495 hic
1143 1455 1399 1495 admissum
1416 1467 1575 1495 secum
1591 1455 1693 1495 tulit
1709 1454 1738 1505 ²,
1753 1456 1846 1506 qui,

216 1540 323 1568 cum
342 1527 573 1567 decimum
593 1527 781 1566 tertium
803 1526 970 1567 aetatis
998 1538 1172 1566 annum
1198 1532 1330 1577 agat,
1361 1525 1486 1566 dictu
1513 1527 1681 1566 mirum
1708 1538 1848 1578 quan-

217 1608 315 1639 tum
332 1599 379 1639 in
393 1598 744 1638 humanioribus
764 1598 946 1648 litteris,
969 1597 1218 1649 praecipue
1235 1597 1282 1637 in
1303 1598 1562 1648 rhetoricis,
1583 1596 1847 1648 profecerit,

218 1681 448 1722 quamque
468 1670 715 1721 praeclaro
736 1669 924 1720 ingenio
946 1675 991 1709 et
1007 1667 1180 1720 judicio
1201 1680 1295 1708 non
1314 1668 1505 1719 minori,
1529 1669 1704 1720 quieta,
1727 1675 1776 1708 ut
1804 1669 1850 1708 in

219 1742 295 1781 illa
317 1747 485 1791 aetate,
504 1747 548 1781 et
568 1741 811 1781 rarissima
832 1739 985 1781 indole
1007 1752 1062 1780 ac
1083 1740 1392 1792 propensione
1409 1740 1469 1780 ad
1485 1740 1707 1780 virtutem
1721 1751 1850 1791 prae-

219 1812 342 1852 ditus
363 1812 444 1863 sit,
467 1818 516 1852 ut
537 1811 706 1863 conjici
726 1812 892 1852 merito
912 1812 1061 1863 possit
1082 1823 1187 1851 eum
1216 1811 1504 1861 singularem
1531 1810 1619 1851 Dei
1647 1822 1849 1860 servum,

221 1885 258 1923 si
279 1884 419 1933 vivit,
444 1894 709 1923 evasurum.
729 1882 845 1923 Cum
866 1882 914 1922 P.
939 1882 1092 1922 Miron
1113 1894 1273 1922 secum
1293 1882 1416 1922 ferre
1443 1883 1583 1922 vellet
1603 1883 1727 1922 hunc
1747 1894 1853 1933 pue-

220 1966 324 1995 rum
346 1955 470 2005 (nam
490 1954 837 2005 extemporaria
858 1954 1122 2005 eloquentia
1143 1954 1311 2005 quavis
1332 1954 1387 1993 de
1416 1965 1466 1993 re
1497 1954 1738 2004 proposita
1768 1954 1852 1993 ele-

219 2032 386 2077 ganter
403 2026 544 2065 latine
561 2025 761 2075 disserit,
774 2031 818 2064 et
835 2025 1040 2064 oratorio
1057 2036 1186 2064 more
1203 2036 1308 2064 cum
1324 2024 1631 2064 admiratione
1648 2024 1853 2064 maxima

221 2097 507 2137 audientium
528 2096 790 2146 declamat).
810 2096 964 2135 visum
984 2095 1097 2135 mihi
1117 2101 1186 2135 est
1207 2095 1426 2146 expedire
1447 2102 1497 2135 ut
1517 2095 1616 2147 ejus
1635 2102 1854 2147 parentes

221 2169 266 2208 id
286 2175 517 2219 peterent,
542 2174 586 2207 et
606 2179 700 2207 non
721 2167 854 2207 aliter
874 2167 1154 2207 faciendum.
1179 2167 1299 2207 Puer
1320 2168 1490 2219 itaque,
1513 2168 1773 2218 praemissa
1795 2167 1854 2207 ad

219 2239 371 2279 Deum
392 2239 615 2288 oratione,
639 2238 762 2289 patri
782 2238 1064 2289 persuadere
1084 2239 1131 2278 id
1151 2239 1328 2289 nititur;
1352 2250 1549 2290 cumque
1570 2238 1700 2278 initio
1722 2246 1854 2289 pater

220 2310 261 2350 ei
283 2310 588 2357 minitaretur,
614 2310 653 2349 si
673 2310 865 2349 ulterius
886 2321 941 2349 ea
962 2310 1018 2349 de
1038 2321 1088 2349 re
1110 2310 1360 2361 quicquam
1382 2309 1571 2359 diceret,
1603 2310 1671 2349 sic
1698 2317 1854 2349 tamen

220 2381 450 2432 spirituali
471 2381 706 2420 rhetorica
727 2392 838 2420 usus
859 2386 928 2420 est
948 2392 1078 2431 puer,
1098 2387 1146 2420 ut
1164 2381 1212 2420 in
1232 2392 1366 2420 suam
1386 2381 1665 2421 sententiam
1682 2387 1852 2421 utrum-

219 2464 308 2503 que
329 2458 571 2504 parentem
592 2452 897 2503 pertraxerit;
919 2452 1036 2492 adeo
1058 2459 1107 2492 ut
1127 2452 1176 2492 Ρ.
1200 2452 1481 2503 Magistrum
1501 2452 1729 2492 Mironem
1749 2463 1856 2492 curn

218 2523 443 2575 lacrymis
465 2529 687 2574 rogarent
707 2529 755 2562 ut
778 2534 972 2574 puerum
992 2523 1114 2563 ferre
1136 2535 1296 2563 secum
1324 2524 1370 2563 in
1397 2523 1734 2574 Portugalliam
1759 2525 1852 2562 vel-

278 2681 287 2700 1
327 2681 412 2708 Bina
430 2681 552 2708 harum
566 2682 759 2709 litterarum
771 2683 926 2717 exempla
941 2683 1114 2715 habemus;
1128 2683 1276 2717 primum
1289 2691 1391 2710 manu
1416 2683 1530 2710 Patris
1551 2683 1717 2711 Bernardi
1739 2683 1848 2710 Olive-

222 2728 262 2756 rii
281 2733 463 2756 exaratum
478 2734 511 2756 et
537 2737 557 2756 a
580 2729 615 2756 P.
640 2729 786 2757 Polaneo
810 2731 1025 2758 emendatum
1046 2734 1080 2758 et
1095 2734 1231 2758 auctum
1253 2731 1285 2758 in
1306 2731 1385 2758 solio
1407 2731 1486 2758 olim
1504 2731 1572 2765 417,
1595 2738 1680 2758 nune
1695 2731 1746 2765 71;
1769 2732 1851 2758 alte-

220 2784 305 2808 rum,
323 2784 363 2803 ex
378 2777 496 2810 primo,
514 2780 549 2804 ut
564 2781 726 2811 apparet,
743 2777 932 2805 consectum
948 2777 981 2805 in
997 2778 1172 2812 Cod.1551‚
1189 2778 1244 2805 sol.
1259 2778 1295 2805 58
1307 2779 1358 2806 v.⁰

273 2823 286 2842 2
325 2824 496 2851 “Recessit
520 2831 602 2858 ergo
628 2824 663 2852 P.
689 2824 796 2852 Miron
815 2825 848 2852 21
870 2825 948 2858 Julii
974 2829 1007 2853 et
1028 2833 1142 2853 secum
1166 2826 1262 2852 duxit
1287 2826 1427 2853 Patrem
1451 2826 1640 2860 quemdam,
1656 2825 1852 2858 cognomine

220 2878 223 2894 t
241 2871 399 2906 Petrum)
425 2871 586 2904 Parram,
616 2876 649 2898 et
678 2872 926 2907 coadjutorem,
954 2876 987 2900 et
1014 2880 1214 2907 puerum....,
1241 2873 1413 2906 pomaeo,
1440 2873 1575 2905 Chron„
1601 2877 1624 2901 t.
1650 2880 1683 2907 11,
1711 2880 1742 2900 a.
1772 2873 1849 2906 1551,

219 2926 297 2952 pag.
312 2918 374 2951 351,
391 2926 421 2945 n.
438 2919 649 2946 egr—Puero
665 2927 784 2946 nomen
798 2924 872 2947 erat
888 2920 1048 2947 Nicolaus
1063 2919 1365 2948 Gracida.—-Clare
1387 2921 1419 2948 in
1440 2921 1492 2948 his
1508 2921 1632 2948 litteris
1647 2920 1772 2954 legitur
1788 2928 1844 2947 nu-

218 2973 333 2993 merus
348 2966 391 3000 255
408 2966 494 2993 unde
510 2966 755 2994 emendandum
771 2967 905 2995 videtur
922 2967 1124 3001 chronicon,
1138 2968 1204 3001 ubi,
1221 2968 1284 2995 etsi
1302 2975 1366 2994 non
1380 2968 1428 2996 ita
1443 2968 1631 3003 perspicue,
1645 2968 1790 3002 legimus
1805 2969 1849 2995 ¹21.
