2074 3179
853 172 935 209 ΑΝ.
968 172 1057 209 1552
1696 175 1767 211 549

138 266 244 306 boni
266 267 340 306 isti
360 266 551 318 fratres3
575 273 681 308 sunt
702 268 814 309 mihi
844 270 1101 319 gratissimi
1129 275 1355 321 quotquot
1384 276 1515 319 sunt;
1550 271 1689 310 immo
1719 277 1764 311 et

134 337 286 388 ipsum
307 338 553 388 collegium
574 350 628 378 ac
650 340 910 390 regentiam
931 340 1081 391 ipsam
1103 340 1215 391 ipsis
1237 339 1398 379 offero.
1423 340 1552 379 Haec
1576 346 1619 380 et
1642 341 1763 380 simi-

137 407 197 447 lia
219 407 402 447 dicebat
422 408 570 448 bonus
590 409 664 449 ille
684 422 849 460 senex,
875 409 1005 461 cujus
1027 422 1106 450 cor
1128 422 1220 450 non
1241 410 1398 450 dubito
1420 410 1652 451 Dominus
1672 423 1764 451 mo-

134 479 287 518 vebat.
318 478 409 530 Ipsi
436 479 624 531 insuper
652 487 982 533 praeceptores
1009 480 1215 532 ejusdem
1242 481 1425 532 collegii
1451 482 1634 533 publice
1661 482 1765 522 hor-

133 549 216 588 tati
238 555 345 589 sunt
367 561 478 590 suos
499 551 750 603 discipulos
770 558 819 592 ut
840 564 866 592 a
887 552 1109 592 fratribus
1130 553 1304 593 nostris
1326 553 1590 604 exemplum
1611 553 1764 593 mode-

133 625 233 659 stae
262 632 317 659 ac
344 620 494 661 bonae
527 623 898 663 conversationis
925 630 1175 664 sumerent.
1204 622 1297 664 Sub
1326 623 1427 675 ipsa
1454 628 1609 663 autem
1639 624 1765 664 dicta

132 690 329 730 fratrum
350 693 622 743 expulsione
644 693 872 734 Dominus
893 694 1039 734 movit
1061 706 1142 734 cor
1164 693 1299 746 hujus
1320 694 1429 734 boni
1449 695 1554 743 viri,
1575 693 1653 746 qui
1675 702 1765 735 sta-

131 767 286 801 tuerat
321 762 502 813 erigere
538 764 786 815 collegium
812 776 896 816 pro
927 765 1265 805 sustentatione
1295 772 1338 805 et
1366 765 1656 805 institutione
1686 766 1765 805 ali-

134 843 331 882 quorum
352 845 616 884 puerorum,
638 841 680 875 et
697 834 794 886 jam
815 835 1021 876 animum
1043 837 1256 887 mutavit,
1277 837 1433 876 omnia
1455 837 1652 887 collegio
1674 837 1763 876 fra-

132 909 253 942 trum
275 905 437 944 volens
459 905 732 957 relinquere.
766 905 884 946 Nam
913 907 1159 947 occasione
1186 908 1354 947 harum
1381 908 1765 959 persecutionum

132 974 312 1024 plenius
333 975 560 1015 intellexit
581 988 774 1028 scopum
790 976 1036 1018 Societatis
1058 984 1102 1017 et
1118 978 1245 1018 videt
1266 991 1314 1018 se
1335 990 1428 1018 non
1448 990 1585 1029 posse
1606 979 1764 1019 utilius

129 1055 186 1082 ac
202 1043 486 1085 fructuosius
506 1058 589 1086 sua
607 1048 869 1099 expendere
885 1060 1026 1100 quam
1046 1049 1093 1088 in
1114 1060 1249 1088 usum
1270 1049 1552 1090 studentium
1572 1056 1764 1090 nostrae

127 1113 393 1155 Societatis.
424 1115 622 1157 Proinde
655 1129 878 1169 rogamus
912 1119 1081 1159 iterum
1116 1124 1254 1171 atque
1288 1120 1455 1160 iterum
1485 1126 1534 1160 ut
1561 1120 1764 1161 facultas

133 1185 344 1236 erigendi
366 1187 614 1238 collegium
636 1201 661 1228 a
685 1188 762 1229 Ca
783 1189 867 1229 M.e
891 1189 900 1208 ¹
923 1190 1212 1241 impetretur.

208 1256 350 1307 Ecce,
374 1256 527 1304 Pater,
552 1258 648 1298 scio
669 1271 794 1299 vana
816 1271 918 1300 esse
939 1260 1063 1300 dicta
1086 1266 1129 1300 et
1161 1261 1590 1302 commendationes
1618 1262 1763 1302 homi-

129 1338 256 1375 num;
278 1334 325 1368 at
346 1333 502 1368 tamen
523 1329 716 1370 libenter
738 1331 895 1371 omnia
916 1331 964 1371 P.
985 1331 1043 1371 V.
1063 1332 1260 1382 explico.
1284 1331 1443 1383 Nuper
1463 1332 1632 1383 scripsi
1654 1345 1763 1385 quo-

129 1399 268 1439 modo
285 1399 521 1450 profectus
537 1400 716 1441 fueram
733 1402 977 1442 Bruxellas
1001 1409 1045 1442 et
1061 1414 1262 1454 pransus
1284 1415 1389 1442 cum
1407 1403 1627 1444 Praeside
1646 1404 1762 1444 Con-

133 1469 225 1509 cilii
258 1469 490 1522 Reginae,
528 1478 615 1511 etc.
643 1471 719 1512 Sic
748 1473 849 1512 istis
877 1473 1040 1513 diebus
1068 1485 1093 1513 a
1126 1474 1228 1513 viro
1257 1473 1344 1513 fide
1379 1474 1520 1524 digno
1555 1475 1763 1515 intellexi

130 1540 257 1591 ipsos
277 1540 413 1581 valde
433 1542 576 1582 fuisse
597 1543 866 1583 aedificatos
887 1555 945 1583 ex
968 1544 1326 1584 conversatione
1354 1555 1457 1584 mea
1487 1551 1531 1585 et
1562 1546 1763 1597 plurima

132 1612 177 1650 in
199 1611 383 1651 laudem
403 1619 610 1653 nostram
635 1614 823 1654 dixisse.
847 1614 977 1655 Haec
999 1615 1151 1655 scribo
1169 1621 1218 1655 ut
1237 1622 1492 1666 cognoscat
1509 1616 1562 1656 R.
1587 1617 1646 1657 V.
1670 1617 1762 1657 Do·

129 1682 305 1722 minum
325 1683 530 1735 incipere
551 1696 741 1725 movere
762 1697 923 1725 eorum
945 1686 1102 1726 corda.
1123 1690 1126 1693 ’

207 1752 393 1794 Socium
407 1755 654 1795 confratris
672 1756 819 1796 nostri
829 1757 1077 1797 Licentiati
1088 1755 1185 1807 jam
1204 1757 1429 1797 habemus
1446 1758 1491 1797 in
1507 1759 1758 1808 exercitiis3

127 1830 197 1864 est
218 1824 265 1864 in
286 1825 491 1866 secunda
512 1826 827 1877 hebdomada;
856 1827 972 1867 bene
1002 1827 1184 1879 proficit
1212 1834 1257 1868 et
1288 1828 1495 1869 animum
1522 1829 1581 1869 ad
1607 1828 1760 1870 Socie-

128 1900 272 1935 tatem
292 1895 444 1936 habet.
465 1897 547 1936 Est
567 1903 612 1937 et
632 1897 708 1937 hic
728 1909 847 1949 pene
864 1898 1178 1950 quadraginta
1202 1911 1432 1939 annorum
1454 1905 1498 1939 et
1518 1900 1758 1940 sacerdos.

205 1964 436 2006 Numerus
456 1966 724 2019 frequenter
752 1968 1068 2009 confitentium
1096 1974 1140 2009 et
1174 1970 1620 2010 communicantium
1646 1972 1759 2011 mul-

127 2042 223 2076 tum
244 2043 457 2088 augetur,
481 2044 525 2078 et
545 2050 638 2078 non
659 2040 756 2079 scio
777 2051 1059 2091 quemquam
1086 2040 1163 2091 qui
1190 2046 1379 2092 propter
1405 2042 1759 2092 persecutiones

125 2108 405 2159 praeteritas
426 2120 511 2148 nos
533 2115 612 2149 aut
632 2110 870 2161 reliquerit
891 2116 971 2150 aut
992 2110 1238 2162 relinquat.

204 2178 247 2218 A
267 2179 430 2229 paucis
450 2179 816 2221 hebdomadibus
837 2192 1029 2232 sparsus
1050 2187 1094 2221 et
1115 2181 1333 2222 inventus
1354 2189 1422 2223 est
1452 2183 1527 2223 hic
1553 2183 1755 2224 Lovanii

124 2248 303 2288 libellus
320 2248 508 2300 quidam
530 2250 746 2301 scriptus,
766 2251 1010 2291 continens
1028 2252 1258 2303 quaedam
1273 2259 1384 2293 vota
1405 2259 1449 2293 et
1466 2253 1752 2305 disciplinas,

124 2330 264 2370 super
285 2331 376 2371 quo
396 2319 691 2361 Universitas
712 2321 829 2362 haec
850 2323 1037 2373 saepius
1057 2322 1143 2362 fuit
1164 2330 1455 2375 congregata
1481 2330 1527 2365 et
1553 2325 1754 2377 plurima

124 2390 345 2430 scandala
364 2398 529 2431 exorta
551 2398 657 2431 sunt
676 2392 722 2431 in
739 2392 885 2444 plebe.
904 2393 962 2433 Et
979 2394 1088 2445 quia
1106 2395 1327 2446 quicquid
1343 2396 1631 2447 singularem
1653 2407 1752 2447 spe-

119 2461 243 2501 -ciem
271 2461 379 2501 boni
413 2462 576 2511 habet,
612 2462 747 2502 nobis
773 2463 1005 2515 tribuitur,
1036 2464 1145 2505 hinc
1178 2478 1330 2506 novae
1364 2466 1639 2518 tragoediae
1669 2478 1753 2507 seu

121 2543 247 2572 nova
269 2533 502 2573 oblocutio
523 2534 656 2574 nobis
677 2535 887 2586 contigit,
911 2547 1030 2587 quae
1050 2548 1143 2576 non
1164 2537 1398 2577 modicum
1418 2549 1492 2578 me
1514 2537 1678 2577 afflixit
1707 2543 1752 2578 et

123 2613 282 2642 omnes
315 2604 649 2654 praecedentes
686 2605 1010 2646 tribulationes
1043 2607 1297 2658 superavit.
1335 2607 1423 2647 Hic
1457 2619 1659 2659 namque
1693 2608 1751 2648 de

119 2672 260 2712 rebus
280 2680 380 2714 non'
394 2675 678 2726 decentibus,
703 2676 750 2715 in
771 2676 861 2716 illis
882 2676 938 2717 de
958 2677 1096 2717 rebus
1118 2678 1359 2729 religionis
1389 2679 1632 2729 agebatur.
1663 2678 1750 2719 Oc-

122 2743 311 2784 casione
331 2745 455 2785 enim
476 2744 587 2785 dicti
606 2745 765 2796 libelli,
789 2758 1073 2800 quamquam
1103 2754 1327 2800 quantum
1353 2749 1588 2801 inquirere
1618 2750 1749 2800 potui

114 2825 148 2852 -a
170 2814 390 2866 diversis,
415 2817 491 2867 qui
512 2817 716 2857 libellum
735 2817 863 2858 illum
882 2819 1115 2870 legerunt,
1138 2820 1253 2860 nihil
1273 2831 1520 2871 expresse,
1545 2821 1627 2861 sed
1648 2827 1748 2861 tan-

174 2971 187 2990 ¹
227 2972 398 3001 Caesarea
413 2973 606 3009 Majestate.
