2074 3179
861 143 942 179 Ax.
974 142 1064 179 15:52
1701 145 1770 181 609

140 238 409 289 thymnam,
446 245 495 278 ut
531 239 701 278 artium
736 251 923 279 cursum
958 246 1252 290 percurreret
1288 239 1364 279 ibi.
1402 239 1497 279 Nec
1526 239 1769 279 defuerunt

142 308 221 347 alii
241 308 331 348 duo
355 309 582 359 theologi,
608 310 685 360 qui
706 309 769 349 ita
791 321 912 349 nunc
939 309 1221 349 induxerunt
1252 310 1298 349 in
1327 310 1531 350 animum
1560 322 1661 350 sese
1691 323 1768 350 no-

143 386 267 419 strae
295 378 517 419 Societati
545 380 698 431 unire,
732 387 780 420 ut
804 379 899 431 jam
928 381 1044 420 alter
1070 380 1314 420 nobiscum
1344 386 1475 431 agat,
1513 381 1631 420 alter
1657 393 1769 420 vero

143 455 247 500 post
283 449 544 500 quindecim
572 451 690 501 dies,
725 450 951 502 expeditis
980 450 1256 502 quibusdam
1283 451 1505 501 negotiis,
1537 451 1768 502 ingressui

144 520 488 570 paratissimus,
513 522 591 572 qui
612 522 870 572 praestanti
890 528 958 561 est
985 521 1186 572 ingenio,
1217 522 1387 562 artium
1418 522 1594 573 pariter
1622 523 1768 562 erudi-

144 598 217 630 tus
242 597 286 630 et
319 602 521 641 graecus
551 591 575 631 ¹.
607 591 864 644 Supersunt
898 598 941 632 et
968 592 1176 632 nonnulli
1203 592 1300 642 alii,
1334 592 1513 644 quibus,
1539 593 1770 633 latinitate

144 662 316 713 alioqui
343 661 526 702 donatis
553 669 596 702 et
625 664 671 702 in
698 663 943 703 dialectica
973 662 1206 713 dissertiS,
1237 663 1350 703 nihil
1380 664 1673 715 potissimum
1703 671 1771 704 est

144 733 190 772 in
212 733 333 772 votis
364 745 504 784 quam
534 733 654 784 quod
685 735 731 774 in
759 733 1043 774 Societatem
1071 740 1283 774 nostram
1309 734 1610 786 recipiantur,
1642 735 1772 786 cujus

145 804 243 843 voti
260 802 356 854 jam
377 805 637 844 evasissent
666 811 924 856 compotes,
956 805 994 845 si
1020 804 1218 845 facultas
1246 811 1407 845 nostra
1437 805 1683 856 praeberet
1710 807 1769 845 lo-

145 886 265 924 cum,
291 875 432 915 immo
452 875 607 926 potius
628 876 666 915 si
687 882 847 916 nostra
870 876 1127 927 indigentia
1149 883 1191 916 et
1208 882 1462 928 paupertas
1479 888 1564 916 nos
1582 877 1772 917 minime

146 946 434 996 reprimeret.

225 1015 340 1055 Tres
362 1017 585 1067 epistolae
603 1018 806 1058 civitatis
827 1017 1088 1070 cujusdam,
1120 1031 1238 1070 quae
1272 1019 1513 1070 hispanice
1540 1019 1668 1059 Leon
1696 1030 1772 1070 ap-

144 1087 356 1137 pellatur,
381 1088 589 1128 redditae
611 1096 716 1128 sunt
736 1090 890 1140 nobis,
914 1097 1128 1130 nostrum
1155 1090 1341 1142 quidem
1368 1090 1626 1130 institutum
1649 1090 1773 1130 miri-

144 1157 227 1197 fice
249 1159 543 1207 extollenteS,
569 1171 626 1198 ex
649 1160 814 1211 quibus
842 1168 1036 1211 apparet
1067 1160 1239 1212 liquido
1270 1168 1444 1212 quanto
1471 1161 1668 1201 fratrum
1696 1173 1772 1200 no·

144 1234 348 1268 strorum
377 1229 499 1268 illius
530 1229 734 1269 civitatis
766 1231 1085 1271 moderatores
1115 1238 1360 1271 teneantur
1389 1231 1635 1282 desiderio,
1666 1232 1773 1271 dum

146 1299 253 1339 totis
280 1299 459 1339 viribus
489 1300 534 1339 id
567 1288 824 1351 efflagitant
855 1308 992 1353 atque
1021 1309 1209 1353 rogant,
1241 1303 1363 1354 quod
1393 1308 1442 1342 ut
1476 1302 1626 1352 fieret,
1656 1303 1774 1354 proh

145 1370 319 1419 dolor!‚
369 1378 636 1410 nostrorum
681 1371 984 1412 brevissimus
1022 1384 1242 1412 numerus
1281 1373 1469 1413 minime
1504 1373 1774 1413 facultatem

146 1441 392 1491 praestitit.
417 1441 760 1481 Desiderabant
781 1443 952 1482 etenim
976 1452 1071 1483 tres
1098 1444 1313 1495 pluresve
1342 1456 1401 1484 ex
1426 1445 1601 1484 nostris
1632 1443 1690 1484 ad
1725 1456 1774 1483 se

148 1512 380 1562 proficisci
400 1518 449 1552 ut
478 1518 522 1552 et
548 1519 736 1553 nostrae
765 1512 1010 1554 Societatis
1038 1515 1127 1566 ipsi
1153 1516 1398 1566 provocati
1429 1516 1655 1566 exemplo,
1686 1515 1773 1555 effi-

149 1584 320 1635 cacius,
346 1583 595 1624 efficaciori
612 1585 818 1624 adhibita
836 1585 1023 1636 virtute,
1044 1586 1383 1626 excitarentur:
1407 1593 1456 1626 ut
1473 1587 1550 1638 qui
1571 1586 1775 1627 futurum

149 1666 197 1693 se
224 1665 414 1705 sperare
442 1654 657 1695 dicebant
684 1667 742 1695 ex
768 1662 957 1696 nostrae
979 1655 1226 1696 Societatis
1261 1657 1474 1697 doctrina
1508 1663 1552 1697 et
1578 1669 1775 1708 magnos

150 1724 236 1764 sibi
257 1736 312 1764 ac
334 1725 593 1765 uberrimos
614 1725 793 1766 fructus
814 1726 1118 1778 decerpturos
1140 1734 1184 1767 et
1205 1728 1441 1779 ingentem
1462 1729 1632 1780 populo
1659 1729 1775 1774 utili·

150 1801 293 1834 tatem
315 1807 369 1835 ac
391 1796 629 1847 spirituale
646 1797 943 1837 commodum
960 1805 1375 1850 consequuturum3
1397 1799 1475 1850 qui
1495 1800 1618 1839 illico
1641 1800 1776 1839 nobis

150 1866 488 1917 pollicebantur
510 1867 910 1918 expeditissimam
932 1875 1069 1919 atque
1091 1869 1439 1920 paratissimam
1459 1869 1670 1920 domum,
1702 1871 1775 1910 cui

152 1936 226 1976 vel
245 1937 397 1976 nullus
419 1937 629 1977 coenobii
651 1939 849 1988 angulus
870 1938 1013 1988 deest,
1037 1939 1256 1979 nimirum
1278 1952 1397 1991 quae
1414 1942 1651 1992 templum,
1675 1952 1774 1980 coe-

151 2008 383 2057 naculum,
401 2007 723 2048 dormitorium
741 2015 784 2048 et
803 2016 988 2048 caetera
1005 2010 1095 2049 alia
1114 2011 1422 2060 congruentia
1437 2010 1621 2062 habeat,
1641 2012 1776 2051 simul

151 2084 195 2117 et
216 2077 431 2117 habitura
452 2078 625 2129 aliquot
646 2090 705 2118 ex
731 2079 923 2126 nostris,
951 2079 989 2118 si
1022 2091 1202 2130 eorum,
1233 2087 1281 2120 ut
1303 2080 1419 2131 dixi,
1452 2081 1579 2122 Deus
1606 2082 1778 2122 bonam

152 2149 334 2200 copiam
356 2149 686 2200 suppeditaret.

232 2219 488 2259 Praeterita
511 2220 869 2271 quadragesima
891 2221 1230 2262 Dominicanus
1252 2222 1441 2274 quidam
1462 2223 1605 2274 (bone
1631 2224 1776 2276 Deus,

153 2301 293 2341 quam
320 2291 574 2331 christiane
603 2297 648 2331 et
677 2292 886 2343 ornate!)
916 2293 1221 2333 concionatus
1249 2300 1338 2345 est,
1362 2301 1412 2335 ut
1441 2295 1519 2346 qui
1545 2295 1669 2335 haud
1698 2297 1777 2336 mi-

154 2361 256 2401 nori
275 2372 386 2400 sane
414 2362 619 2402 omnium
644 2362 869 2403 virtutum
895 2374 1067 2414 genere
1096 2365 1335 2415 praeditus
1364 2372 1432 2405 est
1460 2372 1504 2406 et
1535 2378 1779 2407 sacrarum

155 2432 413 2472 litterarum
440 2432 746 2483 intelligentia
771 2434 999 2483 abundat,
1030 2447 1170 2486 quam
1197 2436 1383 2486 generis
1412 2437 1650 2477 nobilitate
1682 2437 1778 2477 illu-

213 2614 222 2634 ¹
262 2614 416 2642 Graecae
432 2616 568 2650 linguae
583 2616 724 2650 peritus.
739 2616 875 2651 Nullibi,
892 2617 997 2644 necin
1013 2616 1164 2650 Antiguo
1179 2617 1268 2644 libro
1278 2619 1438 2652 primero
1452 2618 1559 2645 delos
1574 2626 1639 2653 que
1654 2627 1696 2646 en
1710 2623 1782 2648 este

152 2662 289 2695 *Colegio
303 2663 345 2689 de
360 2663 394 2689 la
411 2662 602 2697 Compania
617 2663 660 2690 de
678 2663 785 2697 sestis
805 2665 848 2691 de
863 2664 1078 2691 Salamanca
1098 2664 1169 2691 Itan
1190 2665 1267 2691 sido
1288 2666 1462 2692 rect'bidos
1481 2666 1586 2693 kasta
1601 2667 1689 2694 1589
1700 2675 1723 2702 y
1738 2667 1783 2694 23

157 2709 238 2736 dias
253 2709 296 2736 de
310 2709 422 2742 Abril,
436 2710 565 2743 horum,
582 2711 636 2744 qui
653 2710 860 2738 Societatem
879 2711 941 2738 hoc
964 2715 1116 2746 tempore
1140 2712 1285 2745 ingressi
1306 2717 1400 2743 sunt.
1425 2720 1622 2747 expressam
1645 2715 1784 2742 mentio-

156 2764 232 2783 nem
247 2757 444 2790 1·eperimus;
460 2758 518 2784 sed
533 2765 572 2784 ne
586 2758 807 2792 conjectando
825 2758 958 2792 quidem
971 2758 1143 2785 affirmare
1160 2759 1287 2793 aliquid
1300 2767 1381 2786 vero
1397 2760 1505 2787 simile
1519 2761 1684 2788 valemus.
1702 2761 1783 2789 Con-

152 2809 280 2837 gruunt
296 2808 387 2831 certe
405 2804 565 2839 adjuncta
581 2805 763 2839 quaedam,
777 2805 831 2832 hic
846 2811 878 2833 et
894 2806 981 2833 infra
996 2805 1029 2832 in
1051 2806 1091 2832 iis
1107 2806 1188 2840 ipsis
1204 2807 1330 2833 litteris
1345 2811 1557 2840 enumerata,
1573 2807 1657 2836 Dno.
1677 2809 1784 2837 Anto-

155 2851 210 2878 nio
234 2851 272 2877 de
298 2850 469 2886 Cordoba;
493 2852 562 2880 alia
582 2852 665 2880 Dno.
690 2852 811 2880 Sancio
834 2853 872 2880 de
898 2852 1059 2881 Castilla:
1084 2853 1142 2879 sed
1168 2853 1240 2887 ille,
1260 2853 1360 2887 juxta
1384 2853 1603 2888 memmoos,
1632 2855 1719 2882 Vidn
1741 2857 1783 2884 de

158 2899 228 2924 San
245 2897 433 2926 Franct'sco
452 2900 493 2926 de
508 2899 629 2934 Borja,
643 2900 663 2927 1.
680 2907 726 2934 lv,
743 2908 770 2927 c.
786 2909 818 2933 v,
835 2899 860 2934 ξ.
874 2901 900 2933 2,
919 2899 1055 2927 Patrem
1072 2899 1308 2933 Franciscum,
1326 2900 1493 2935 Ognatem
1509 2909 1630 2936 usque,
1647 2909 1783 2931 secutus

153 2949 219 2977 est,
236 2952 299 2972 non
315 2947 508 2980 comitatus;
525 2947 563 2974 de
579 2948 641 2974 hoc
657 2952 770 2975 autem
787 2948 868 2975 nihil
885 2952 940 2974 aut
960 2947 1028 2973 fere
1045 2947 1127 2973 nihil
1144 2952 1283 2981 praeter
1299 2955 1417 2975 nomen
1433 2948 1566 2976 scimus.

347 3004 395 3042 T.
426 3015 452 3043 1.
1549 3018 1593 3053 39
