2074 3179
874 194 957 231 AN.
989 194 1079 232 1552
1717 194 1781 230 751

150 292 196 331 in
227 293 384 333 culina
412 299 651 341 versatum
684 292 830 332 verrit
852 292 979 331 illam
1006 291 1279 343 aliquando,
1314 291 1451 330 fricat
1472 293 1651 339 lances,
1685 302 1785 330 scu«

146 363 282 403 tellas
315 370 358 402 et
394 364 512 402 ollas
552 375 738 411 aeneas,
778 369 825 402 ut
857 373 1056 414 coquum
1091 361 1292 413 adjuvet.
1335 362 1543 413 Cumque
1583 362 1783 412 quodam

146 445 344 484 vespere
365 434 505 473 simul
532 440 654 473 esset
685 434 729 473 in
756 434 892 473 horto
921 445 1025 473 cum
1050 433 1293 482 fratribus,
1327 433 1520 473 vocavit
1550 431 1667 472 duos
1693 431 1783 483 jus-

146 504 297 555 sitque
329 505 432 544 illos
461 504 566 544 inde
594 504 833 544 discedere
864 511 908 544 et
942 505 1074 544 brevi
1094 505 1304 544 oratione
1327 503 1494 543 offerre
1521 503 1622 543 Deo
1650 515 1781 554 opus,

146 575 269 625 quod
291 576 408 614 alter
432 575 617 615 illorum
645 574 853 615 facturus
884 582 1007 625 erat,
1037 582 1080 615 et
1107 576 1286 627 seipsos
1316 576 1375 615 ad
1404 575 1449 615 id
1476 573 1783 624 efficiendum

145 645 315 695 quibus
351 646 458 685 illuc
493 647 718 694 reversis,
757 646 803 685 in
839 646 937 685 solo
974 646 1166 697 supinus
1197 646 1333 697 jussit
1368 646 1550 686 illorum
1586 646 1781 685 alterum

146 727 289 767 super
309 729 358 756 se
381 723 528 766 stare,
554 717 617 757 ita
640 725 689 757 ut
711 729 803 758 uno
827 717 942 769 pede
964 730 1016 757 os
1035 718 1355 766 conculcaret,
1381 718 1527 757 altero
1548 728 1661 756 vero
1683 724 1782 767 gut*-

146 794 222 827 tur
258 788 609 839 comprimeret,
644 796 688 829 et
719 789 904 829 interim
934 789 1049 829 haec
1085 789 1230 828 verba
1259 788 1491 840 proferre:
1522 787 1682 838 Pater,
1720 796 1781 827 at-

146 859 288 898 tende
310 859 369 898 ad
390 864 470 899 tua
493 860 671 898 scelera
699 865 743 899 et
773 859 1021 899 emendare
1043 871 1170 899 cura.
1202 859 1259 899 Et
1288 859 1434 898 frater
1463 859 1559 908 ille,
1591 858 1669 909 qui
1691 857 1783 909 jus—

147 941 227 970 sus
250 936 320 969 est
341 929 497 969 facere
526 930 662 978 haec,
692 930 801 970 fecit
831 942 938 970 cum
967 942 1139 981 magna
1170 930 1241 970 sui
1270 936 1313 970 et
1344 930 1565 970 stantium
1586 929 1783 969 fratrum

146 1000 443 1051 confusione;
485 1002 734 1052 statimque
779 1002 826 1041 in
871 1002 1084 1041 omnibus
1131 1012 1331 1041 accensa
1377 1007 1483 1040 sunt
1530 1000 1785 1041 consimilis

147 1077 282 1112 actus
303 1072 506 1112 faciendi
528 1072 798 1124 desyderia,
825 1085 943 1124 quae
965 1074 1121 1113 omnia
1143 1085 1168 1113 a
1190 1072 1328 1113 Patre
1359 1072 1638 1112 mortificata
1660 1079 1780 1112 sunt.

232 1143 376 1184 Curat
398 1150 642 1195 praeterea
664 1144 802 1184 Pater
832 1145 1056 1185 exercitia
1087 1145 1318 1195 invenire,
1350 1145 1515 1196 quibus
1542 1156 1675 1184 amor
1696 1144 1783 1184 Dei

145 1220 189 1254 et
220 1214 439 1266 proprius
469 1221 766 1266 contemptus
797 1216 843 1255 in
874 1216 971 1256 dies
1001 1216 1179 1267 possint
1211 1227 1530 1256 concrescere.
1563 1215 1680 1255 Cum
1711 1215 1783 1255 die

146 1286 481 1337 Apostolorum
515 1285 640 1326 Petri
670 1294 713 1326 et
744 1287 875 1327 Pauli
905 1287 1091 1338 privata
1123 1287 1452 1337 collocutione,
1475 1291 1579 1338 post
1602 1286 1784 1326 concio*

144 1368 253 1396 nem
275 1368 415 1408 quam
439 1357 497 1396 ad
518 1358 742 1409 populum
763 1358 892 1409 fecit,
914 1370 1002 1398 nos
1023 1358 1310 1407 hortaretur,
1335 1358 1459 1409 quod
1489 1357 1533 1396 in
1565 1357 1636 1397 die
1662 1357 1781 1397 sesto

145 1426 389 1478 cujuslibet
411 1429 562 1468 sancti
585 1440 864 1469 conaremur
884 1429 1003 1469 illius
1038 1429 1235 1469 virtutes
1266 1429 1438 1468 imitari
1467 1439 1550 1480 per
1582 1429 1781 1479 aliquem

146 1505 326 1549 actum,
352 1500 428 1539 vel
453 1500 755 1550 humilitatis,
780 1501 854 1540 vel
874 1501 1191 1551 reverentiae,
1216 1500 1289 1540 vel
1319 1500 1585 1547 charitatis,
1612 1501 1685 1539 vel
1705 1512 1781 1551 pa-

144 1569 350 1621 tientiae,
377 1577 420 1610 et
443 1571 567 1622 quod
587 1572 842 1623 praecipue
874 1571 1208 1623 Apostolorum
1240 1583 1447 1611 essemus
1477 1571 1657 1620 devoti,
1688 1582 1782 1611 sor-

145 1640 217 1680 titi
237 1652 399 1681 sumus
425 1653 586 1682 omnes
616 1641 873 1693 Apostolos
895 1654 1000 1682 cum
1019 1654 1193 1693 magna
1214 1643 1389 1682 laetitia
1410 1642 1622 1682 fratrum.
1652 1641 1783 1692 Quis*

143 1723 232 1762 que
269 1712 393 1752 enim
428 1712 709 1764 Apostolum
746 1714 832 1753 sibi
865 1714 1189 1754 obvenientem
1223 1725 1316 1753 non
1355 1713 1489 1752 aliter
1523 1712 1782 1764 accipiebat

143 1783 191 1822 in
212 1788 487 1834 patronum,
516 1796 655 1836 quam
675 1786 716 1825 si
735 1785 863 1825 illum
884 1786 1024 1837 longo
1046 1792 1253 1836 tempore
1275 1784 1622 1836 desyderasset,
1647 1784 1781 1835 idque

142 1865 226 1904 per
246 1860 394 1894 totum
415 1855 540 1895 vitae
574 1862 770 1907 tempus.
808 1856 865 1896 Et
893 1857 1080 1897 cuidam
1108 1856 1244 1896 fratri
1273 1856 1389 1895 haec
1414 1867 1527 1895 cura
1560 1855 1779 1895 mandata

141 1930 215 1964 est
243 1936 272 1964 a
303 1925 443 1965 Patre
474 1933 523 1966 ut
562 1938 723 1967 omnes
754 1939 984 1968 memores
1010 1927 1186 1968 faceret
1216 1927 1272 1967 de
1306 1928 1393 1966 hac
1423 1939 1473 1967 re
1499 1927 1545 1966 in
1580 1926 1781 1977 quolibet

143 1997 262 2036 festo
287 2004 572 2037 sanctorum.

229 2066 487 2107 Adinvenit
528 2068 669 2108 etiam
696 2068 834 2109 Pater
862 2069 953 2109 duo
983 2070 1095 2120 alia,
1127 2070 1293 2120 quibus
1332 2079 1658 2108 exerceremur
1693 2068 1782 2108 hoc

146 2149 331 2178 mense:
376 2140 599 2189 alterum,
641 2140 764 2190 quod
798 2152 883 2180 nos
917 2152 1078 2180 omnes
1111 2140 1306 2190 singulis
1341 2140 1504 2179 diebus
1539 2140 1786 2190 quinquies

145 2208 569 2259 mortificaremur3
613 2211 808 2250 alterum
843 2223 978 2261 vero,
1020 2211 1143 2262 quod
1176 2211 1365 2263 quilibet
1402 2216 1615 2250 nostrum
1652 2217 1783 2250 curet

144 2278 382 2330 inquirere
403 2279 617 2320 defectus
639 2281 829 2322 alterius
850 2282 1023 2332 fratris,
1048 2282 1346 2334 collectisque
1368 2282 1581 2322 omnibus
1597 2287 1641 2321 et
1658 2293 1685 2321 a
1701 2281 1781 2322 Su—

144 2350 332 2400 periore
352 2351 493 2401 visiS‚
518 2352 751 2402 aliquibus
773 2354 912 2394 etiam
929 2352 1061 2404 juxta
1082 2353 1180 2405 ejus
1201 2354 1443 2394 arbitrium
1472 2353 1653 2403 deletis,
1677 2354 1774 2393 1011-

145 2421 224 2472 qui
248 2421 296 2460 in
318 2422 570 2463 refectorio
594 2424 838 2465 manifeste
868 2426 1083 2476 legantur
1104 2426 1162 2465 ad
1183 2425 1573 2465 emendationem.
1596 2425 1666 2464 Ex
1688 2425 1782 2475 qui-

144 2492 230 2531 bus
252 2493 673 2534 exercitationibus
695 2494 872 2536 fructus
894 2507 1094 2547 magnus
1115 2496 1392 2548 decerpitur.

225 2563 364 2603 Tanti
389 2570 634 2615 praeterea
661 2566 840 2607 faciunt
866 2566 1030 2608 Patres
1056 2567 1134 2607 isti
1164 2579 1218 2607 ac
1244 2566 1413 2607 fratres
1436 2567 1658 2608 virtutem
1679 2567 1782 2607 obe-

145 2634 373 2685 dientiae,
397 2641 446 2675 ut
468 2647 632 2676 omnes
654 2643 819 2678 curent
839 2637 976 2678 dictis
1005 2637 1102 2689 ejus
1135 2638 1194 2678 ad
1222 2638 1424 2678 litteram
1447 2637 1654 2686 obedire,
1677 2649 1782 2677 cum

143 2716 383 2756 nunquam
415 2718 598 2747 memor
630 2707 768 2749 fuerit
805 2708 978 2760 aliquid
1013 2720 1062 2749 se
1092 2721 1149 2749 ex
1179 2709 1441 2749 obedientia
1469 2708 1782 2760 praecepisse.

143 2775 320 2816 Sufficit
347 2777 469 2817 enim
502 2788 635 2818 suam
664 2780 954 2820 voluntatem
984 2780 1073 2820 illis
1103 2781 1307 2832 signare,
1340 2779 1530 2820 Dictum
1561 2785 1630 2819 est
1660 2780 1783 2819 enim

142 2846 329 2887 cuidam
357 2847 486 2888 Patri
516 2855 565 2888 ut
599 2850 756 2890 statim
784 2856 998 2902 surgeret
1032 2857 1076 2891 et
1112 2852 1159 2891 in
1192 2851 1440 2891 ecclesiam
1475 2849 1777 2890 descenderet

143 2917 261 2967 (erat
295 2918 417 2958 enim
453 2924 563 2959 tune
593 2919 711 2960 hora
739 2922 1004 2972 matutina);
1036 2921 1238 2962 surrexit
1268 2922 1341 2961 1110
1370 2928 1414 2960 01
1450 2921 1497 2960 10
1531 2920 1777 2961 ecclesiam

143 2988 384 3028 descendit
412 2990 510 3029 sola
544 2990 732 3031 indutus
759 2991 1004 3037 subucula.
1036 2992 1187 3044 ibique
1209 2992 1255 3031 in
1277 2991 1487 3032 oratione
1507 2992 1780 3043 permansit;
