2074 3179
814 174 896 210 Ax.
929 175 1015 211 1551
1658 176 1729 212 267

96 281 258 310 carum
279 270 521 311 consilium
543 271 804 321 probemus.
824 271 890 311 Ita
912 271 959 311 fit
979 271 1076 310 fere
1092 277 1141 310 ut
1158 270 1270 309 victi
1292 270 1432 310 etiam
1454 271 1541 321 ipsi
1562 283 1723 322 paren-

100 347 170 380 tes
191 352 351 381 earum
372 341 514 381 animi
535 342 827 393 propositum
848 342 955 382 boni
976 343 1233 381 consulant.

177 410 342 451 Mulier
372 424 485 461 una,
516 411 562 452 14
591 424 738 453 annos
770 424 796 452 a
827 413 1051 453 daemone
1074 412 1280 460 obsessa,
1313 412 1510 452 liberata
1540 418 1633 461 est,
1671 424 1725 451 ac

96 494 271 534 magna
292 483 539 524 devotione
561 490 604 524 et
625 484 816 535 spiritus
844 484 1055 524 libertate
1082 482 1284 523 Domino
1314 483 1580 523 famulatur.
1612 483 1725 523 Item

97 554 202 604 alia,
227 565 365 604 quam
388 554 599 595 diabolus
619 556 644 595 3
664 567 814 595 annos
844 555 1104 595 obsederat.
1128 553 1223 594 Nec
1243 554 1432 604 mirum;
1457 554 1574 594 haec
1603 554 1725 594 enim

96 625 226 675 regio
248 625 294 665 in
324 626 446 665 valle
474 626 753 666 daemonum
781 626 892 676 sita,
922 631 967 666 et
994 625 1264 677 plenissima
1293 625 1572 665 daemonum
1599 630 1668 665 est
1698 623 1723 662 ¹.

96 694 224 746 Opus
245 703 488 747 praeterea
509 697 672 737 obtulit
693 697 826 737 nobis
846 696 1074 737 Dominus
1094 696 1321 747 proximis
1343 695 1524 745 diebus,
1550 695 1605 735 de
1635 707 1725 746 quo

95 778 151 806 ne
173 767 219 806 in
240 778 412 817 genere
433 768 618 819 quidem
638 768 841 808 scribere
862 768 987 817 licet;
1009 767 1212 807 fructum
1232 772 1413 806 tantum
1435 765 1533 818 ejus
1555 766 1722 815 dicam3

96 837 323 888 ejusmodi
344 839 468 878 enim
489 845 572 890 est,
595 851 686 890 quo
707 839 875 879 caedes
896 839 919 878 7
946 838 1205 888 hominum,
1235 837 1410 878 furtum
1437 849 1552 877 vero
1582 838 1724 888 pessi-

98 920 224 948 mum
249 909 296 948 15
317 917 397 949 aut
417 909 470 950 20
489 910 681 950 millium
704 922 952 950 aureorum
973 910 1161 950 vitatur.

174 980 276 1020 Hoc
299 992 421 1020 anno
443 992 617 1032 magna
637 986 708 1021 est
730 993 944 1021 annonae
971 981 1144 1021 caritas
1171 981 1219 1021 in
1242 980 1331 1020 hac
1355 981 1526 1031 insula,
1554 980 1725 1031 alioqui

94 1050 400 1102 feracissima,
420 1057 464 1091 et
486 1063 715 1103 pauperes
732 1058 990 1092 extremam
1007 1052 1248 1103 patiuntur
1264 1052 1484 1103 inopiam.
1499 1050 1725 1091 Dedimus

94 1134 286 1173 operam
307 1122 378 1162 his
399 1122 424 1161 4
443 1123 678 1163 mensibus
700 1130 749 1163 ut
767 1124 1093 1175 eleemosynae
1115 1123 1462 1174 colligerentur,
1486 1128 1583 1162 tum
1600 1135 1627 1162 a
1649 1134 1724 1173 pa-

93 1193 239 1233 tribus
263 1192 275 1211 ²
292 1192 459 1244 juratis
481 1201 578 1234 tum
599 1195 656 1234 ab
679 1194 804 1241 aliis,
829 1195 995 1246 quibus
1017 1194 1204 1245 aliquod
1224 1194 1480 1234 subsidium
1509 1193 1723 1245 pauperi-

93 1264 178 1303 bus
200 1270 323 1304 esset
344 1271 575 1316 paratum.
600 1264 693 1304 Eas
709 1271 866 1305 tamen
887 1265 1209 1316 eleemosynas
1229 1276 1315 1305 nos
1335 1276 1430 1304 non
1450 1264 1724 1315 attingimus

93 1346 178 1374 nec
201 1334 544 1385 distribuimus,
569 1335 650 1375 sed
671 1347 774 1375 eam
805 1346 966 1375 curam
994 1347 1096 1375 esse
1121 1335 1355 1375 voluimus
1381 1334 1579 1375 duorum
1608 1334 1725 1374 Mes-

93 1406 382 1455 sanensium,
407 1406 484 1458 qui
506 1413 549 1446 et
571 1418 732 1446 omnes
752 1418 982 1458 pauperes
1003 1418 1140 1446 nosse
1161 1407 1361 1458 possint,
1385 1412 1430 1446 et
1456 1412 1594 1446 vacet
1622 1406 1725 1445 illos

91 1476 361 1528 perquirere
386 1488 510 1524 gnam
530 1478 828 1529 eleemosyna
849 1478 999 1517 solum
1020 1477 1323 1529 pauperibus,
1354 1477 1518 1529 quibus
1540 1476 1725 1517 aliunde

90 1558 198 1598 spes
218 1548 344 1587 nulla
366 1554 455 1598 est,
482 1548 820 1600 dispensatur),
844 1554 888 1588 et
916 1549 993 1600 qui
1023 1548 1195 1600 alioqui
1220 1548 1402 1600 publice
1431 1549 1618 1600 probati
1645 1547 1724 1588 ho-

93 1618 243 1658 mines
266 1619 511 1659 habentur.
536 1619 627 1659 Res
649 1625 718 1659 est
739 1626 783 1659 et
804 1619 913 1659 boni
934 1619 1134 1671 exempli
1155 1626 1199 1660 et
1220 1619 1399 1660 fructus
1420 1631 1513 1659 non
1534 1619 1722 1659 modici.

172 1689 223 1729 In
244 1688 538 1741 expeditione
560 1690 846 1742 Aphricana‚
868 1702 972 1730 cum
989 1690 1087 1742 jam
1106 1690 1442 1742 Aphrodisium
1463 1702 1724 1742 expugnas-

90 1766 160 1800 set
180 1759 397 1811 Pro-rex,
420 1761 641 1802 Panormi
662 1769 871 1802 mortuus
891 1767 961 1802 est
981 1761 1101 1802 filius
1121 1762 1474 1813 primogenitus,
1498 1773 1645 1813 regno
1667 1762 1725 1802 ab

91 1843 144 1870 eo
165 1831 431 1882 praefectus
453 1832 735 1873 discedente.
760 1832 938 1873 Placuit
955 1832 1124 1884 juratis
1153 1845 1209 1873 ac
1236 1833 1417 1874 civitati
1446 1840 1495 1873 ut
1521 1844 1610 1884 ego
1639 1845 1724 1873 suo

90 1903 276 1942 nomine
304 1902 578 1954 Pro-regem
607 1904 825 1944 viserem.
855 1903 1096 1957 Jucundus
1122 1904 1164 1944 ei
1193 1904 1280 1944 fuit
1310 1904 1542 1944 adventus
1575 1915 1722 1945 meus.

89 1973 250 2025 Itaque
272 1985 377 2013 cum
394 1972 537 2024 jurati
557 1974 583 2013 5
602 1974 649 2015 in
681 1975 820 2015 exilio
843 1981 1012 2025 essent,
1036 1975 1173 2015 trium
1196 1974 1382 2026 quidem
1402 1975 1726 2015 liberationem

90 2055 178 2093 ego
199 2043 462 2096 impetravi,
482 2045 678 2085 duorum
700 2045 1111 2085 commutationem
1133 2046 1273 2096 exilii,
1294 2051 1343 2086 ut
1363 2047 1501 2097 longe
1522 2057 1724 2086 commo-

90 2114 194 2154 dius
213 2115 478 2155 habitarent
506 2123 550 2156 et
576 2116 767 2167 propius
796 2115 1081 2165 Messanam,
1109 2117 1232 2168 quod
1261 2117 1440 2157 civitati
1468 2123 1512 2157 et
1542 2117 1725 2167 publice

91 2192 134 2225 et
155 2185 376 2236 privatim
396 2193 671 2237 pergratum
690 2186 789 2227 fuit.

172 2255 419 2297 Societatis
440 2257 486 2296 in
507 2257 596 2297 hac
618 2258 806 2298 civitate
827 2265 957 2298 tanta
978 2265 1047 2298 est
1078 2259 1361 2299 existimatio
1392 2265 1437 2299 et
1465 2259 1725 2299 authoritas

92 2327 138 2366 in
159 2327 239 2367 X.0
260 2327 393 2380 Jesu,
416 2334 465 2368 ut
490 2328 587 2369 fere
618 2330 794 2380 omnia,
827 2341 946 2381 quae
971 2330 1032 2370 ad
1059 2330 1394 2371 conscientiam
1422 2331 1619 2371 attinent
1649 2331 1725 2370 vel

91 2398 320 2450 spiritum,
344 2399 403 2439 ad
422 2411 508 2439 nos
524 2399 802 2451 referantur;
821 2401 1193 2452 frequentissime
1210 2402 1334 2441 enim
1350 2401 1406 2442 de
1422 2401 1570 2442 variis
1586 2402 1724 2442 rebus

90 2470 391 2520 consulimur,
430 2470 566 2522 idque
595 2471 731 2522 adeo,
764 2479 813 2512 ut
848 2478 1009 2512 nostra
1043 2473 1132 2512 hac
1159 2472 1443 2513 authoritate
1472 2472 1725 2513 abutantur

90 2541 318 2591 nonnulli,
344 2541 381 2580 si
404 2542 514 2592 quid
535 2542 681 2581 velint
702 2542 979 2582 confirmare
1001 2544 1074 2583 vel
1097 2555 1340 2584 excusare,
1372 2542 1557 2583 Accidit
1584 2544 1725 2584 etiam

146 2746 155 2764 ¹
195 2746 305 2779 “Quod
321 2752 433 2775 autem
448 2748 487 2775 de
504 2748 620 2775 multis
635 2749 781 2776 obsessis
804 2756 824 2776 a
849 2749 1011 2776 daemone
1034 2749 1188 2784 superius
1214 2750 1305 2778 facta
1326 2750 1371 2778 sit
1394 2751 1529 2783 mentio,
1544 2751 1652 2779 minus
1667 2751 1725 2778 mi-

91 2793 233 2820 randum
256 2793 395 2822 Rectori
419 2794 561 2828 collegii
583 2795 810 2823 Messanensis
825 2796 1018 2831 videbatur,
1035 2804 1111 2826 cum
1131 2796 1288 2825 Messana
1303 2798 1335 2825 in
1351 2799 1442 2825 valle
1457 2820 1462 2832 ,
1481 2798 1532 2826 cui
1547 2798 1724 2826 Daemona

92 2847 222 2875 nomen,
237 2841 303 2868 sita
317 2841 372 2875 sit,
387 2849 448 2869 nec
461 2843 580 2877 procul
595 2843 637 2870 ab
652 2843 764 2877 aliquo
779 2850 836 2871 ore
848 2843 981 2877 inferni,
997 2848 1096 2878 prout
1112 2843 1313 2872 Sanctorum
1328 2845 1433 2879 aliqui
1446 2853 1590 2880 magnae
1605 2849 1722 2873 aucto·

91 2887 204 2915 sitatis
218 2893 467 2924 asseruerunt.„
483 2889 668 2921 POLANCUS.
689 2890 821 2924 Clzron„
836 2895 860 2918 t.
875 2898 908 2925 ιι,
925 2899 1004 2926 pag.
1019 2891 1081 2925 543,
1098 2899 1176 2919 ann.
1192 2892 1277 2926 1552,
1293 2900 1323 2919 n.
1338 2893 1400 2920 312.

146 2935 159 2953 Ξ
196 2935 445 2964 Abbreviatum
461 2938 663 2964 vocabulum
685 2941 735 2965 est
751 2938 784 2965 in
804 2946 881 2965 mss.
899 2938 960 2965 hoc
977 2939 1073 2966 modo
1086 2940 1230 2973 pribus,
1245 2940 1331 2974 quod
1353 2940 1422 2967 fere
1438 2948 1569 2975 semper
1584 2948 1645 2975 pro
1658 2944 1724 2975 pa-

99 2983 213 3009 tribus
227 2986 288 3010 est.
