2074 3179
246 113 316 150 288
757 114 986 152 Lir’rERAE
1013 126 1369 158 QUADmMEsrREs

247 209 355 250 dam
376 211 614 262 meretrix,
644 223 703 251 ex
728 217 827 252 toto
855 211 995 251 corde
1026 212 1085 252 ad
1107 212 1345 253 Christum
1379 224 1611 253 conversa
1639 220 1728 265 est,
1759 226 1881 266 quae

247 282 404 322 multis
431 294 538 323 cum
557 282 814 334 lachrymis
840 288 1004 334 postea
1031 283 1091 323 ad
1118 295 1226 334 nos,
1257 284 1505 324 confitendi
1532 284 1709 336 gratia,
1739 296 1880 337 saepe

247 352 381 393 redit.

328 424 582 476 Cujusdam
602 425 752 464 bonae
772 430 1015 465 matronae
1036 425 1180 474 filius,
1205 425 1282 477 qui
1299 425 1394 477 jam
1421 438 1503 477 per
1532 439 1681 467 annos
1703 427 1880 479 aliquot

246 507 335 536 usu
354 496 551 536 rationis
571 496 786 547 privatus
806 495 980 548 fuerat,
1008 508 1090 548 per
1117 496 1206 536 Dei
1232 497 1436 548 gratiam
1460 499 1648 538 omnino
1671 497 1730 538 ad
1758 500 1878 539 sani—

246 573 390 607 tatem
419 572 488 607 est
516 566 781 617 restitutus,
811 572 856 607 et
882 578 989 607 cum
1016 567 1119 608 aliis
1152 567 1373 607 studiosis
1403 568 1462 607 ad
1492 568 1808 610 confitendum
1836 576 1880 610 et

247 637 686 678 communicandum
707 638 903 688 singulis
918 637 1225 679 hebdomadis
1245 650 1295 678 se
1316 638 1483 679 devote
1505 646 1777 691 praeparat.

327 709 526 760 Quidam
547 709 745 750 studiosi
765 709 825 750 ad
844 709 1086 761 religionis
1106 710 1370 761 ingressum
1392 710 1568 750 inducti
1585 717 1706 759 sunt,
1726 712 1804 763 qui
1821 712 1880 752 ad

247 781 595 821 carthusienses
617 792 665 821 se
684 782 996 821 contulerunt.

326 851 657 893 Confitentium
678 864 900 892 numerus
920 852 1126 904 quotidie
1149 859 1370 904 augetur,
1397 859 1484 893 etc.

324 923 426 964 Hac
463 930 589 963 certe
629 923 992 975 quadragesima
1025 934 1198 974 magna
1231 923 1317 964 fuit
1352 924 1669 964 studiosorum
1705 924 1764 965 ad
1803 937 1881 964 no-

246 999 369 1034 stras
397 994 536 1034 aedes
562 994 837 1046 frequentia,
869 994 1119 1034 confitendi
1149 1007 1205 1035 ac
1241 995 1537 1045 consulendi,
1561 996 1637 1035 Vel
1664 995 1774 1035 boni
1803 996 1884 1036 ali-

246 1065 357 1117 quid
377 1065 596 1105 audiendi
616 1065 792 1116 gratia;
816 1077 903 1106 nec
923 1077 1073 1117 parvo
1095 1077 1202 1122 cum
1226 1065 1383 1106 fructu
1411 1067 1477 1106 eis
1506 1066 1681 1118 aliquid
1702 1072 1879 1118 tempo-

244 1137 310 1177 ris
343 1142 413 1177 est
447 1137 724 1188 impensum.
761 1136 907 1189 Spero
942 1137 1112 1177 multas
1146 1137 1328 1177 animas
1358 1137 1544 1178 Christo
1573 1143 1878 1189 recuperatas

245 1219 348 1248 esse
369 1220 451 1260 per
472 1208 619 1259 ipsius
646 1209 866 1260 gratiam.
895 1208 1020 1248 Inter
1053 1209 1170 1248 alios
1204 1208 1394 1260 quidam
1421 1208 1627 1259 fuerunt,
1658 1208 1736 1260 qui
1756 1214 1882 1249 totos

244 1279 413 1331 Viginti
434 1281 510 1320 vel
529 1280 723 1331 triginta
745 1292 894 1320 annos
915 1280 974 1320 ad
994 1279 1310 1320 confitendum
1336 1292 1430 1320 non
1458 1286 1780 1331 accesserant,
1804 1281 1881 1332 qui

245 1357 402 1392 tamen
422 1351 570 1392 vitam
591 1351 780 1392 omnino
802 1352 1040 1403 corrigere
1060 1358 1419 1403 proposuerunt.

325 1422 532 1474 Singulis
553 1423 798 1463 dominicis
819 1423 982 1463 diebus
1003 1423 1120 1463 duas
1135 1422 1489 1463 exhortationes
1505 1422 1662 1473 habui,
1683 1429 1727 1462 et
1748 1430 1882 1463 sexta

244 1494 361 1535 feria
389 1500 581 1534 sanctae
597 1493 933 1548 ahebdomadae
959 1506 1043 1546 per
1077 1500 1276 1546 quatuor
1304 1494 1446 1534 horas
1482 1493 1656 1545 aliquid
1687 1493 1742 1534 de
1772 1493 1882 1533 Pas-

245 1567 375 1606 sione
397 1565 572 1606 Christi
593 1566 691 1606 dixi
711 1578 817 1606 cum
837 1577 1010 1617 magna
1031 1565 1273 1606 hominum
1293 1565 1637 1606 satisfactione:
1667 1565 1881 1617 sequenti

246 1637 319 1678 die
354 1643 398 1677 et
436 1643 574 1678 nocte
613 1637 922 1678 solemnitatis
956 1637 1199 1678 Paschalis
1234 1636 1605 1677 confessionibus
1640 1635 1883 1676 audiendis

244 1710 432 1750 vacavi.

325 1781 485 1821 Mense
505 1782 704 1833 Aprilis,
737 1781 950 1833 corporis
968 1780 1205 1821 debilitate
1231 1781 1494 1832 impeditus,
1518 1781 1693 1820 nullam
1714 1779 1881 1820 exhor-

246 1853 471 1893 tationem
492 1853 539 1893 in
565 1853 750 1905 publico
777 1853 950 1894 habere
981 1853 1133 1904 potui:
1167 1852 1292 1892 domi
1319 1858 1476 1892 tamen
1505 1857 1696 1891 nostrae
1724 1851 1882 1891 multis

245 1923 618 1965 confessionibus
645 1925 890 1965 audiendis
918 1931 962 1965 et
989 1924 1269 1976 quibusdam
1295 1923 1592 1975 generalibus
1624 1928 1880 1974 occupatus

243 1996 327 2044 sui,
352 2002 397 2036 et
418 1996 531 2036 mihi
558 1997 756 2036 multum
785 1996 939 2036 solatii
973 1995 1099 2036 dedit
1118 1995 1244 2035 Vitae
1270 1996 1391 2035 male
1417 1995 1558 2046 prius·
1575 2000 1709 2034 actae
1730 1994 1779 2034 in
1800 1994 1877 2034 bo-

242 2078 352 2107 nam
370 2068 588 2118 mutatio,
612 2079 753 2119 quam
773 2068 821 2107 in
843 2066 1121 2119 quibusdam
1142 2073 1363 2118 expertus
1384 2078 1501 2106 sum.

321 2137 471 2190 Saepe
491 2139 551 2179 ad
572 2138 780 2179 infirmos
800 2150 948 2179 vocor
967 2144 1012 2178 et
1032 2150 1113 2178 eos
1133 2138 1212 2190 qui
1229 2137 1407 2178 obsessi
1424 2143 1647 2188 putantur
1665 2149 1673 2176 :
1691 2137 1879 2189 quando

242 2210 355 2261 ipsis
377 2210 567 2261 adsum,
592 2210 680 2250 Dei
701 2210 877 2261 gratia,
902 2210 1067 2250 melius
1087 2209 1275 2250 habent.

320 2281 561 2322 Habemus
578 2281 765 2333 quidem
780 2281 1096 2332 adversarios,
1116 2280 1198 2321 sed
1215 2281 1372 2332 plures
1388 2285 1782 2331 propugnatores,
1803 2280 1878 2331 qui

242 2351 586 2393 detrahentium
607 2365 690 2393 ora
710 2353 887 2394 faciant
909 2353 1247 2393 obmutescere.

322 2423 533 2464 Misimus
562 2423 762 2464 Romam
791 2424 877 2464 13.a
909 2424 1067 2465 martii
1104 2423 1432 2464 charissimum
1466 2422 1660 2463 fratrem
1693 2421 1875 2462 Baldui·

239 2504 349 2533 num
374 2492 382 2511 ¹
406 2505 512 2533 cum
532 2494 682 2534 tribus
703 2494 805 2534 aliis
826 2494 1067 2545 studiosis,
1091 2493 1170 2546 qui
1191 2492 1324 2532 donis
1346 2492 1433 2532 Dei
1454 2504 1547 2532 non
1575 2497 1880 2532 contemnen-

241 2564 312 2604 dis
333 2570 441 2605 sunt
462 2564 626 2606 dotati.

319 2635 414 2677 Sub
440 2635 645 2687 Augusti
677 2636 815 2677 finem
840 2643 936 2677 tres
964 2637 1039 2677 vel
1068 2643 1269 2689 quatuor
1299 2643 1378 2676 aut
1417 2636 1535 2676 forte
1574 2636 1750 2686 plures,
1789 2634 1871 2685 qui

239 2707 439 2759 praediti
459 2707 600 2748 etiam
621 2713 728 2748 sunt
748 2708 1042 2748 naturalibus
1068 2707 1156 2748 Dei
1183 2708 1316 2748 donis
1337 2719 1430 2747 non
1451 2705 1767 2747 mediocribus
1786 2737 1793 2755 ,
1821 2705 1880 2744 ad

297 2844 304 2863 ¹
345 2843 521 2871 Baudouin
547 2843 698 2878 Delange
723 2844 779 2878 (ab
804 2844 961 2879 Angelo),
983 2846 1023 2871 ne'
1050 2845 1069 2871 ῑι
1091 2843 1197 2879 Liege
1221 2852 1261 2871 en
1289 2844 1369 2875 1535,
1396 2843 1503 2871 admis
1528 2844 1546 2869 a
1570 2842 1727 2870 Louvain
1743 2849 1783 2869 en
1801 2841 1880 2875 1551,

239 2896 326 2918 mort
342 2893 362 2918 ῑι
373 2891 478 2925 Licg‘c
495 2892 628 2925 en16013
646 2892 667 2918 il
684 2892 732 2919 fut
747 2897 881 2918 recteur
897 2894 916 2919 ῑι
931 2891 1154 2926 Saint-Omer,
1171 2893 1190 2919 a
1204 2891 1381 2924 Louvain,
1401 2894 1419 2919 ’ξι
1434 2891 1556 2925 Liege,
1580 2894 1613 2917 et
1628 2889 1820 2925 provincial
1837 2889 1876 2916 de

240 2939 402 2974 Belgique
420 2939 458 2965 de
478 2939 540 2966 1571
561 2940 579 2965 Ξι
596 2939 911 2973 msa—Damus,
932 2940 952 2967 Ι.
969 2947 999 2967 c.
