2074 3179
218 165 289 202 418
728 166 952 204 LirrERAE
981 179 1338 211 QUADRmffis'rREs

988 622 1082 675 GV

288 851 334 887 P.
357 849 521 887 Paulus
542 851 584 887 d'
605 849 792 887 Achillis

336 915 459 952 Patri
478 915 648 963 Ignatio
668 915 722 952 de
738 915 920 962 Loyola.

382 980 614 1027 Panormo,
636 980 660 1017 8
678 979 955 1027 Septembris
977 981 1064 1018 1551
1090 982 1113 1016 ¹.

799 1172 978 1226 JESUS
1006 1175 1033 1221 †
1063 1172 1266 1214 MARIA

291 1334 457 1376 Gratia
479 1341 523 1375 et
544 1347 638 1386 pax
659 1334 849 1375 Domini
869 1334 1028 1375 Nostri
1048 1334 1160 1387 Jesu
1182 1335 1357 1376 Christi
1378 1347 1562 1387 semper
1584 1336 1787 1377 abundet
1804 1338 1851 1376 in

210 1406 434 1447 cordibus
455 1406 644 1446 nostris.
667 1405 836 1446 Amen.

288 1477 380 1518 Pro
407 1489 537 1517 more
570 1490 596 1517 a
626 1477 783 1517 multis
809 1477 1048 1517 mensibus
1071 1490 1098 1518 a
1119 1483 1184 1528 te,
1220 1477 1545 1518 colendissime
1572 1478 1726 1529 Pater,
1755 1490 1846 1518 non

208 1549 361 1589 minus
387 1549 461 1600 pie
489 1560 629 1600 quam
649 1548 903 1600 prudenter
931 1549 1157 1600 instituto,
1186 1561 1364 1600 eorum,
1388 1561 1507 1601 quae
1533 1550 1580 1589 in
1601 1550 1690 1590 hac
1718 1550 1846 1600 urbe,

208 1632 289 1671 per
318 1632 413 1671 eos,
447 1621 526 1672 qui
553 1632 603 1660 se
629 1625 753 1660 totos
779 1619 1114 1660 Sanctissimae
1141 1620 1253 1673 Jesu
1287 1619 1511 1661 Societati
1538 1621 1846 1671 devoverunt,

207 1691 335 1732 Deus
356 1691 570 1743 Optimus
590 1691 827 1731 Maximus
847 1691 919 1731 his
947 1697 1149 1743 quatuor
1170 1692 1350 1732 exactis
1370 1692 1585 1744 proxime
1608 1693 1845 1733 mensibus

206 1763 391 1814 operari
413 1763 633 1814 dignatus
651 1768 741 1812 est,
765 1762 995 1803 rationem
1015 1762 1299 1814 redditurus,
1321 1775 1347 1803 a
1368 1763 1581 1815 profectu
1602 1764 1845 1816 discipulo-

205 1846 323 1885 rum,
347 1834 478 1886 cujus
498 1846 584 1874 nos
604 1834 845 1886 poenitere
867 1846 957 1874 non
980 1840 1148 1886 potest,
1173 1834 1514 1887 auspicandum
1532 1835 1707 1875 censui.

285 1905 459 1958 Omnes
486 1905 720 1957 discipuli,
751 1917 950 1958 quorum
985 1905 1205 1957 frequens
1242 1917 1426 1958 semper
1459 1912 1529 1946 est
1565 1906 1623 1947 ad
1657 1912 1847 1947 nostras

204 1978 391 2018 scholas
413 1983 457 2017 et
474 1989 753 2017 numerosus
775 1988 1048 2028 concursus,
1073 1989 1157 2017 sex
1179 1978 1420 2018 ordinibus
1443 1990 1498 2018 ac
1518 1978 1664 2018 veluti
1687 1978 1845 2018 classi-

202 2049 288 2089 bus
309 2048 558 2099 distributi,
582 2048 672 2088 Dei
693 2047 869 2100 Optimi
890 2047 1086 2088 Maximi
1112 2060 1321 2099 munere,
1344 2048 1404 2089 ad
1425 2060 1561 2088 omne
1582 2049 1770 2089 virtutis
1791 2061 1849 2089 ac

203 2120 479 2160 eruditionis
513 2131 664 2172 genus
698 2131 899 2171 magnos
937 2131 1222 2171 progressus
1257 2119 1462 2172 quotidie
1496 2119 1688 2160 faciunt.
1725 2119 1845 2160 Nam

203 2198 534 2245 praeceptores
569 2192 696 2232 omni
731 2191 875 2232 animi
910 2191 1206 2232 contentione
1238 2192 1455 2232 laborant
1485 2198 1535 2232 ut
1566 2204 1659 2232 non
1694 2193 1843 2232 solum

202 2264 450 2318 doctrinae
464 2263 658 2314 semina,
683 2263 765 2303 sed
786 2263 992 2314 pietatiS,
1017 2263 1143 2302 omni
1164 2274 1349 2303 morum
1374 2263 1615 2315 pravitate
1638 2263 1772 2315 (quae
1794 2263 1840 2303 in

202 2335 436 2375 nonnullis
453 2334 638 2375 radices
658 2335 796 2374 altius
813 2334 992 2385 egerat)
1010 2334 1223 2386 stirpitus
1235 2336 1413 2385 evulsa,
1430 2335 1547 2375 bene
1561 2335 1697 2375 cultis
1714 2347 1841 2375 man-

203 2406 311 2447 dent
333 2406 517 2446 animis.
542 2406 609 2446 Ita
632 2405 681 2446 fit
701 2412 751 2446 ut
771 2418 865 2446 non
886 2406 1024 2446 modo
1047 2406 1281 2457 corruptis
1310 2417 1493 2457 semper
1515 2406 1688 2457 aliquid
1710 2406 1838 2446 dece-

202 2478 281 2518 dat
302 2477 523 2527 moribuS,
549 2477 632 2517 sed
652 2477 712 2517 ad
734 2476 954 2517 virtutem
975 2482 1019 2516 et
1040 2477 1350 2517 eruditionem
1378 2487 1551 2528 magna
1584 2476 1664 2516 fiat
1686 2488 1838 2516 acces-

202 2549 285 2590 sio.
298 2548 549 2588 Potissima
563 2552 719 2588 tamen
735 2546 1017 2599 impenditur
1035 2559 1179 2599 opera
1197 2548 1243 2587 in
1261 2548 1433 2588 teneris
1449 2559 1700 2599 puerorum
1718 2559 1841 2588 men-

203 2620 323 2660 tibus
341 2619 467 2659 omni
483 2629 657 2670 genere
673 2618 860 2669 pietatis
878 2624 921 2658 et
939 2618 1181 2669 religionis
1198 2618 1471 2668 imbuendis;
1492 2630 1577 2658 nec
1596 2624 1691 2658 tam
1707 2630 1839 2670 prae-

202 2691 469 2743 ceptoribus
484 2689 703 2730 videntur
720 2689 1027 2740 promovisse,
1047 2690 1126 2740 qui
1143 2690 1422 2730 dexteritate
1438 2689 1612 2740 ingenii
1630 2689 1839 2730 celeriter

256 2850 266 2870 ¹
305 2849 554 2884 Autographae
572 2849 667 2876 Pauli
683 2849 711 2875 d'
724 2848 870 2876 Achillis
885 2847 1024 2876 litterae
1039 2852 1115 2876 sunt
1133 2849 1164 2876 in
1179 2849 1258 2876 solio
1275 2849 1399 2884 duplici
1414 2849 1494 2876 olim
1504 2849 1556 2876 369
1571 2853 1603 2877 et
1617 2849 1678 2881 370.
1693 2853 1779 2878 nunc
1793 2850 1839 2877 30.

202 2898 328 2932 Aliqua
350 2898 382 2924 in
407 2898 455 2924 eis
480 2896 677 2924 emendavit
702 2899 761 2923 aut
786 2895 1003 2923 oblitteravit
1026 2895 1203 2923 Polancus.
1224 2896 1354 2923 Earum
1373 2900 1487 2924 autem
1511 2897 1558 2924 sic
1581 2898 1837 2926 emendatarum

202 2946 404 2979 exemplum.
419 2952 439 2971 a
455 2943 489 2971 P.
508 2943 683 2970 Bernardo
700 2942 851 2970 Oliverio
867 2942 1066 2975 consectum¹
1084 2943 1247 2970 habemus
1263 2942 1294 2970 in
1312 2943 1400 2971 foliis
1422 2943 1457 2970 36
1471 2948 1504 2971 et
1524 2944 1558 2971 37
1574 2944 1705 2972 Codicis
1721 2945 1839 2973 1551.—

203 2992 270 3019 Nos
285 2993 339 3020 hic
354 2991 590 3025 autographas
606 2991 741 3018 litteras
757 2991 1034 3018 transcribemus.
