2074 3179
911 130 993 167 Ax.
1026 132 1112 168 1551
1763 135 1832 170 4113

201 226 301 276 ipso
319 226 367 266 P.
392 225 647 266 Paschasio
670 228 767 266 sola
786 226 1078 267 confessione
1098 227 1293 267 liberata
1315 227 1414 277 fuit,
1438 240 1705 280 paucosque
1728 238 1829 280 post

200 296 299 335 dies
319 308 378 336 ex
399 297 488 337 hoc
511 297 648 337 exilio
673 297 730 337 ad
751 298 952 348 patriam
973 298 1169 338 feliciter
1191 298 1425 349 migravit.

279 367 404 407 Idem
425 368 473 407 Ρ.
500 369 546 408 in
568 368 824 409 christiana
852 369 940 408 fide
968 368 1084 409 duos
1111 369 1312 409 erudivit
1343 369 1586 409 hebraeos.
1621 370 1828 420 Quorum

199 438 331 488 alter,
356 439 433 478 ubi
454 439 646 479 edoctus
667 439 766 489 fuit,
791 452 882 480 uno
899 446 943 479 et
960 439 1122 479 eodem
1144 440 1217 480 die
1238 440 1500 491 baptizatus
1518 439 1617 487 fuit,
1643 446 1686 480 et
1705 442 1827 480 sacri

200 509 288 549 olei
309 510 577 550 unctionem
598 511 801 562 suscepit
820 543 827 562 ‚
852 523 906 551 ac
928 511 988 550 ad
1010 523 1203 562 superos
1225 511 1510 551 convolavit.
1540 510 1828 551 Reconcilia-

203 580 266 619 vit
278 592 460 632 quoque
477 580 578 621 Deo
598 582 844 633 quemdam
857 593 1034 630 eorum,
1055 582 1132 632 qui
1156 582 1264 621 olim
1282 582 1326 622 in
1343 581 1587 621 Lusitania
1605 582 1826 633 baptizati

200 651 348 702 fuere,
373 658 416 691 et
438 652 496 692 ad
518 653 743 693 vomitum
768 652 987 704 judaismi
1017 665 1236 692 reversus
1262 653 1433 703 fuerat;
1465 664 1555 704 quo
1587 653 1632 692 in
1665 665 1825 693 errore

196 722 349 762 adhuc
370 723 537 762 vivunt
560 722 658 774 ejus
675 723 1025 774 consanguinei.

275 793 376 833 Hoc
397 794 538 834 etiam
557 795 918 845 praeterendum
944 806 1035 834 non
1067 795 1198 845 duxi,
1234 795 1358 846 quod
1389 806 1495 834 cum
1525 795 1582 834 ab
1612 795 1826 834 omnibus

199 864 283 914 piis
304 864 589 916 hominibus,
613 872 710 906 tum
730 866 1009 917 praesertim
1030 878 1056 905 a
1078 866 1323 917 religiosis,
1347 865 1599 916 diligimur,
1633 866 1711 917 qui
1732 878 1824 906 ma-

196 935 434 986 ximopere
455 942 618 976 nostro
639 936 845 987 gaudent
866 937 1091 987 instituto,
1123 937 1374 987 praecipue
1400 936 1570 977 fratres
1600 937 1822 983 minores,

194 1017 311 1056 quos
341 1007 482 1057 vulgo
517 1008 801 1058 capuccinos
828 1014 1024 1058 vocant,
1056 1008 1331 1058 quibuscum
1361 1007 1568 1048 maxima
1599 1008 1733 1048 nobis
1761 1008 1823 1048 in-

195 1076 389 1116 tercedit
411 1077 706 1118 familiaritas
727 1084 770 1118 et
791 1078 1129 1118 benevolentia.
1160 1078 1348 1118 Accidit
1376 1084 1438 1128 ut,
1475 1090 1581 1118 cum
1602 1090 1687 1119 nos
1710 1079 1821 1119 indi-

192 1158 305 1197 gere
326 1153 568 1198 putarent,
594 1149 778 1189 illorum
807 1150 898 1189 duo
919 1149 978 1189 ad
998 1161 1083 1189 nos
1107 1150 1262 1190 onusti
1283 1150 1589 1200 accesserint,
1623 1161 1740 1201 quos
1774 1158 1823 1190 ut

196 1217 290 1257 vidi
325 1230 490 1258 saccos
524 1220 688 1270 plenos
722 1220 927 1260 humeris
961 1226 1221 1271 gestantes,
1264 1221 1352 1260 illis
1393 1221 1582 1260 obviam
1621 1221 1820 1272 prodivi,

191 1289 481 1339 existimans,
517 1290 573 1329 ob
601 1290 948 1342 eleemosynam
978 1291 1262 1342 quaesitam,
1300 1292 1423 1342 apud
1451 1303 1536 1332 nos
1565 1291 1819 1343 defatigata

191 1361 399 1400 membra
428 1361 547 1400 velle
577 1373 816 1412 recreare;
850 1368 896 1401 at
926 1362 1138 1413 inquiunt
1165 1363 1250 1402 illi:
1285 1363 1345 1402 ad
1374 1374 1461 1402 vos
1493 1363 1548 1403 de
1577 1363 1819 1404 hortorum

191 1437 461 1471 nostrorum
482 1431 709 1472 fructibus
731 1432 847 1472 haec
869 1433 1079 1484 tulimus3
1104 1434 1180 1485 qui
1202 1434 1344 1473 etiam
1371 1434 1605 1485 nonnulli,
1637 1446 1743 1475 cum
1765 1447 1821 1475 ex

193 1503 306 1552 illis,
331 1508 428 1543 tum
450 1514 508 1542 ex
529 1503 729 1543 caeteris
748 1503 1052 1554 religionibus
1074 1505 1325 1544 conciones
1342 1505 1550 1544 audiunt.

268 1574 397 1614 Haec
419 1580 547 1624 sunt,
571 1573 670 1614 Rssle
695 1573 848 1622 Pater,
873 1587 991 1626 quae
1012 1575 1095 1615 tibi
1116 1576 1164 1615 in
1184 1576 1450 1628 praesentia
1472 1576 1720 1617 scribenda
1749 1589 1818 1617 oc-

190 1651 450 1695 currerunt,
475 1651 518 1684 et
556 1645 647 1685 alia
672 1657 766 1686 non
795 1657 947 1697 pauca
975 1647 1089 1686 mihi
1118 1647 1349 1687 excidisse
1375 1647 1486 1687 scio.
1521 1647 1650 1687 Haec
1678 1648 1717 1688 si
1746 1660 1819 1688 ex-

189 1715 466 1766 spectationi
486 1722 594 1755 tuae
615 1728 708 1756 non
729 1716 1057 1768 satisfecerint,
1081 1729 1166 1757 nos
1187 1717 1243 1757 de
1264 1717 1552 1769 negligentia
1572 1718 1820 1769 reprehen-

190 1786 370 1834 damur,
395 1786 495 1826 Deo
517 1792 688 1837 tamen,
713 1787 943 1827 bonorum
964 1788 1169 1828 omniurn
1187 1789 1383 1839 auctori,
1403 1789 1586 1840 gratiae
1609 1789 1664 1829 de
1686 1789 1821 1830 bonis

190 1857 402 1907 agendae
425 1863 583 1907 erunt,
615 1858 693 1909 qui
720 1869 806 1897 nos
830 1859 875 1898 in
897 1870 981 1898 sua
1002 1859 1157 1910 gratia
1179 1871 1464 1900 conservare
1486 1866 1530 1900 et
1553 1871 1726 1911 augere
1755 1861 1820 1900 di—

190 1934 374 1978 gnetur.
399 1927 532 1978 Quod
553 1928 739 1979 quidem
761 1935 810 1968 ut
838 1929 1150 1980 obtineamus,
1185 1930 1496 1970 sanctissimis
1526 1930 1617 1971 tuis
1646 1931 1817 1971 sacrifi-

191 1999 276 2038 ciis
298 2005 342 2038 et
364 1999 653 2038 orationibus
675 1999 910 2039 humiliter
931 2011 1016 2039 nos
1043 2001 1399 2041 commendatos
1421 2001 1648 2052 cupimus.

272 2069 446 2109 Datum
461 2069 709 2109 Ferrariae
730 2069 793 2108 3.0
815 2081 965 2110 nonas
987 2069 1273 2122 Septembris
1294 2071 1496 2112 M.D.Ll.

273 2140 325 2179 R.
352 2140 400 2180 P.
423 2140 617 2193 Joannis
634 2139 778 2191 jussu.

271 2211 446 2251 Servus
468 2211 513 2251 in
535 2211 658 2252 Ch.t0
681 2212 919 2262 indignus,

1093 2356 1162 2408 Jo.
1194 2356 1353 2395 BAP.TA
1383 2369 1442 2396 DE
1470 2357 1596 2409 Jfisu.

272 2565 640 2617 Superscm'ptz'o.
682 2566 950 2608 Admodum
987 2566 1088 2607 R.d0
1133 2567 1180 2607 in
1219 2567 1406 2608 Christo
1446 2567 1572 2608 Patri
1618 2569 1820 2609 Domino

191 2635 371 2686 lgnatio
389 2637 445 2677 de
464 2636 658 2688 Loyola‚
678 2637 950 2690 Praeposito
968 2639 1188 2679 Generali
1204 2638 1454 2679 Societatis
1475 2640 1599 2692 Jesu,
1625 2640 1815 2680 Romae.

270 2707 379 2747 Alsa
402 2720 570 2748 manu:
596 2709 710 2749 1551.
737 2710 884 2760 Quad.
908 2710 1069 2750 Ferra.
1093 2710 1118 2750 3
1141 2710 1197 2750 de
1217 2710 1399 2761 7b.—Q.
1423 2718 1467 2750 et
1489 2711 1579 2750 An.
1604 2723 1647 2750 v.
