2074 3179
231 138 302 175 388
741 135 966 172 LITTERAE
994 144 1352 177 QUADRmOESTREs

221 248 275 276 eo
306 235 607 275 vehementer
635 232 984 283 commendata,
1017 243 1045 271 a
1072 231 1427 282 quamplurimis
1457 231 1639 271 servari
1672 242 1728 270 ac
1758 230 1857 270 fieri

224 313 387 358 postea
406 306 542 346 nobis
562 305 751 357 quidam
772 303 890 343 civis
911 302 1085 342 retulit.

302 377 621 418 Concionatus
642 382 711 415 est
731 375 854 415 idem
871 373 1011 413 Pater
1026 385 1110 424 per
1131 372 1252 412 hanc
1269 372 1683 424 quadragesimam
1699 374 1862 413 diebus

223 449 468 490 dominicis
502 449 549 488 in
585 446 788 498 quodam
822 444 1111 485 monasterio
1145 443 1295 484 nostri
1330 443 1541 495 Collegii,
1579 444 1656 495 qui
1691 444 1858 484 dicitur

222 520 383 562 Sancti
403 519 620 573 Joannis3
646 518 713 557 sic
735 523 891 557 autem
919 516 1134 556 omnibus
1160 521 1325 567 gratus
1357 520 1479 565 erat,
1512 521 1561 554 ut
1589 527 1682 555 non
1713 517 1861 555 solum

221 603 480 644 permagna
509 590 608 642 ejus
636 589 864 629 ecclesiae
893 587 1140 628 multitudo
1164 586 1223 626 ad
1243 585 1528 626 audiendum
1557 598 1663 626 eum
1694 598 1861 627 conve-

221 664 364 714 nerit,
390 663 471 703 sed
503 674 561 702 ex
591 661 679 701 hoc
711 661 852 700 etiam
883 659 1053 711 oppido
1085 658 1227 710 aliqui
1257 669 1316 697 ex
1345 657 1647 708 optimatibus
1674 657 1721 697 in
1751 658 1862 698 illud

221 734 557 776 monasterium
585 744 634 772 se
663 731 929 772 conferrent
964 730 1023 770 ad
1053 742 1159 770 eum
1189 728 1486 770 audiendum.
1516 728 1671 768 Distat
1705 734 1860 769 autem

221 807 421 847 Monson
447 805 529 853 tsic
551 804 675 844 enim
695 802 865 843 dicitur
887 801 1125 853 oppidum>
1150 801 1338 841 circiter
1360 799 1450 840 duo
1472 800 1690 840 milliaria
1713 812 1740 840 a
1768 811 1862 840 mo-

222 877 447 918 nasterio.
1012 872 1014 875 '

301 948 372 988 De
395 947 496 987 aliis
516 946 757 998 fratribus,
781 945 860 997 qui
882 945 942 985 ad
962 944 1124 985 varias
1145 943 1370 984 ecclesias
1396 943 1527 982 missi
1544 948 1666 993 sunt,
1691 942 1861 982 similia

222 1026 300 1061 aut
317 1019 413 1060 fere
431 1018 595 1059 eadem
612 1016 862 1058 scribenda
878 1022 1026 1067 erant,
1047 1027 1166 1067 quae
1184 1014 1240 1054 de
1257 1014 1588 1066 superioribus;
1609 1025 1734 1064 nam,
1756 1025 1861 1053 cum

222 1092 344 1132 idem
370 1090 602 1130 Dominus
631 1088 788 1129 omnia
817 1088 935 1128 haec
967 1092 1144 1138 ageret,
1182 1085 1391 1125 varietas
1427 1085 1861 1135 instrumentorum,

221 1174 340 1214 quae
361 1160 652 1202 similitudini
672 1160 889 1212 proxima
912 1163 1028 1209 erat,
1053 1169 1221 1210 parum
1243 1162 1322 1197 aut
1342 1156 1459 1196 nihil
1481 1168 1596 1207 opus
1628 1156 1860 1206 variabat;

221 1233 500 1286 praesertim
521 1244 648 1283 cum,
673 1237 723 1271 ut
744 1231 855 1282 dixi,
881 1241 1043 1270 omnes
1064 1229 1236 1270 fratres
1259 1228 1307 1268 in
1327 1227 1373 1268 id
1394 1227 1688 1280 potissimum
1717 1227 1863 1268 inten—

222 1305 373 1346 derint
393 1310 442 1344 ut
465 1315 673 1344 amorem
692 1308 905 1343 mutuum
925 1301 1215 1350 inducerent,
1240 1299 1317 1351 qui
1347 1299 1394 1339 in
1425 1299 1515 1338 hac
1543 1299 1736 1349 regione
1766 1298 1862 1339 fere

222 1377 456 1417 extinctus
477 1374 741 1415 videbatur.
766 1373 914 1413 Multa
938 1361 1045 1412 odia
1067 1378 1111 1412 et
1141 1370 1412 1411 inimicitias
1445 1370 1732 1421 dissiparunt
1758 1381 1863 1421 gra-

221 1460 319 1500 ves,
339 1449 461 1488 inter
480 1458 598 1499 quas
614 1445 844 1486 Dominus
859 1444 1071 1496 Ignatius
1091 1442 1100 1462 ¹
1120 1442 1272 1483 effecit
1294 1448 1344 1482 ut
1364 1448 1584 1493 parentes
1604 1453 1768 1481 necem
1790 1453 1862 1481 cu-

217 1519 405 1572 jusdam
424 1519 519 1570 filii,
545 1530 686 1571 quam
706 1522 944 1557 recentem
961 1515 1193 1564 dicebant,
1215 1513 1505 1554 interfectori
1526 1513 1867 1563 condonarent,

223 1591 345 1644 quod
367 1591 510 1631 etiam
531 1589 747 1641 cognatis
772 1587 1020 1640 persuasit.
1055 1585 1189 1626 Multi
1219 1597 1277 1625 ex
1304 1585 1396 1635 hiS,
1429 1585 1508 1636 qui
1535 1584 1581 1624 in
1610 1584 1864 1624 amicitiam

222 1663 571 1714 redigebantur,
596 1673 703 1701 cum
725 1660 780 1701 de
803 1659 932 1711 agris
956 1664 1034 1699 aut
1054 1657 1265 1710 pecuniis
1287 1656 1523 1696 contentio
1546 1662 1666 1707 erat,
1693 1667 1752 1696 ex
1774 1667 1863 1708 qua

222 1735 381 1775 odium
401 1734 554 1774 fuerat
576 1733 811 1783 obortum,
834 1730 1060 1771 fratribus
1082 1740 1131 1769 se
1159 1739 1336 1779 suaque
1364 1727 1738 1777 committebant,
1770 1727 1863 1767 ani-

222 1818 326 1848 mae
348 1805 487 1846 saluti
508 1804 689 1845 intenti.

301 1878 373 1918 Ex
393 1877 471 1917 illo
491 1888 584 1916 uno
605 1875 861 1915 maximam
882 1873 1135 1925 quamdam
1157 1872 1446 1923 voluptatem
1468 1871 1516 1910 in
1537 1869 1741 1910 Domino
1763 1881 1863 1921 per-

223 1950 435 2002 cipimus,
459 1948 598 2000 quod,
623 1957 919 1999 quocumque
941 1945 1181 1995 abeamus,
1202 1943 1249 1983 in
1265 1942 1501 1982 montibus
1518 1948 1562 1982 et
1585 1941 1712 1992 agris
1732 1953 1864 1992 prae·
1900 1976 1903 1978 ,

222 2027 358 2074 cepta
377 2020 568 2061 Domini
589 2025 634 2059 et
656 2017 825 2058 similia
849 2029 874 2057 a
896 2016 1054 2069 pueris
1076 2015 1182 2056 cani
1205 2014 1440 2065 audimus,
1466 2013 1544 2065 qui
1571 2018 1710 2053 antea
1736 2013 1863 2052 velut

222 2106 249 2134 a
282 2092 527 2133 cunabulis
557 2090 823 2143 juramenta
861 2094 905 2128 et
940 2087 1095 2139 turpia
1130 2086 1278 2126 verba
1314 2085 1536 2126 imbibere
1565 2083 1859 2124 videbantur.

219 2165 324 2206 Non
343 2163 483 2216 pauci
505 2162 565 2203 ad
583 2173 670 2202 nos
690 2167 740 2201 ut
758 2160 1068 2201 confiteantur
1090 2157 1333 2207 accedunt,
1357 2156 1534 2196 relictis
1556 2154 1865 2194 ecclesiarum

220 2247 412 2277 suarum
433 2233 714 2283 rectoribus,
739 2237 788 2272 ut
810 2231 920 2283 quid
941 2230 1103 2270 sanius
1125 2229 1181 2269 de
1204 2228 1302 2269 vita
1323 2239 1408 2267 sua
1440 2231 1664 2267 statuant.
1697 2225 1860 2276 Quem—

221 2308 329 2348 dam
351 2319 409 2347 ex
430 2307 486 2346 iis
506 2303 841 2357 parochiarum
861 2300 1123 2342 rectoribus
1144 2299 1494 2340 Conimbricam
1522 2297 1752 2347 misimus,
1784 2296 1861 2336 ubi

220 2377 446 2419 exercitia
486 2375 749 2428 spiritualia
786 2373 920 2421 fecit,
963 2372 1122 2423 sicque
1158 2371 1306 2411 vitam
1340 2369 1564 2419 instituit,
1600 2373 1650 2407 ut
1690 2378 1859 2418 magno

220 2449 433 2500 exemplo
456 2448 560 2488 aliis
581 2446 654 2486 sit.

299 2519 446 2560 Multa
473 2519 566 2558 alia
593 2516 736 2557 scribi
769 2521 985 2567 possent,
1022 2511 1301 2565 praesertim
1335 2511 1374 2550 si
1410 2510 1595 2561 singula
1631 2520 1856 2560 quaeque,

220 2604 339 2644 quae
360 2591 407 2631 in
423 2586 759 2641 componendis
792 2585 1011 2626 amicitiis
1039 2583 1331 2633 accidebant,
1357 2590 1634 2633 persequar3
1659 2580 1741 2620 sed
1762 2580 1856 2619 lon-

219 2675 332 2715 gum
352 2663 398 2702 id
420 2666 556 2702 esset.
581 2659 783 2699 Tantum
805 2657 896 2696 hoc
918 2655 1120 2696 referam
1141 2654 1197 2694 de
1219 2652 1496 2705 quibusdam
1517 2651 1754 2701 fratribus,
1778 2650 1857 2691 Pe-

275 2823 284 2842 ί
323 2822 358 2848 Ρ.
375 2821 531 2855 Ignatius
546 2820 586 2847 de
601 2817 771 2851 Acebcdo‚
788 2817 827 2843 de
844 2823 907 2851 quo
923 2816 972 2843 ita
994 2814 1125 2846 1¹,elle2¹
1148 2814 1215 2841 Clu
1217 2814 1316 2840 <mica
1339 2812 1384 2839 da
1401 2811 1618 2845 Companltz'a
1634 2811 1677 2838 de
1697 2811 1785 2846 Iesu
1802 2819 1856 2838 em

222 2870 351 2903 Prortug
358 2870 403 2901 tl,
419 2871 438 2896 l.
455 2876 485 2900 υ,
504 2876 531 2901 6,
551 2868 597 2895 18.
616 2867 693 2893 “lhe
709 2866 763 2900 foy
781 2863 982 2893 necessat-,io
995 2861 1250 2889 ordenandolho
1266 2859 1509 2892 αοϋεάἰεηςίῃι
1523 2859 1588 2885 lar
1578 2866 1703 2893 garo
1690 2866 1808 2893 campo
1824 2864 1857 2886 et

219 2918 371 2945 acceitar
393 2925 410 2944 o
432 2916 567 2951 qumtcl
592 2923 655 2949 que
680 2921 716 2941 os
739 2911 1009 2947 Super101e51he
1035 2910 1233 2943 obi-{garam
1261 2916 1281 2935 a
1305 2912 1432 2939 tomas,
1459 2914 1489 2933 m
1495 2879 1672 2934 andabndoo
1695 2907 1821 2933 retii-m
1836 2914 1858 2933 a

222 2964 301 2993 Sam
318 2964 354 2992 F
348 2972 419 2993 ms.
