2074 3179
861 195 946 233 AN.
976 194 1068 232 1552
1709 190 1780 227 723

150 296 383 336 rariorum
402 301 670 334 nostrorum
689 293 886 345 penuria
906 292 953 333 in
970 292 1047 332 illa
1065 290 1230 331 messis
1247 288 1531 330 abundantia
1548 287 1776 339 perspice-

149 372 290 406 retur.
315 365 554 418 Siquidem
573 364 735 405 cliebus
755 364 930 415 aliquot
947 373 1138 403 necesse
1154 361 1258 411 fuit,
1278 367 1326 400 ut
1343 359 1430 411 piis
1446 358 1684 399 numerosi
1699 368 1777 408 po—

149 437 245 489 puli
266 436 508 476 desideriis
528 435 875 485 satisfacerent,
900 446 1060 475 omnes
1082 437 1280 484 quatuor
1298 430 1567 470 sacerdotes
1583 433 1692 468 ante
1709 439 1777 467 so—

149 508 207 547 lis
227 513 380 547 ortum
401 506 460 547 ad
480 506 736 547 secundam
756 517 916 557 usque,
940 514 1291 555 nonnumquam
1313 502 1455 542 etiam
1477 500 1677 550 tertiam,
1700 510 1778 538 no-

150 578 236 618 ctis
263 578 450 629 horam,
473 578 538 618 ita
565 584 613 618 ut
640 589 698 617 ne
723 578 829 617 loco
858 576 1064 628 quidem,
1094 575 1168 614 vel
1197 574 1256 614 ad
1284 572 1521 625 paulisper
1547 570 1777 622 respiran-

149 649 259 689 dum
278 649 353 689 vel
373 649 528 689 cibum
548 649 840 700 capiendum,
863 652 1178 695 moverentur,
1199 642 1569 684 confessionibus
1591 641 1777 681 audien—

150 720 221 760 dis
237 721 452 772 occupati
468 720 780 760 considerent.
795 719 931 769 Quod
946 718 992 758 in
1010 717 1083 757 his
1100 715 1291 756 aestatis
1308 714 1600 767 potissimum
1616 712 1776 753 calori-

150 792 235 831 bus
255 791 442 842 corpori
463 791 647 842 quidem
666 802 760 830 non
781 801 883 830 esse
910 789 1171 837 molestum,
1201 787 1368 826 durum
1394 796 1537 836 asque
1560 795 1777 835 asperum

150 862 231 901 vix
252 862 416 913 potuit;
439 862 517 901 sed
540 861 744 911 animae,
769 872 887 912 quae
917 859 1020 899 aliis
1054 868 1193 910 quam
1220 867 1391 907 corpus
1418 855 1532 895 cibis
1552 854 1775 906 pascitur,

142 933 253 972 aliis
280 932 563 973 refocillatur
585 932 783 982 deliciis,
808 937 904 971 tam
929 936 1118 982 gratum
1139 928 1223 969 fuit
1251 940 1391 981 quam
1418 927 1543 979 quod
1569 926 1778 976 gratissi>

150 1015 290 1043 mum.
314 1004 415 1043 Hoc
432 1015 574 1043 unum
591 1003 776 1043 dolebat
792 1001 979 1051 nostris,
1000 1001 1136 1053 quod,
1156 1012 1261 1040 cum
1279 999 1434 1039 omnia
1451 1009 1570 1050 quae
1587 1003 1776 1048 possent

149 1081 463 1125 praestarent,
502 1074 717 1114 omnibus
748 1080 905 1114 tamen
939 1071 1212 1112 satisfacere
1252 1083 1346 1111 non
1391 1070 1617 1110 valerent.
1658 1067 1776 1108 Nam

148 1157 322 1196 magna
342 1157 453 1197 pars
474 1157 559 1186 sua
581 1157 661 1197 spe
678 1145 903 1185 frustrata
924 1156 1017 1184 non
1034 1144 1133 1183 sine
1148 1142 1340 1193 ingenti,
1362 1152 1498 1193 quem
1516 1152 1610 1180 non
1627 1140 1776 1179 occul—

132 1217 208 1256 ‘tis
226 1229 340 1268 prae
361 1228 410 1257 se
430 1216 642 1256 ferebant
659 1216 858 1266 indiciis,
881 1215 1041 1254 dolore
1063 1215 1153 1254 alio
1173 1225 1222 1253 se
1244 1212 1450 1264 recipere
1473 1211 1774 1262 cogebantur.

148 1288 198 1327 ln
215 1287 333 1328 festo
355 1287 706 1339 Assumptionis
727 1287 900 1326 Beatae
927 1285 1106 1325 Mariae
1133 1284 1366 1324 maximus
1387 1281 1611 1322 confluxit
1640 1279 1777 1320 confi-

148 1359 344 1399 tentium
371 1370 553 1399 necnon
584 1357 1029 1398 communicantium
1059 1367 1294 1396 numerus.
1330 1354 1454 1394 Inter
1485 1364 1601 1405 quos
1638 1352 1777 1400 (velut

151 1430 283 1480 alias)
304 1430 491 1470 fuerunt
512 1441 606 1469 non
626 1429 764 1480 pauci
797 1428 996 1477 nobiles,
1028 1426 1268 1478 praecipui
1295 1425 1501 1466 civitatis
1530 1424 1647 1473 viri,
1678 1435 1779 1474 per-

152 1501 323 1541 multae
343 1501 485 1541 etiam
506 1502 661 1540 clarae
678 1506 722 1540 et
742 1501 945 1540 illustres
962 1505 1220 1538 matronae.

231 1572 432 1612 Fructus
452 1572 529 1624 qui
549 1584 609 1612 ex
632 1571 811 1611 crebris
832 1570 934 1611 istis
955 1568 1328 1610 confessionibus
1350 1567 1571 1617 nascitur,
1596 1572 1781 1618 praeter

153 1643 436 1683 odoriferam
458 1641 707 1683 Societatis
728 1642 917 1690 famam,
941 1652 1060 1692 quae
1081 1639 1182 1679 fuse
1203 1640 1387 1690 lateque
1408 1638 1454 1677 in
1474 1637 1562 1677 Dei
1583 1636 1782 1687 gloriam

152 1720 416 1766 propagata
442 1725 524 1765 per
556 1701 716 1753 omnes
745 1712 951 1753 civitatis
977 1718 1137 1763 partes
1167 1709 1518 1755 disseminatur,
1552 1715 1621 1747 est
1658 1714 1783 1747 certe

153 1798 245 1825 non
266 1785 530 1825 mediocris.
552 1784 673 1825 Nam
693 1784 847 1833 multi,
871 1783 949 1835 qui
969 1783 1195 1834 plurimos
1217 1792 1365 1821 annos
1383 1780 1441 1820 ab
1458 1780 1514 1820 iis
1532 1779 1670 1819 alieni
1689 1778 1782 1818 fue-

153 1863 259 1896 rant
280 1856 612 1903 sacramentis,
636 1856 933 1906 resipuerunt
960 1859 1004 1894 et
1033 1865 1136 1893 sese
1163 1852 1264 1892 Deo
1287 1852 1464 1903 optimo
1496 1850 1722 1894 maximo.
1757 1861 1783 1888 a

154 1938 243 1979 quo
265 1926 490 1967 defecisse
511 1927 805 1976 videbantur,
829 1925 1023 1977 propius
1044 1924 1369 1964 admoverunt.
1394 1922 1502 1972 Alii,
1523 1921 1601 1973 qui
1618 1932 1782 1960 concu-

152 1999 340 2038 binatus
360 1997 526 2037 vitium
547 2003 591 2037 et
612 1997 704 2037 alia
724 1996 932 2037 exitialia
958 2001 1152 2047 peccata
1174 1995 1319 2034 multo
1348 2000 1555 2044 tempore
1582 1992 1784 2032 nutrive—

154 2074 274 2119 rant,
299 2068 448 2107 vitam
469 2068 515 2108 in
536 2067 701 2107 melius
722 2071 1082 2107 commutarunt.
1113 2065 1218 2105 Non
1245 2064 1389 2104 defuit
1418 2063 1674 2115 quaedam,
1710 2073 1785 2101 no-

155 2146 252 2180 stra
273 2151 396 2179 nunc
419 2138 562 2189 digna
584 2137 1004 2189 congratulatione,
1027 2136 1207 2186 mulier,
1231 2136 1306 2175 cui
1322 2134 1489 2185 viginti
1506 2133 1642 2173 annis
1658 2133 1786 2173 fami-

153 2210 283 2250 liaris
299 2210 451 2250 fuerat
468 2209 725 2261 pellicatus,
745 2220 836 2260 quo
853 2208 994 2248 etiam
1011 2213 1234 2259 tempore,
1249 2206 1463 2257 quamvis
1480 2204 1789 2245 confessionis

155 2288 199 2321 et
234 2280 574 2321 communionis
608 2285 903 2320 sacramento
933 2284 1155 2328 uteretur,
1192 2277 1491 2317 nihilominus
1525 2275 1788 2328 hujusmodi

153 2352 377 2404 pestifera
420 2351 736 2391 familiaritate
781 2362 883 2390 sese
922 2350 1126 2389 eximere
1164 2360 1258 2388 non
1301 2354 1518 2399 potuerat
1538 2359 1546 2398 3
1588 2347 1670 2387 sed
1709 2347 1786 2386 ad-

153 2423 253 2475 juta
274 2429 543 2462 nostrorum
559 2421 751 2462 Patrum
767 2421 1100 2461 monitionibus
1118 2426 1161 2460 et
1178 2419 1353 2459 salubri
1371 2419 1564 2459 consilio
1581 2418 1667 2458 fuit
1684 2419 1785 2458 sub-

156 2495 261 2535 inde
282 2494 496 2534 liberata.
520 2493 728 2533 Fuerunt
748 2492 957 2533 nonnulli
977 2492 1056 2543 qui
1073 2503 1130 2531 ne
1147 2492 1290 2531 semel
1307 2491 1493 2542 quidem
1510 2502 1559 2530 se
1576 2496 1673 2530 tota
1690 2490 1789 2529 vita.

157 2565 399 2605 confessos
421 2563 721 2613 affirmarent,
745 2569 790 2603 et
816 2564 953 2615 plane
979 2562 1237 2602 faterentur
1265 2560 1374 2613 quid
1401 2567 1523 2601 esset
1555 2560 1786 2600 confessio

157 2636 341 2687 penitus
361 2635 623 2685 ignorasse,
647 2635 796 2674 donec
817 2646 845 2674 a
866 2634 1040 2674 nostris
1066 2632 1345 2673 didicerunt:
1370 2638 1509 2684 atque
1539 2631 1585 2672 id
1612 2632 1669 2672 ab
1697 2631 1787 2671 illis

157 2707 220 2746 ita
241 2705 484 2746 dicebatur
504 2717 598 2745 non
621 2705 744 2757 quod
765 2705 882 2745 alias
904 2704 1105 2745 confessi
1126 2716 1219 2743 non
1239 2703 1459 2754 fuissent,
1483 2702 1564 2742 sed
1593 2709 1787 2754 propter

156 2787 349 2817 causam
383 2776 597 2827 spiritus,
635 2776 932 2827 prudentiae,
970 2775 1243 2826 consiliique
1278 2773 1608 2823 differentiam,
1647 2785 1786 2825 quam

156 2853 342 2887 nostros
362 2847 481 2887 inter
501 2854 546 2887 et
568 2847 685 2887 alios
701 2846 1150 2887 animadvertebant.
1170 2846 1242 2886 Ex
1258 2845 1329 2885 his
1347 2845 1560 2885 omnibus
1578 2845 1786 2897 plerique

157 2925 326 2958 octavo
354 2929 536 2970 quoque
564 2918 660 2969 die,
691 2919 767 2957 vel
791 2918 956 2958 saltem
983 2917 1180 2968 singulis
1206 2916 1466 2967 mensibus,
1499 2915 1710 2956 confiteri
1740 2916 1782 2956 in

157 2990 364 3030 animum
388 2990 689 3039 induxerunt,
713 2989 836 3040 quod
860 2989 1055 3040 impigre
1087 2989 1201 3028 satis
1229 2988 1452 3028 hactenus
1476 2974 1785 3039 exequuntur:
