2074 3179
921 170 1004 207 Ax.
1037 171 1123 207 1551
1771 172 1841 210 303

207 276 312 305 men
334 265 577 316 colloquiis
597 271 642 304 et
664 265 1068 306 exhortationibus
1085 278 1180 307 non
1200 267 1352 307 minus
1369 267 1703 318 discipulorum
1722 281 1844 308 men·

207 342 277 375 tes
303 335 362 375 ad
392 335 630 386 pietatem,
662 346 803 387 quam
827 336 1135 377 eruditionem
1162 338 1376 378 excolere
1398 343 1609 378 conatur.
1634 338 1765 378 Multi
1786 352 1843 379 ex

208 406 582 446 adolescentibus
603 407 808 447 externis
844 408 903 448 ad
938 408 1198 451 orationem
1220 420 1325 449 cum
1351 409 1525 449 nostris
1553 421 1655 449 sese
1687 408 1843 460 adjun-

207 483 335 527 gunt,
370 477 448 528 qui
477 477 682 528 quotidie
703 489 845 518 unam
868 478 1033 519 horam
1055 479 1292 520 devotioni
1320 480 1525 520 maximo
1556 491 1662 519 cum
1692 480 1845 520 fructu

207 547 436 598 tribuunt3
459 553 703 599 praeterea
727 560 1022 601 summopere
1042 550 1131 601 piis
1154 550 1397 602 colloquiis
1427 550 1483 590 de
1510 550 1610 590 Deo
1633 562 1845 591 recrean-

207 625 294 668 tur,
320 618 447 658 domi
475 625 665 658 nostrac
696 625 801 660 sunt
830 620 1026 671 assidui,
1057 626 1102 661 et
1128 626 1297 661 octavo
1326 632 1509 672 quoque
1531 621 1604 661 die
1626 621 1842 662 confiten-

210 696 299 738 tur3
324 689 493 729 horum
512 701 626 730 vero
649 701 849 741 magnus
871 697 940 731 est
961 703 1200 732 numerus,

286 759 591 800 Xenodochia
612 761 856 802 invisenda
877 768 922 802 et
943 774 1024 802 eos
1045 763 1124 814 qui
1152 762 1422 803 carceribus
1449 762 1716 804 detinentur
1738 775 1843 804 con-

208 830 427 870 solandos
449 843 575 871 curo.
602 831 744 872 Hisce
766 844 881 872 vero
904 832 1064 873 diebus
1091 845 1174 884 per
1202 833 1291 873 Dei
1319 833 1523 884 gratiam
1546 833 1799 885 impetravi
1820 847 1846 874 a

209 900 410 942 Domino
432 902 704 943 Marchione
733 904 788 943 de
817 904 1029 955 Lombay
1057 903 1068 922 ¹
1100 910 1150 944 ut
1180 904 1458 956 quibusdam
1480 905 1560 956 qui
1582 906 1629 945 in
1652 906 1844 946 exilium

208 972 338 1012 missi
367 972 574 1023 fuerant,
607 974 730 1024 quod
759 974 875 1014 alios
901 975 961 1015 ad
995 980 1234 1015 certamen
1267 983 1632 1027 provocassent,
1671 988 1846 1018 noxam

209 1042 517 1094 condonaret,
543 1044 619 1094 qui
641 1056 746 1084 cum
768 1045 882 1085 satis
909 1057 1169 1097 poenarum
1196 1046 1379 1086 dedisse
1401 1047 1448 1086 in
1468 1047 1609 1087 exilio
1632 1048 1843 1088 videren-

207 1120 301 1164 tur,
326 1125 488 1154 eorum
508 1113 722 1154 reductio
747 1115 806 1155 ad
828 1116 1202 1157 aedificationem
1226 1117 1386 1169 populi
1405 1124 1449 1158 et
1471 1118 1846 1159 consolationem

208 1184 534 1225 animadverto
555 1184 713 1226 fuisse.

286 1255 361 1295 Ad
389 1255 579 1296 domum
604 1263 816 1297 nostram
851 1258 1159 1299 confessionis
1189 1260 1344 1310 gratia
1377 1261 1563 1311 plurimi
1598 1261 1845 1312 accedunt;

208 1332 252 1365 et
273 1326 311 1366 si
334 1327 597 1367 studiorum
617 1328 737 1367 ratio
761 1340 855 1368 non
875 1328 1147 1380 haberetur,
1171 1331 1345 1370 nostris
1366 1330 1691 1371 sacerdotibus
1712 1332 1846 1372 feria—

208 1397 267 1436 tis
289 1408 391 1437 esse
415 1397 669 1438 admodum
689 1411 784 1439 non
805 1400 981 1440 liceret.

287 1467 336 1508 P.
360 1468 678 1521 Hieronymus
699 1469 972 1511 Domenech
999 1471 1159 1511 invisit
1185 1484 1271 1512 nos
1299 1473 1383 1513 sub
1411 1473 1548 1513 finem
1579 1473 1778 1525 Aprilis,
1802 1481 1848 1514 et

209 1539 256 1578 in
276 1539 474 1580 ecclesia
497 1546 659 1580 nostra
681 1541 831 1591 (nobis
856 1541 902 1581 id
930 1542 1330 1593 contendentibus)
1362 1545 1670 1584 concionatus
1692 1551 1776 1595 est,
1802 1552 1845 1585 et

209 1610 396 1661 quidem
416 1622 523 1651 cum
544 1611 864 1652 satisfactione
886 1613 1151 1654 auditorum
1177 1615 1399 1655 maxima.
1428 1614 1573 1655 Nobis
1605 1627 1718 1655 vero
1741 1628 1847 1656 con-

211 1681 429 1721 solationi
466 1682 700 1722 maximae
733 1682 817 1723 fuit
843 1695 953 1723 rara
984 1683 1080 1735 ejus
1109 1685 1341 1736 probitas:
1372 1685 1559 1726 Christo
1590 1686 1741 1736 gloria
1771 1687 1848 1737 qui

211 1764 314 1792 eam
330 1753 394 1792 illi
415 1759 459 1792 et
481 1754 694 1793 omnibus
715 1765 851 1794 omne
872 1755 1046 1796 bonum
1068 1755 1262 1797 confert.

289 1822 465 1876 Scripsi
494 1823 591 1875 jam
622 1824 899 1866 Paternitati
926 1826 985 1867 V.
1017 1827 1072 1867 de
1101 1828 1491 1879 quadragesimae
1524 1829 1844 1880 concionibus,

209 1906 327 1946 quae
348 1894 510 1935 diebus
531 1896 777 1936 dominicis
798 1903 843 1937 et
864 1903 1064 1948 quatuor
1090 1898 1218 1939 feriis
1249 1911 1423 1951 magno
1454 1911 1560 1939 cum
1587 1899 1744 1940 fructu
1771 1900 1845 1940 fie—

208 1966 339 2006 bant:
359 1966 729 2008 confessionibus
745 1979 859 2008 vero
876 1969 1099 2020 plurimos
1120 1969 1297 2020 adjuvit
1312 1970 1473 2011 divina
1490 1971 1689 2022 bonitas,
1713 1971 1759 2011 in
1775 1971 1847 2011 his

209 2037 485 2089 praesertim
519 2049 638 2089 quae
668 2037 727 2077 ad
756 2039 1055 2079 matrimonia
1089 2041 1343 2092 pertinent3
1382 2041 1509 2081 circa
1551 2053 1670 2093 quae
1709 2054 1847 2082 casus

210 2108 298 2148 hoc
320 2109 367 2148 in
387 2119 533 2160 regno
553 2109 821 2149 rarissimos
842 2116 886 2149 et
907 2122 1001 2150 non
1022 2111 1121 2151 sine
1147 2111 1309 2152 dolore
1335 2112 1606 2152 referendos
1631 2113 1846 2153 accidere

211 2179 492 2230 experimur.
515 2179 566 2219 In
586 2179 880 2221 hebdomada
900 2187 1078 2233 sancta,
1096 2193 1182 2233 pro
1203 2194 1332 2222 more
1352 2181 1486 2234 hujus
1503 2183 1637 2234 regni
1652 2182 1681 2235 ⁶²,
1702 2195 1845 2224 mere-

212 2250 408 2290 tricibus
443 2250 750 2290 concionatus
782 2263 903 2303 sum,
933 2264 1025 2292 non
1060 2253 1160 2293 sine
1189 2253 1385 2305 alicujus
1413 2254 1598 2294 animae
1629 2253 1689 2294 ad
1717 2253 1846 2294 Chri-

215 2328 337 2361 stum
359 2333 617 2362 conversae
639 2321 815 2373 fructu,
839 2329 926 2363 etc.

269 2471 278 2490 ¹
319 2469 473 2503 Carolus,
490 2468 665 2496 Francisci
681 2469 720 2496 de
737 2469 850 2505 Borja,
869 2470 1022 2498 Gandiae
1038 2470 1152 2506 Ducis,
1169 2472 1278 2507 major
1299 2476 1383 2500 natu
1403 2472 1490 2500 filius
1511 2477 1545 2501 et
1567 2473 1601 2501 in
1623 2473 1758 2501 Ducatu
1774 2482 1846 2502 suc-

218 2524 342 2544 cessor.

267 2565 281 2584 2
317 2564 444 2592 Morem
468 2564 555 2592 hunc
572 2564 734 2591 valentini
758 2565 853 2599 regni
878 2565 1059 2600 intellige3‚
1083 2567 1110 2594 si
1134 2566 1315 2594 PoLANCUM
1340 2568 1505 2601 consulas,
1532 2567 1653 2596 Clzron.
1678 2569 1750 2598 Soc.
1770 2569 1846 2603 ses.

213 2619 290 2638 ann.
308 2612 386 2646 1551,
401 2619 432 2638 n.
448 2611 511 2645 379,
528 2616 550 2638 t.
575 2618 608 2644 ιι,
624 2618 701 2645 pag.
716 2612 778 2638 340.
