2074 3179
861 159 931 197 AN
941 186 949 195 .
980 159 1071 197 1552
1709 159 1788 195 683

146 262 278 297 neste
301 257 512 298 sufficiat.
537 257 657 308 Quid
677 258 861 298 multis?
881 258 968 298 hoc
988 268 1131 297 unum
1152 256 1324 296 dicam:
1348 256 1473 296 facta
1495 256 1778 296 fundationis

145 333 392 380 potestate,
414 329 592 380 reliqua
614 329 731 369 citra
752 330 993 381 pulverem
1014 327 1368 380 suppeditanda.

226 399 381 450 Nunc,
407 406 455 439 ut
476 400 535 439 ad
557 400 622 450 id,
646 400 768 440 unde
798 400 1038 451 digressus
1057 410 1180 447 sum,
1204 404 1417 438 recurrat
1439 398 1603 448 dictio,
1626 398 1779 438 factus

146 477 216 510 est
255 471 389 510 nobis
424 470 599 511 Christi
633 471 861 522 sanguine
893 475 1122 521 cognatus
1157 469 1345 520 quidam
1371 469 1618 520 hispanus,
1652 470 1778 509 claro

144 542 248 580 loco
270 547 424 591 natus,
448 541 739 581 humanioris
759 542 1048 581 litteraturae
1067 540 1258 592 peritus,
1282 540 1439 591 legum
1460 540 1667 579 civilium
1686 546 1778 579 stu-

145 611 326 662 diosus,
364 612 633 653 cultissimis
666 613 1020 664 purissimisque
1050 611 1256 651 moribus
1282 611 1502 662 insignis,
1533 611 1688 651 animo
1719 611 1777 650 ad

144 694 322 734 magna
343 683 532 723 ferenda
554 684 868 735 paratissimo.
886 684 929 724 Is
945 683 1131 735 quidem
1150 682 1285 723 nobis
1300 682 1507 722 nondum
1523 682 1776 733 cohabitat,

142 754 539 804 quemadmodum
560 767 645 795 nec
668 755 896 796 Dominus
916 754 1204 795 Licentiatus
1237 753 1263 805 ¹,
1297 753 1378 794 sed
1405 754 1619 794 sanitatis
1646 764 1776 804 ergo,

142 836 237 865 non
259 827 382 866 enim
403 832 498 866 tam
520 838 717 878 corpore
745 838 885 878 quam
914 825 1069 866 animo
1096 825 1242 866 valuit
1270 825 1520 873 hactenus,
1553 824 1776 865 Leodium

140 896 379 947 profectus
400 904 485 948 est,
510 898 665 938 omnia
685 897 740 937 R.
763 897 813 937 Ρ.
836 897 888 937 Τ.
913 908 1162 948 capescere
1179 896 1308 948 jussa
1330 895 1719 948 promptissimus.

224 966 451 1019 Quartus,
476 968 564 1008 hoc
586 968 808 1020 temporis
830 968 1083 1019 curriculo,
1107 967 1241 1008 nobis
1260 973 1371 1007 voto
1403 966 1773 1018 conjunctorum,

146 1043 216 1077 est
237 1038 464 1089 Magister
485 1039 672 1079 Artium
689 1039 786 1091 jam
807 1040 866 1080 ab
886 1039 1021 1079 annis
1050 1039 1266 1079 undecim
1296 1045 1375 1079 aut
1401 1038 1668 1088 duodecim,
1697 1050 1774 1078 na-

142 1108 270 1148 tione
290 1111 466 1161 gallus,
490 1109 734 1161 cujusdam
754 1110 1038 1150 cathedralis
1059 1110 1287 1150 ecclesiae
1314 1110 1569 1149 canonicus
1596 1121 1651 1149 ac
1681 1121 1777 1149 mo-

141 1180 336 1220 nialium
361 1181 670 1231 quarumdam
693 1181 1025 1232 confessarius,
1050 1179 1182 1232 cujus
1202 1192 1359 1221 raram
1389 1180 1556 1220 indolis
1586 1180 1772 1231 integri—

141 1256 287 1291 tatem
318 1251 473 1291 omnia
500 1263 585 1291 sua
613 1253 878 1303 loquuntur.
909 1252 953 1292 Is
980 1252 1143 1293 eodem
1171 1251 1386 1302 consilio,
1423 1263 1513 1303 quo
1548 1251 1775 1302 Magister

145 1320 409 1373 Quintinus,
434 1322 480 1362 in
501 1322 703 1374 patriam
724 1335 942 1363 reversus
961 1329 1046 1373 est,
1070 1329 1195 1375 puta,
1220 1328 1268 1363 ut
1285 1322 1419 1374 juxta
1440 1322 1657 1373 rationis,
1684 1322 1772 1373 spi-

140 1392 232 1433 ritu
257 1393 474 1444 affectae,
504 1393 739 1434 dictamen
767 1394 1090 1445 possessiones
1120 1405 1231 1434 suas
1257 1393 1517 1433 distribuat.
1548 1393 1622 1432 Ab
1650 1392 1772 1432 illius

139 1476 340 1516 namque
371 1464 643 1516 tragoediae
670 1465 822 1516 prima
850 1477 1012 1516 scena,
1045 1465 1331 1515 cubiculum,
1363 1464 1771 1504 exercitandorum

143 1535 247 1575 usui
269 1535 487 1587 dicatum,
508 1547 762 1587 numquam
782 1536 988 1586 vacavit,
1008 1536 1090 1576 sed
1110 1547 1245 1576 suum
1266 1547 1450 1587 semper
1465 1535 1625 1575 habuit
1647 1535 1769 1575 inco-

141 1607 250 1646 lam.
285 1606 421 1657 Quod
448 1613 493 1646 et
522 1607 578 1646 de
605 1606 832 1647 hodierna
858 1607 960 1646 luce
987 1618 1099 1647 vere
1126 1606 1338 1646 dixerim.
1367 1605 1606 1657 Siquidem
1632 1605 1771 1646 Pater

139 1676 414 1717 Leonardus
436 1678 536 1729 ipso
565 1678 638 1718 die
667 1678 975 1718 Ascensionis
1000 1677 1091 1718 huc
1119 1678 1234 1718 duos
1261 1677 1458 1728 juvenes
1484 1677 1631 1728 misit,
1662 1678 1768 1716 alte-

138 1759 242 1788 rum
262 1748 477 1800 fratrem,
501 1749 698 1789 alterum
715 1747 812 1800 jam
834 1749 1093 1800 exercitiis,
1117 1760 1210 1789 non
1235 1749 1333 1789 sine
1355 1760 1535 1788 summa
1556 1755 1768 1788 nostrum

141 1819 350 1859 omnium
370 1831 451 1871 spe
474 1820 558 1869 (est
579 1820 701 1859 enim
723 1820 840 1860 miro
871 1820 1015 1860 animi
1044 1820 1248 1860 candore
1278 1820 1517 1871 multaque
1544 1819 1771 1870 cognitio-

133 1890 205 1929 nis
226 1890 499 1941 supellectili
517 1890 787 1941 praeditus),
808 1902 1000 1942 operam
1017 1891 1219 1930 dantem.
1239 1890 1415 1941 Quibus
1436 1896 1593 1930 autem
1614 1890 1673 1930 ad
1689 1889 1767 1929 So-

134 1960 318 2000 cietatis
339 1960 677 2012 perfectionem
697 1961 905 2001 nondum
924 1962 1054 2001 licuit
1075 1973 1177 2001 esse
1204 1967 1464 2013 promotos,
1499 1962 1571 2000 vel
1602 1961 1648 2000 in
1678 1961 1767 2000 hoc

133 2030 454 2082 profecerunt,
481 2031 603 2082 quod
624 2031 908 2083 quotidianis
929 2032 1143 2072 auctibus
1164 2033 1330 2084 seipsis
1351 2031 1463 2072 fiant
1484 2032 1700 2072 meliores
1721 2038 1766 2071 et

133 2101 193 2141 ad
214 2102 260 2141 id
281 2102 374 2141 imo
395 2102 599 2153 pectoris
622 2102 852 2142 desiderio
876 2102 1109 2153 feruntur,
1134 2103 1384 2154 perfectius
1408 2103 1513 2142 dico
1538 2103 1663 2142 vitae
1687 2114 1767 2153 ge-

132 2183 241 2222 nus,
266 2184 356 2224 quo
379 2173 565 2224 quidem
587 2179 694 2213 ante
716 2173 842 2214 illam
863 2174 1047 2214 turbam
1074 2174 1189 2213 nihil
1218 2174 1371 2214 minus
1402 2173 1764 2214 meditabantur,

213 2243 349 2283 Adde
374 2242 594 2295 juvenem
629 2245 777 2295 illum,
809 2244 960 2296 cujus,
998 2256 1155 2285 rerum
1190 2245 1461 2296 commotio,
1497 2245 1765 2294 occasione,

131 2315 331 2365 sumpsit
351 2314 608 2365 exordium,
629 2316 907 2366 contemptis
927 2321 1172 2366 parentum
1194 2315 1424 2355 illecebris
1444 2316 1765 2367 neglectisque

130 2391 490 2436 praeceptorum
520 2386 978 2437 comminationibus,
1008 2386 1429 2437 lacrymabundum
1455 2387 1504 2427 Ρ.
1543 2387 1761 2427 accessis-

130 2466 194 2504 se,
218 2456 352 2507 eique
374 2455 640 2496 confessum
661 2467 834 2508 magna
854 2456 1085 2497 undarum
1105 2457 1453 2509 gemituumque
1473 2458 1763 2509 profusione,

130 2525 365 2566 indicasse
386 2539 435 2566 se
455 2527 580 2567 nullo
602 2539 794 2579 prorsus
816 2527 954 2568 modo
976 2529 1182 2569 animum
1201 2536 1427 2580 mutasse,
1453 2528 1533 2569 sed
1555 2529 1640 2569 sibi
1660 2540 1762 2580 per-

129 2608 322 2637 manere
356 2597 654 2638 simillimum.
685 2597 880 2650 Cogitur
914 2607 1071 2639 tamen
1105 2611 1288 2650 eorum,
1326 2600 1403 2652 qui
1439 2600 1577 2640 amici
1610 2600 1762 2640 videri

125 2668 310 2719 volunt,
341 2668 704 2720 importunitate,
727 2670 895 2710 mentis
916 2670 1153 2710 decretum
1175 2671 1468 2711 dissimulare
1490 2683 1545 2712 ac
1561 2672 1763 2722 fiagran-

129 2738 360 2779 tissimum
379 2739 582 2780 numinis
602 2739 759 2791 ignem
790 2747 857 2781 tot
886 2741 1121 2781 mensibus
1148 2743 1315 2782 celare.
1345 2742 1510 2782 Faciat
1535 2742 1664 2783 Deus
1693 2750 1761 2792 ut,

127 2809 168 2848 si
188 2810 374 2849 solvere
393 2822 487 2850 non
516 2810 683 2862 possit,
714 2818 900 2863 rumpat
930 2811 1131 2852 vincula.
1164 2812 1375 2852 Adduxit
1403 2818 1581 2865 autem,
1613 2819 1662 2853 ut
1691 2820 1761 2853 est

185 2969 194 2989 ¹
235 2969 424 3002 Quintinus.
