2074 3179
836 205 919 242 AN.
951 204 1042 242 1552
1696 205 1767 240 517

127 303 361 354 quivimus
382 314 602 343 recusare
623 303 805 342 honesti
833 313 991 342 causa.
1025 301 1200 341 Omnes
1227 301 1340 341 fiunt
1367 300 1581 340 benevoli
1611 300 1761 349 nobis,

127 375 329 414 maxime
351 380 613 424 magnates,
632 385 716 413 nec
738 372 876 413 modo
893 372 1216 422 ferrarienses,
1236 371 1317 411 sed
1339 371 1478 411 etiam
1500 371 1666 421 exteri,
1686 372 1764 421 qui

128 451 306 485 tantam
327 445 383 485 de
403 445 536 485 nobis
557 449 872 496 conceperunt
893 443 1159 494 opinionem
1186 443 1278 489 (det
1298 442 1425 482 Deus
1446 448 1495 482 ut
1517 453 1621 481 eam
1644 442 1764 481 tueri

126 522 352 567 quantum
370 516 429 555 ad
450 516 594 567 ipsius
615 516 814 566 gloriam
835 514 1021 566 expedit
1042 514 1308 565 possimus),
1332 519 1380 553 ut
1401 513 1534 552 nobis
1556 525 1583 552 a
1606 524 1763 563 supre—

126 599 200 627 mo
221 586 447 627 donatore
469 587 690 638 specialia
713 586 943 638 quaedam
963 584 1087 625 dona
1110 596 1335 625 concessa
1351 583 1573 635 judicent,
1598 584 1764 635 quibus

127 658 229 698 aliis
251 664 294 698 et
315 658 533 697 maximis
554 658 739 709 quidem
759 657 806 697 in
827 657 965 697 rebus
989 656 1211 707 opitulari
1233 656 1490 696 valeamus.

203 729 340 780 Hinc,
361 730 406 768 in
429 729 597 780 oppido
615 728 785 779 vicino,
805 727 1045 779 Argenteo
1068 727 1255 767 nomine
1279 726 1305 777 ¹,
1326 726 1576 777 collegium
1597 726 1760 775 nostri,

125 801 164 840 si
181 800 240 840 V.
262 800 310 840 P.
331 800 510 840 admitti
527 800 766 850 voluisset,
782 798 1077 849 offerebatur3
1099 798 1223 848 hinc,
1244 796 1472 848 sidejecto
1486 797 1641 836 animo
1660 797 1763 848 quis

124 872 278 921 fuerit,
299 871 357 910 ad
378 883 463 911 nos
483 871 680 921 ducitur,
700 871 739 910 si
754 869 1040 921 perturbato,
1063 869 1236 920 itidem3
1258 869 1296 908 si
1313 881 1339 908 a
1358 869 1584 908 daemone
1607 868 1760 907 obses-

125 954 198 992 so,
225 942 348 994 quod
368 955 462 982 non
483 954 592 982 raro
623 942 872 992 contingit,
903 941 961 981 ad
989 953 1074 981 nos
1104 941 1390 990 accurritur;
1422 940 1462 980 si
1489 939 1598 991 quid
1625 950 1761 990 quae-

124 1014 304 1060 stionis,
326 1013 518 1063 dissidii,
539 1013 758 1064 scrupuli,
779 1013 834 1052 de
852 1012 908 1052 iis
925 1012 1204 1052 sententiam
1222 1012 1378 1051 dicere
1399 1011 1628 1061 cogimur;
1652 1010 1760 1049 huc-

124 1096 285 1135 usque,
320 1083 442 1135 quod
477 1084 637 1134 sciam,
672 1095 777 1123 cum
812 1083 1018 1123 omnium
1053 1082 1390 1123 satisfactione.
1423 1081 1677 1133 Speramus
1713 1082 1759 1121 in

123 1154 323 1194 Domino
342 1154 478 1205 quod,
499 1166 604 1194 cum
620 1167 704 1206 pro
721 1154 976 1205 fragilitate
992 1160 1155 1194 nostra
1171 1153 1542 1204 plantaverimus
1559 1165 1615 1192 ac
1637 1152 1758 1203 riga-

126 1225 350 1275 verimus,
373 1225 714 1265 incrementum
736 1225 834 1276 ipse
856 1225 996 1265 dabit.

209 1295 389 1346 Habes,
413 1295 467 1336 R.
490 1295 557 1345 P.‚
583 1307 700 1347 quae
721 1295 855 1345 mihi,
880 1296 1053 1347 alioqui
1080 1300 1334 1347 occupato,
1371 1305 1618 1334 occurrere
1647 1294 1757 1333 scri-

127 1367 299 1417 benda,
323 1378 442 1417 quae
468 1366 550 1406 tibi
576 1366 728 1417 magis
756 1378 895 1418 quam
921 1367 1007 1407 sibi
1035 1366 1346 1406 adscribenda
1373 1370 1564 1405 censent
1597 1376 1758 1404 omnes

125 1437 302 1488 merito,
322 1443 371 1477 ut
388 1438 466 1488 qui
481 1437 693 1489 Moysern
711 1448 826 1489 agas
839 1437 949 1478 dum
964 1438 1264 1489 praeliantur,
1284 1443 1421 1487 teque
1435 1436 1606 1476 obnixe
1623 1441 1757 1475 orant

125 1520 182 1548 ne
210 1521 237 1548 a
264 1520 485 1548 manuum
511 1509 772 1549 elevatione
800 1509 1021 1559 desistas,
1059 1521 1165 1549 cum
1193 1508 1399 1560 quotidie
1426 1508 1515 1547 illis
1543 1513 1622 1547 aut
1652 1517 1759 1546 cum

125 1579 221 1619 suis
262 1585 340 1619 aut
380 1591 485 1619 cum
523 1580 688 1619 alienis
722 1579 978 1620 defectibus
1013 1579 1413 1630 congrediendum
1446 1579 1519 1617 sit.
1559 1577 1759 1617 Tamdiu

125 1656 281 1689 autem
298 1662 346 1690 se
362 1651 561 1690 victoria
578 1650 809 1701 potituros
826 1646 1078 1701 confidunt,
1093 1650 1315 1702 quamdiu
1331 1650 1378 1689 in
1394 1650 1573 1690 coelum
1592 1660 1760 1688 manus

127 1721 369 1761 sustuleris
390 1727 508 1761 tuas.

203 1791 241 1831 F
245 1792 464 1842 errariae‚
488 1792 550 1832 40
571 1793 677 1833 Idus
697 1793 923 1846 Januarii,
948 1805 1071 1833 anno
1092 1793 1428 1844 redemptionis
1453 1790 1568 1831 1552.

206 1862 561 1914 Indignissimus
582 1863 700 1903 filius
721 1863 770 1904 P.
790 1864 933 1914 Tuae,

1068 2008 1172 2060 JOA.
1204 2007 1544 2047 PELLETARIUS.

207 2219 575 2270 Sltperscrl'ptz'o.
608 2217 639 2270 -ζ-
664 2218 724 2258 Al
745 2220 886 2259 molto
909 2218 1010 2259 R.d0
1033 2218 1080 2258 in
1100 2218 1184 2258 X.⁰
1203 2218 1353 2258 Padre
1374 2219 1405 2258 il
1428 2218 1500 2258 ΒΕ
1522 2217 1606 2258 M.0
1628 2218 1761 2269 Igna-

127 2291 198 2330 cio
221 2291 276 2330 de
296 2291 488 2342 Loyola,
513 2290 755 2341 Preposito
778 2290 1007 2330 Generale
1029 2290 1084 2330 de
1106 2290 1150 2330 la
1172 2289 1465 2341 Compagnia
1487 2290 1543 2330 de
1563 2290 1690 2343 Jesu,
1715 2289 1761 2329 in

131 2361 290 2401 Roma.

206 2432 269 2471 Et
290 2443 433 2471 mann
455 2431 665 2483 sommis
685 2431 775 2472 Ple.
808 2431 925 2472 Vito:
950 2432 1063 2471 1552.
1090 2431 1238 2482 Quad.
1263 2431 1497 2472 Ferraria.
1523 2444 1554 2472 X
1577 2432 1623 2472 di
1642 2430 1762 2471 Gen-

128 2515 257 2543 naro.

183 2660 193 2681 ¹
233 2661 399 2695 Argenta.
