2074 3179
848 169 929 206 ΑΝ.
962 169 1049 206 15:st
1693 169 1760 206 291

131 265 346 317 praeside
368 276 452 305 suo
474 270 771 316 testarentur,
797 266 833 305 si
856 265 901 305 id
924 277 1064 315 agere
1084 270 1353 316 pergerent,
1382 264 1529 313 Prior,
1560 266 1633 305 vir
1661 278 1767 316 pru-

134 337 247 376 dens
268 348 322 376 ac
344 336 532 387 probus,
556 336 669 376 nihil
690 336 746 376 de
768 348 817 376 se
839 337 1030 387 veritus,
1054 347 1219 376 verum
1240 336 1476 375 communi
1504 337 1766 376 consultum

133 408 296 447 volens
322 407 512 447 Patrum
539 418 731 447 suorum
758 409 1089 457 emolumento,
1120 407 1256 447 enixe
1286 407 1335 446 Ρ.
1368 406 1666 446 Villanovam
1697 416 1768 446 est

132 485 351 530 precatus
372 485 421 518 ut
443 479 501 518 ad
522 490 657 518 suum
684 479 957 519 coenobium
983 478 991 497 ¹
1019 485 1147 518 recta
1168 484 1404 529 pergeret,
1437 478 1665 528 omnibus,
1690 479 1765 529 qui

134 550 318 590 fuerant
338 549 517 600 reliqui,
541 550 908 590 exercitamenta
932 550 1192 601 spiritualia
1221 549 1538 600 praebiturus,
1572 561 1628 588 ne
1660 548 1766 600 quid

133 622 311 660 interea
341 620 539 660 daemon
570 621 787 661 misceret
821 622 1086 671 turbarum,
1124 631 1242 671 quae
1277 631 1376 659 rem
1411 620 1617 659 omnium
1654 620 1758 670 opti>

134 703 259 731 mam
279 691 609 731 disturbarent.
635 691 782 731 Oratu
804 691 901 742 ejus
928 692 1089 739 flexus,
1115 691 1173 731 ad
1194 702 1273 730 eos
1303 697 1371 730 est
1399 689 1657 741 profectus,
1692 691 1774 736 ubi

132 763 302 813 viginti
323 762 509 802 circiter
531 762 630 802 dies
652 768 989 812 commoratus,
1014 761 1273 801 incredibili
1293 773 1409 813 pene
1431 773 1593 801 eorum
1619 761 1766 812 profe-

134 840 210 873 ctu
231 839 275 873 et
297 839 565 873 exterorum
586 835 800 884 exemplo
819 833 877 873 ad
894 845 979 873 nos
997 832 1146 873 rediit.
1166 833 1375 873 Priorem
1392 844 1505 872 vero
1523 832 1639 872 adeo
1658 832 1771 872 facti

133 916 226 944 non
242 904 484 955 poenituit,
504 909 553 943 ut
569 905 725 954 palam
740 904 902 944 fecerit
922 904 1150 955 omnibus,
1171 910 1267 943 tam
1287 903 1452 943 litteris
1476 915 1615 954 quam
1636 915 1767 954 prae-

132 975 304 1026 sentia,
329 987 378 1015 se
399 975 473 1015 hic
495 974 638 1014 fuisse
660 975 944 1015 christianae
972 975 1247 1015 rudimentis
1276 975 1598 1026 philosophiae
1628 975 1779 1019 imbu,

134 1054 245 1086 tum.
270 1045 395 1086 Misit
415 1047 663 1086 nonnullos
683 1052 847 1097 postea
875 1058 933 1086 ex
962 1046 1125 1086 amicis
1154 1058 1209 1086 ac
1236 1045 1614 1085 familiarissimis
1642 1057 1770 1085 exer*

135 1116 328 1169 cendos3
351 1124 395 1157 et
416 1117 539 1169 quod
559 1118 605 1156 in
622 1117 713 1156 alio
736 1123 857 1157 esset
878 1118 1187 1157 admiratione
1209 1116 1558 1167 dignissimum,
1583 1117 1771 1168 promit-

134 1189 187 1228 tit
208 1188 440 1228 neminem
462 1188 507 1227 in
530 1199 665 1228 suum
686 1188 952 1228 sodalitium
981 1188 1294 1228 admissurum
1323 1199 1372 1227 se
1404 1199 1630 1239 unquam,
1664 1188 1775 1239 quin

134 1266 271 1299 antea
291 1259 366 1299 hic
388 1259 622 1298 exercitus
643 1270 815 1309 magna
841 1270 946 1298 cum
967 1259 1243 1310 probatione
1265 1259 1423 1309 fuerit;
1449 1259 1572 1310 quod
1601 1265 1645 1298 et
1673 1258 1774 1298 fieri

130 1330 227 1381 jam
248 1330 305 1369 ab
326 1341 380 1369 eo
409 1329 576 1380 coepit.
605 1328 817 1369 Nobilem
843 1329 966 1369 enim
996 1330 1361 1379 adolescentem,
1392 1330 1469 1380 qui
1497 1329 1774 1379 religionem

132 1400 315 1452 ingredi
336 1401 482 1450 ardet,
506 1400 684 1440 interea
706 1406 970 1445 remoratur
991 1401 1100 1440 dum
1122 1401 1488 1440 exercitamenta
1510 1401 1772 1451 spiritualia

134 1472 325 1512 imbibit.
356 1471 458 1511 Hoc
486 1471 624 1510 modo
647 1471 824 1510 ambire
848 1477 892 1510 et
913 1478 1112 1521 tentare,
1143 1471 1267 1510 omni
1288 1472 1502 1511 revoluto
1524 1471 1692 1522 lapide,
1725 1483 1801 1510 sen

134 1544 197 1583 ait
219 1548 268 1583 ut
290 1554 482 1594 praeses
509 1543 774 1593 caeterique
796 1542 868 1582 sui
889 1542 1066 1582 ordinis
1090 1548 1249 1593 patres
1270 1542 1435 1582 iisdem
1456 1542 1775 1593 spiritualibus

135 1614 279 1654 armis
299 1614 583 1654 muniantur.
610 1613 727 1654 Cum
748 1625 828 1665 per
857 1613 1027 1664 oppida
1055 1625 1138 1653 suo
1166 1614 1451 1653 monasterio
1480 1613 1635 1653 vicina
1668 1625 1775 1653 con-

135 1686 320 1726 cionum
355 1697 499 1725 causa
532 1691 752 1736 vagatur,
790 1685 1114 1724 sacerdotibus
1144 1684 1307 1724 suadet
1339 1690 1388 1724 ut
1422 1685 1512 1724 huc
1546 1685 1767 1730 citissime

132 1758 305 1807 volent,
328 1757 454 1796 vitae
475 1756 664 1796 modum
687 1756 940 1807 accepturi.
964 1755 1102 1795 Dona
1124 1755 1382 1795 offerebant
1404 1755 1567 1795 Patres
1588 1756 1654 1795 illi
1675 1757 1769 1806 plu-

133 1828 252 1868 rima
268 1827 397 1867 Patri
413 1834 590 1878 nostr03
614 1833 660 1867 at
682 1839 795 1867 vero
812 1827 927 1866 nihil
948 1827 1114 1866 horum
1136 1827 1209 1866 ille
1228 1827 1445 1866 sustinuit
1467 1827 1647 1878 donari,
1667 1838 1778 1878 gra-

135 1899 195 1938 tis
217 1909 266 1938 se
287 1898 415 1949 dare,
441 1898 566 1949 quod
583 1898 842 1949 accepisset
858 1898 1022 1949 gratis,
1043 1897 1187 1948 ajens.

216 1969 349 2010 Nunc
370 1970 428 2009 ad
455 1969 645 2020 fratres,
677 1969 753 2020 qui
785 1970 918 2009 nobis
947 1970 993 2009 in
1023 1969 1209 2009 Christo
1237 1968 1380 2009 additi
1412 1976 1535 2019 sunt,
1568 1970 1773 2009 veniam.

136 2040 322 2089 Paucis,
340 2047 590 2092 postquam
605 2040 785 2080 litteras
803 2041 862 2080 ad
880 2047 923 2080 te
941 2040 1060 2091 dedi,
1086 2040 1263 2091 diebus,
1283 2040 1464 2080 Doctor
1482 2040 1673 2080 Castillo
1691 2040 1774 2081 Ca-

136 2111 347 2151 racensis
362 2110 375 2129 Ξ
396 2112 486 2151 huc
507 2111 657 2161 venit,
683 2110 912 2150 desiderio
935 2117 1113 2151 tractus
1135 2111 1324 2151 Domini
1345 2111 1448 2151 vias
1471 2111 1775 2162 dignoscendi

138 2188 182 2221 et
199 2193 332 2233 quae,
345 2192 450 2221 cum
470 2182 846 2232 angustissimae,
867 2187 976 2221 tunc
995 2188 1149 2222 essent
1167 2182 1471 2233 certissimae,
1493 2182 1774 2223 ambulandi.

137 2252 227 2293 Hic
244 2252 361 2305 juris
384 2252 623 2304 utriusque
644 2263 822 2303 gnarus
839 2251 1126 2293 Salmantica
1147 2253 1434 2303 decesserat,
1455 2265 1510 2292 ac
1532 2253 1780 2304 magistra-

139 2330 213 2364 tus
229 2324 557 2375 praetoriaque
574 2322 748 2374 judicia
769 2323 1116 2375 moderabatur,
1143 2336 1263 2375 cum,
1284 2323 1543 2364 sacerdotis
1564 2325 1779 2375 insigniis

140 2394 355 2435 decorari
376 2395 580 2446 cupiens,
605 2395 809 2445 insignia
840 2395 1203 2446 magistratuum
1234 2394 1415 2446 abjecit.
1441 2395 1673 2436 Sacerdos
1694 2395 1776 2447 igi-

140 2473 213 2507 tur
233 2466 405 2517 factus,
437 2466 646 2506 exerceri
677 2466 800 2517 apud
825 2478 911 2506 nos
938 2466 1257 2518 spiritualibus
1285 2467 1576 2507 documentis
1607 2467 1775 2518 coepit;

141 2544 185 2578 et
215 2538 262 2578 in
293 2538 349 2577 iis
382 2549 476 2577 non
511 2538 630 2577 male
664 2537 932 2589 proficiens,
971 2543 1221 2589 postquam
1254 2538 1618 2578 examinandum
1651 2538 1778 2578 vitae

141 2619 290 2659 genus
310 2608 417 2659 fuit,
440 2608 578 2658 elegit
599 2607 807 2659 abjectus
829 2619 930 2648 esse
952 2608 999 2648 in
1021 2607 1157 2648 domo
1179 2608 1383 2660 Domini;
1407 2614 1451 2648 et
1473 2609 1612 2648 rebus
1633 2610 1777 2649 omni-

141 2680 227 2720 bus
260 2679 386 2719 domi
421 2679 690 2730 compositis
722 2679 945 2730 brevi-que
973 2678 1158 2730 rejectis
1186 2680 1405 2730 sarcinis,
1441 2692 1559 2731 quae
1589 2680 1776 2731 impedi-

198 2885 207 2904 1
246 2884 491 2913 Monasterium
506 2885 640 2913 Ordinis
656 2885 771 2913 Sancti
788 2885 998 2921 Hieronymi,
1015 2884 1143 2912 Sancta
1167 2885 1286 2912 Annae
1311 2885 1473 2920 dicatum,
1499 2886 1529 2913 in
1555 2885 1676 2920 oppido
1694 2886 1776 2913 Ten-

144 2932 236 2959 diua.

198 2981 212 3000 ²
249 2980 285 3007 Ρ.
302 2980 452 3008 Didacus
468 2981 521 3008 del
537 2980 691 3007 Castillo.
