2074 3179
902 187 982 224 AN.
1016 186 1103 224 1551
1746 187 1816 223 1389

184 288 279 332 tro,
307 282 496 331 scilicet,
522 282 777 322 Affonseca
799 288 843 322 et
866 282 923 322 D.
948 282 1143 333 Ignatio,
1167 283 1244 334 qui
1267 283 1311 322 in
1340 283 1424 332 his,
1451 288 1496 321 ut
1520 282 1565 322 in
1586 283 1703 331 aliis,
1729 283 1811 323 fcr—

184 364 298 392 vens
319 364 500 403 semper
523 353 766 403 reperitur.
792 352 911 393 Cum
931 354 1166 393 hominem
1187 352 1433 404 quemdam
1459 353 1813 404 insequerentur

183 428 232 462 ut
253 434 357 462 eum
379 423 425 461 in
448 423 703 463 amicitiam
725 436 830 463 cum
852 424 1052 476 quodam
1076 424 1164 463 alio
1186 424 1473 474 redigerent,
1507 423 1553 462 in
1580 423 1810 464 Lazarum

181 493 428 544 quemdam
457 494 694 545 leprosum
721 494 1003 545 inciderunt,
1037 495 1115 545 qui
1140 495 1348 545 plaustro
1376 494 1647 540 vehebatur,
1682 493 1811 545 cujus

180 575 346 603 manus
367 570 411 603 et
434 564 574 615 pedes
595 576 767 616 magna
789 577 847 605 ex
868 571 1001 617 parte
1028 571 1160 605 erant
1189 564 1317 604 exesi
1343 565 1677 615 putredineque
1707 577 1809 604 con-

181 635 366 686 sumpti,
391 647 449 674 ex
471 647 561 686 quo
583 641 741 675 tantus
761 636 910 676 foetor
931 635 1147 687 prodibat
1170 641 1218 675 ut
1240 635 1541 675 intolerabilis
1564 647 1664 675 esse
1686 636 1809 675 vide-

182 711 330 755 retur,
355 707 558 746 maxime
580 707 701 746 enim
724 707 831 758 quia
853 719 959 747 cum
986 718 1099 758 prae
1128 707 1362 746 debilitate
1388 706 1591 757 seipsum
1622 718 1811 746 movere

180 776 405 827 nequiret,
428 777 713 817 stercoribus
732 778 1023 818 naturalibus
1039 779 1202 829 plenus
1223 783 1337 817 erat.
1355 777 1492 817 Hunc
1510 777 1597 827 ipsi
1613 777 1811 828 benigne

181 847 478 897 mundarunt,
499 848 819 887 absterserunt
837 854 880 888 et
897 848 943 887 in
960 849 1130 888 lectum
1152 848 1480 900 deposuerunt,
1505 859 1650 899 prope
1672 848 1811 899 quod-

178 917 288 956 dam
311 917 550 969 oppidum,
576 918 633 957 ad
656 919 777 969 quod
798 930 846 958 se
870 919 964 970 ille,
992 930 1128 970 quem
1145 919 1450 970 quaerebant,
1474 924 1732 970 receperat,
1766 919 1811 958 in

180 987 461 1028 domuncula
499 989 722 1040 quadam,
760 1001 878 1041 quae
914 996 1014 1029 erat
1040 989 1305 1041 hujusmodi
1332 990 1539 1040 aegrotis
1574 990 1808 1041 deputata.

180 1057 360 1097 Deinde
382 1059 605 1109 oppidum
626 1059 849 1100 adeuntes
866 1066 910 1100 et
928 1061 974 1100 in
991 1072 1045 1100 eo
1067 1061 1400 1115 mendicantes,
1424 1073 1482 1101 ex
1504 1061 1811 1112 eleemosynis

178 1128 267 1180 ipsi
283 1130 549 1169 necessaria
569 1136 794 1181 emerunt,
816 1142 947 1181 vasa,
968 1131 1172 1182 inquam,
1193 1137 1236 1171 et
1253 1132 1394 1182 cibos,
1415 1138 1502 1171 etc.
1523 1131 1639 1172 Cum
1656 1139 1811 1171 autem

177 1198 327 1239 frusta
350 1200 505 1251 aliqua
527 1201 663 1252 panis
684 1201 884 1241 miliacei
906 1202 1023 1242 inter
1046 1202 1143 1254 ejus
1170 1208 1326 1242 vestes
1358 1203 1666 1253 invenissent,
1692 1215 1809 1254 quae

178 1270 307 1310 sanie
328 1271 608 1311 Videbantur
640 1271 881 1322 dealbata,
915 1284 969 1311 ea
1000 1285 1026 1312 a
1060 1273 1243 1324 leproso
1271 1274 1522 1324 petierunt,
1553 1279 1596 1313 et
1622 1273 1808 1313 domum

177 1340 333 1381 delata
361 1342 468 1393 quia
485 1341 757 1393 jejunabant
782 1341 814 1392 ¹,
840 1354 1014 1393 magna
1036 1355 1141 1383 cum
1162 1344 1339 1384 laetitia
1366 1345 1688 1384 comederunt:
1719 1344 1808 1384 fra-

176 1418 284 1462 tres,
309 1424 409 1452 rem
430 1419 786 1464 cognoscentes,
811 1414 1027 1453 certatim
1048 1420 1228 1465 partem
1251 1416 1455 1467 aliquam
1470 1415 1604 1467 panis
1621 1416 1807 1467 assequi

174 1483 533 1532 contendebant,
554 1484 618 1524 ita
638 1489 689 1524 ut
709 1484 851 1523 etiam
871 1483 1033 1535 micas,
1054 1496 1172 1536 quae
1195 1485 1250 1525 de
1271 1497 1433 1526 mensa
1450 1486 1695 1535 cadebant,
1716 1487 1805 1525 col—

176 1554 372 1604 ligerent
395 1560 532 1606 atque
554 1555 758 1595 ederent.

254 1624 484 1665 Dominus
504 1638 588 1677 pro
611 1627 856 1667 clementia
886 1640 971 1668 sua
1005 1628 1079 1668 det
1108 1628 1242 1668 nobis
1271 1629 1317 1668 in
1343 1634 1619 1680 perpetuum
1646 1641 1805 1669 amare

174 1696 383 1736 laborem
410 1704 453 1736 et
483 1696 890 1738 mortificationem
920 1698 977 1738 ob
1009 1697 1109 1749 ejus
1135 1710 1326 1749 nomen,
1363 1711 1454 1751 qua
1481 1700 1592 1752 Jesu
1622 1699 1805 1740 Christo

174 1767 394 1807 crucifixo
418 1768 572 1819 aliqua
593 1780 652 1809 ex
671 1775 818 1821 parte,
843 1781 928 1821 pro
949 1771 1175 1811 tenuitate
1196 1771 1415 1822 humana,
1439 1782 1591 1811 mores
1620 1777 1806 1811 nostros

174 1838 497 1878 assimilemus.

254 1909 380 1948 Tuus
401 1909 576 1950 inutilis
597 1910 734 1960 filius,

1042 2053 1319 2094 ALPHONSUS
1350 2055 1585 2095 BARRETO.

252 2264 620 2316 Superscmptio:
637 2265 708 2305 Ao
726 2266 869 2305 muito
886 2265 986 2306 R.<³0
1003 2277 1077 2306 em
1093 2265 1278 2307 Christo
1295 2267 1445 2307 Padre
1463 2279 1592 2318 noso,
1613 2280 1638 2307 o
1655 2268 1799 2320 padre

173 2335 343 2376 Mestre
380 2336 576 2386 IgnatiO,
614 2335 857 2387 Preposito
893 2338 1024 2388 geral
1059 2338 1117 2378 da
1145 2338 1434 2389 Companhia
1470 2339 1525 2378 de
1553 2339 1677 2391 Jesu.
1715 2340 1799 2380 Em

174 2407 336 2447 Roma.

253 2477 364 2517 Alia
386 2489 548 2517 mann:
570 2477 742 2528 Quadr.
768 2478 956 2530 Portug.
982 2479 1080 2520 sine
1101 2492 1238 2520 anno.

225 2659 236 2678 ¹
275 2660 417 2688 domum
430 2661 550 2688 delata
566 2662 881 2696 quiajejunabant,
892 2664 954 2690 hoc
967 2668 1028 2692 est:
1042 2665 1175 2692 domum
1187 2673 1227 2692 ea
1240 2665 1442 2698 deferentes,
1458 2671 1491 2694 et
1505 2675 1567 2694 non
1583 2668 1711 2699 statim,
1722 2669 1800 2702 quia

172 2707 381 2742 jejunabant,
399 2709 547 2736 edentes.
