2074 3179
243 187 316 224 7:30
762 185 989 223 LITTERAE
1016 196 1375 229 QUADRIMESTRES

245 283 330 324 His
352 283 494 334 igitur
515 283 713 326 omissis,
738 293 793 322 ea
817 282 1020 322 breviter
1043 283 1312 332 recensebo,
1336 293 1455 333 quae
1477 282 1602 333 apud
1621 283 1889 334 proximum

242 368 270 393 a
292 354 466 394 nostris
488 360 623 404 gesta
645 360 766 395 sunt.

321 425 409 466 Ubi
430 426 581 477 primo
602 426 704 465 loco
726 437 828 466 sese
851 424 1052 466 offerunt
1073 425 1368 476 theologicae
1390 424 1589 466 Patrum
1615 431 1887 466 nostrorum

245 496 625 536 Reverendorum
646 496 859 548 publicae
881 497 1125 547 lectiones,
1149 507 1266 548 quas
1288 496 1397 548 quia
1421 508 1532 536 rara
1563 496 1767 548 quadam
1790 497 1887 536 dili-

240 567 399 617 gentia
420 568 698 619 praelegunt
718 573 762 607 et
782 567 885 618 fide,
910 568 957 608 fit
978 574 1027 607 ut
1047 567 1268 608 auditorii
1290 567 1559 619 frequentia
1588 579 1696 608 cum
1718 568 1887 619 quovis

240 638 559 689 professorum
582 639 676 691 (qui
697 640 964 691 complures
986 645 1144 680 tamen
1164 639 1212 679 in
1232 639 1323 679 hac
1347 638 1609 679 Academia
1631 645 1737 679 sunt
1760 645 1805 678 et
1821 639 1886 678 in-

241 710 436 761 signiter
458 710 644 762 quidem
665 710 806 760 docti)
831 716 1025 751 certent.
1054 709 1286 762 Superant
1314 715 1470 750 autem
1500 721 1668 750 omnes
1697 710 1743 749 in
1779 709 1884 760 hoc,

237 781 361 832 quod
396 782 443 821 hi
480 781 820 832 adolescentes,
858 782 1126 833 theologiae
1162 781 1315 822 studio
1351 780 1541 831 addicti,
1581 792 1757 832 magna
1795 781 1887 821 sint

239 854 436 903 praediti
458 854 701 903 modestia,
725 854 949 905 patientia
971 853 1329 905 constantiaque
1351 853 1398 893 in
1421 852 1670 893 audiendo.

316 924 371 965 R.
387 924 447 951 dus
468 924 540 965 P.¹'
562 924 820 965 Goudanus
842 925 1069 965 successit
1084 924 1132 965 Ρ.
1154 924 1350 965 Claudio
1376 922 1385 942 ¹
1405 925 1561 976 (quem
1583 929 1711 964 certe
1727 924 1887 963 virum

237 996 413 1048 absque
436 997 642 1037 maximo
664 996 807 1037 animi
829 996 918 1036 mei
940 996 1115 1047 dolore,
1136 1002 1327 1048 propter
1344 1006 1554 1035 summas
1575 994 1722 1046 ipsius
1738 994 1885 1034 virtu-

239 1074 306 1108 tcs
324 1069 566 1108 nominare
584 1068 666 1108 vix
682 1068 888 1120 possum)
902 1068 948 1108 in
964 1067 1163 1108 lectione
1179 1066 1375 1107 Paulina
1393 1066 1452 1106 ad
1468 1065 1726 1117 Romanos,
1743 1078 1884 1118 quam

240 1140 302 1179 ita
322 1140 529 1191 exponit,
554 1146 603 1180 ut
623 1152 710 1180 nec
730 1152 816 1180 nos
835 1151 922 1180 nec
944 1139 1022 1179 alii
1043 1139 1294 1190 quicquam
1317 1138 1518 1190 amplius
1536 1138 1799 1179 desiderem
1811 1150 1880 1179 us.

237 1211 465 1263 Breviter,
489 1218 672 1264 aperte,
702 1211 861 1261 docte,
891 1211 1160 1251 difficillima
1187 1221 1398 1262 quaeque
1431 1210 1558 1260 loca,
1591 1209 1759 1261 quibus
1790 1210 1881 1261 epi-

236 1283 356 1323 stola
377 1283 456 1323 illa
476 1284 615 1335 plena
637 1289 721 1333 est,
745 1288 951 1334 enarrat,
975 1282 1320 1323 haereticorum
1346 1281 1539 1321 insanas
1568 1281 1882 1332 indoctasque

236 1355 579 1406 persuasiones,
595 1366 713 1407 quas
724 1354 831 1395 inde
847 1360 897 1395 ut
913 1354 1165 1406 plurimum
1178 1353 1381 1406 rapiunt,
1394 1352 1606 1393 confutat
1623 1357 1667 1392 et
1683 1352 1804 1392 subv
1813 1364 1881 1392 er-

233 1427 302 1478 tit,
324 1427 568 1479 ipsamque
589 1426 838 1467 veritatem
859 1426 1141 1466 catholicam
1157 1424 1377 1475 defendit,
1397 1424 1589 1464 roborat
1606 1429 1747 1475 atque
1772 1435 1881 1464 con-

235 1497 403 1538 firmat.
427 1497 561 1539 Unde
587 1497 635 1538 fit
658 1504 708 1538 ut
734 1496 930 1538 studiosi
958 1497 1152 1549 aequius
1178 1495 1332 1537 ferant
1360 1495 1656 1547 inopinatum
1687 1495 1880 1546 inexpe-

236 1575 503 1620 ctatumque
524 1569 770 1609 decessum
789 1567 883 1609 R.di
903 1568 952 1609 Ρ.
982 1567 1166 1609 Claudii
1195 1568 1289 1619 (qui
1313 1572 1539 1619 quantum
1561 1571 1801 1607 amaretur
1832 1566 1881 1606 in

233 1640 323 1680 vhac
345 1639 624 1692 Academia,
648 1640 784 1681 facile
804 1640 934 1680 licuit
956 1641 1003 1680 in
1023 1639 1187 1680 funere
1208 1639 1390 1689 Videre,
1415 1638 1539 1689 quod
1564 1637 1751 1689 magnis
1772 1649 1875 1689 pro-

236 1711 487 1762 fessorum,
525 1713 881 1763 magistrorum,
928 1712 1154 1752 nobilium
1197 1717 1242 1751 et
1287 1709 1605 1750 studiosorum
1658 1709 1876 1760 querelis,

234 1784 362 1824 luctu
389 1790 434 1824 et
455 1784 866 1825 lamentationibus
888 1784 947 1824 ad
968 1783 1269 1834 sepulchrum
1290 1788 1358 1822 est
1380 1782 1714 1833 deportatum),
1739 1792 1879 1832 quem

233 1855 407 1908 alioqui
427 1867 655 1908 perquam
685 1856 878 1895 moleste
908 1866 1020 1895 sane
1046 1854 1185 1894 laturi
1207 1859 1362 1904 erant,
1393 1859 1441 1893 ut
1467 1864 1561 1893 non
1583 1852 1783 1892 obscure
1813 1864 1872 1892 ex

230 1926 512 1977 quibusdam
532 1927 716 1967 indiciis
736 1926 783 1967 id
803 1926 1209 1979 deprehendimus.

313 1997 361 2038 P.
387 1997 604 2039 Canisius
625 1998 780 2049 pergit
801 2009 983 2038 summo
1004 2008 1111 2037 cum
1137 1997 1385 2048 applauso,
1417 2002 1462 2036 et
1491 1996 1594 2047 pari
1622 2006 1729 2035 cum
1756 1995 1877 2035 utili·

230 2075 324 2110 tate
345 2069 515 2110 docere
537 2081 592 2110 ac
613 2069 850 2121 explicare
871 2069 1156 2109 christianae
1177 2067 1422 2108 doctrinae
1446 2066 1718 2107 methodum
1741 2067 1872 2107 illam

227 2152 370 2193 quam
391 2140 727 2182 serenissimus
748 2141 850 2181 Rex
870 2141 1051 2193 pridem
1073 2152 1100 2180 a
1116 2140 1290 2180 nostris
1310 2139 1525 2191 petierat.
1545 2138 1689 2179 Faxit
1712 2137 1874 2178 Domi-

228 2223 315 2252 nus
335 2212 472 2266 Jesus
492 2212 707 2253 Christus
726 2218 776 2252 ut
796 2212 945 2264 possit
965 2212 1029 2251 ita
1047 2216 1091 2252 et
1107 2211 1370 2263 provehere
1386 2216 1431 2250 et
1447 2210 1507 2250 ad
1523 2210 1663 2250 finem
1683 2209 1874 2250 tandem

228 2283 486 2335 perducere
508 2284 876 2336 pulcherrimum
896 2284 985 2323 hoc
1006 2289 1051 2323 et
1071 2281 1411 2323 restaurandae
1432 2282 1479 2321 in
1501 2281 1762 2322 Germania
1785 2281 1873 2322 Ca-

228 2354 430 2396 tholicae
450 2354 687 2407 Religioni
705 2355 957 2407 plurimum
979 2354 1234 2406 adJumenti
1255 2354 1505 2394 allaturum
1527 2364 1665 2404 opus,
1689 2352 1749 2392 ad
1771 2353 1870 2392 lau-

230 2427 335 2467 dem
355 2427 641 2468 sanctissimi
662 2427 863 2467 nominis
884 2427 969 2467 sui.
994 2425 1161 2466 Amen.

307 2498 444 2539 Redit
464 2499 607 2551 igitur
628 2499 807 2539 fructus
828 2499 887 2539 ad
908 2498 1144 2538 studiosos
1164 2508 1258 2537 non
1280 2496 1480 2548 exiguus
1501 2507 1560 2536 ex
1588 2495 1872 2536 lectionibus

228 2569 439 2620 Patrum;
464 2571 546 2611 sed
573 2582 667 2611 non
696 2570 803 2610 inde
830 2570 1003 2620 solum'3
1034 2580 1143 2609 nam
1175 2574 1220 2608 et
1247 2567 1554 2608 concionibus
1582 2567 1869 2618 germanicis

228 2639 275 2679 Ρ.
309 2641 500 2693 Canisii,
526 2642 584 2682 ad
611 2653 729 2694 quas
756 2641 820 2682 illi
854 2641 1105 2693 praecipue
1134 2640 1350 2685 veniunt,
1384 2650 1480 2679 non
1509 2650 1677 2690 parum
1699 2637 1872 2689 juvan-

228 2718 316 2751 tur.
339 2711 444 2753 Non
464 2713 587 2753 enim
608 2724 663 2752 ea
684 2718 888 2763 tantum,
913 2723 1032 2764 quae
1061 2711 1120 2752 ad
1146 2721 1332 2751 morum
1359 2709 1701 2750 correctionem
1728 2710 1872 2761 perti-

227 2789 351 2834 nent,
374 2784 641 2825 vehementi
662 2784 827 2836 spiritu
848 2783 910 2823 ibi
931 2788 1089 2823 monet
1108 2782 1261 2832 Pater,
1285 2792 1451 2822 verum
1479 2781 1645 2830 etiam,
1670 2792 1788 2832 quae
1810 2780 1871 2821 ad

225 2854 537 2895 confutandas
557 2855 778 2896 haereses
799 2855 994 2905 faciunt,
1019 2854 1302 2905 gravissime
1324 2856 1515 2893 tractat.

280 2967 287 2978 ¹
328 2966 363 2993 P.
380 2966 541 2995 Claudius
555 2968 659 3002 Jaius,
676 2969 729 3002 qui
747 2973 846 2996 sexta
864 2968 1008 3002 Augusti
1026 2967 1077 2994 die
1093 2967 1193 3001 hujus
1214 2967 1292 2994 anni
1315 2966 1383 2993 1552
1406 2966 1566 3000 spiritum
1587 2965 1735 2992 Domino
1753 2965 1865 2991 reddi-

230 3013 339 3041 derat.
