2074 3179
1306 43 1324 61 Ι,

249 162 318 197 (5134)
764 161 988 198 L1TTERAE
1015 171 1373 204 QUADRIMESTRES

250 257 361 308 quid
390 258 549 308 agam?
577 256 836 308 Praecipua
863 258 1049 309 quidem
1074 258 1225 298 virtus
1252 264 1342 309 est,
1367 263 1416 298 ut
1436 258 1607 309 legisse
1640 259 1892 309 aliquando

249 327 364 368 mihi
384 328 571 379 videor,
595 328 751 368 facere
779 329 1041 368 scribenda.
1071 329 1134 369 At
1165 330 1281 369 haec
1312 330 1351 369 si
1383 329 1603 379 abfuerit,
1627 329 1893 380 proximum

248 404 319 438 est
340 399 545 438 scribere
568 404 613 438 et
633 398 859 439 admirari
878 399 1018 439 facta.
1043 400 1162 440 Nam
1179 411 1378 452 quorum
1394 412 1480 440 nos
1497 398 1744 439 admiratio
1767 405 1892 440 tenet

250 475 388 521 atque
410 470 572 520 allicit,
598 481 653 509 ea
674 469 859 510 facilius
880 471 1234 523 promptiusque
1255 471 1427 511 imitari
1449 471 1702 512 studemus
1727 471 1784 511 Et
1813 471 1893 523 qui

250 541 401 580 aliena
436 540 562 580 facta
596 541 763 581 litteris
802 541 1015 592 mandat,
1058 554 1221 582 eorum
1255 548 1300 582 et
1333 543 1431 594 ipse
1467 542 1809 594 quodammodo
1845 541 1892 581 fit

247 612 496 662 particeps.
529 610 664 662 Quod
694 624 800 652 cum
822 612 885 652 ita
908 613 987 663 sit,
1019 613 1106 653 Dei
1128 614 1350 665 primum,
1375 613 1541 654 deinde
1562 612 1652 652 R.di
1678 612 1726 653 Ρ.
1750 612 1894 652 Anto-

247 683 312 723 nii
337 682 346 700 ¹
370 684 617 724 clementia
640 690 683 724 et
705 685 995 735 benignitate
1013 685 1079 724 sic
1097 685 1297 736 partitas
1320 685 1438 725 inter
1459 696 1544 724 nos
1566 684 1708 724 fuisse
1726 696 1895 736 operas

249 755 532 806 existimem,
558 761 606 795 ut
628 768 747 807 quae
769 756 850 796 alii
871 756 1116 807 fecissent,
1142 767 1230 807 ego
1252 768 1392 807 unus,
1419 756 1626 796 omnium
1646 755 1730 795 tibi
1752 755 1893 795 nomi-

247 837 325 876 ne,
368 838 685 878 recenserem,
727 839 784 867 ne
824 828 1011 878 horum,
1055 828 1412 879 qualiacumque
1452 828 1568 867 haec
1607 827 1762 867 futura
1804 827 1894 866 sint

247 909 367 948 quae
403 898 627 947 scribam,
670 900 798 938 solus
833 911 1002 950 expers
1037 899 1341 951 relinquerer.
1380 899 1589 950 Quorum
1618 909 1704 949 ego
1735 909 1893 938 narra-

246 969 372 1008 tione
407 981 532 1009 nunc
568 970 868 1021 ingressurus
904 971 1057 1021 longis
1092 977 1136 1010 te
1172 970 1542 1022 praefationibus
1577 969 1653 1010 diu
1689 970 1894 1010 detinere

246 1052 340 1079 non
375 1041 574 1092 institui,
619 1041 734 1081 satis
776 1041 983 1093 alioquin
1019 1048 1321 1093 occupatum,
1360 1048 1404 1082 et
1441 1042 1518 1093 qui
1552 1053 1708 1081 rerum
1742 1041 1895 1092 magis

245 1123 388 1162 quam
415 1112 667 1152 verborum
698 1113 833 1164 copia
869 1112 1130 1153 delecteris.
1164 1113 1280 1153 Illud
1311 1125 1455 1153 unum
1484 1113 1692 1164 profecto
1723 1112 1890 1162 dicam,

247 1183 285 1222 si
307 1182 501 1223 idoneus
527 1184 729 1235 scriptor
762 1184 835 1224 his
865 1185 1005 1225 rebus
1037 1185 1335 1236 contigisset,
1370 1183 1572 1235 majores
1599 1184 1784 1235 quidem
1805 1184 1893 1223 for-

247 1260 395 1305 tasse,
422 1261 547 1295 certe
569 1262 726 1296 autem
747 1256 980 1306 gratiores
1002 1262 1046 1296 et
1066 1256 1369 1308 jucundiores
1391 1256 1541 1296 videri
1558 1256 1778 1307 potuisse.
1804 1254 1894 1295 Sed

247 1325 306 1365 ad
326 1332 391 1376 te,
415 1332 465 1366 ut
488 1325 605 1378 dixi,
630 1327 747 1367 haec
768 1327 1059 1375 scribuntur,
1085 1327 1161 1367 cui
1181 1327 1296 1367 nihil
1322 1339 1523 1379 parvum
1545 1334 1636 1375 est,
1661 1326 1783 1378 quod
1805 1327 1894 1366 Dei

245 1397 469 1437 beneficio
491 1398 669 1438 factum
695 1399 774 1449 sit;
799 1399 912 1438 nihil
933 1399 1075 1439 etiam
1093 1411 1185 1439 non
1203 1399 1506 1439 vehementer
1524 1405 1713 1450 gratum
1730 1397 1891 1449 jucun-

245 1467 461 1521 dumque,
494 1469 616 1520 quod
638 1482 665 1510 a
685 1470 810 1521 filiis,
841 1471 1178 1522 quantumlibet
1205 1471 1404 1521 ingratis
1425 1477 1469 1510 et
1490 1470 1806 1521 negligentiae
1821 1461 1891 1509 'la-

246 1541 376 1592 queis
410 1541 625 1592 irretitis,
649 1542 815 1593 loquar
845 1543 969 1582 enim
998 1542 1121 1593 quod
1152 1542 1362 1593 singulos
1393 1542 1449 1582 de
1479 1554 1528 1582 se
1559 1541 1732 1581 sentire
1763 1547 1890 1581 certo

245 1612 357 1663 scio,
382 1612 463 1652 tibi
484 1619 641 1652 tamen
664 1613 953 1653 charissimis
982 1613 1187 1654 offertur.
1219 1613 1535 1664 Quamobrem
1555 1624 1748 1653 securus
1775 1613 1891 1653 haec

245 1683 327 1722 tibi
349 1690 544 1735 accepta
571 1685 692 1735 fore,
725 1685 1052 1736 quoquomodo
1075 1697 1101 1724 a
1122 1696 1194 1724 me
1216 1685 1450 1735 dicantur,
1482 1696 1581 1724 rem
1610 1684 1760 1735 ipsam
1797 1690 1891 1723 sta-

243 1754 327 1794 tim
357 1756 611 1806 aggrediar
631 1755 658 1796 ².

328 1826 482 1878 Atque
504 1832 553 1867 ut
575 1827 632 1867 ab
654 1839 708 1867 eo
733 1839 915 1868 sumam
937 1828 1142 1878 initium,
1172 1828 1296 1880 quod
1324 1828 1527 1868 maxime
1555 1839 1693 1867 nosse
1715 1826 1889 1867 deside-

244 1909 347 1949 ras,
379 1898 626 1939 domestici
654 1911 816 1939 omnes
846 1900 892 1939 in
922 1899 1020 1939 dies
1053 1899 1323 1950 proficiunt,
1357 1911 1451 1939 non
1486 1904 1667 1939 tantum
1701 1898 1891 1950 spiritus

244 1969 454 2018 fervore,
479 1970 559 2010 sed
582 1970 844 2011 litterarum
874 1971 1015 2010 etiam
1042 1966 1195 2010 studio
1224 1971 1275 2018 ii,
1306 1971 1472 2023 quibus
1503 1970 1782 2010 studendum
1803 1975 1888 2009 est.

245 2041 495 2082 Caeterum
524 2041 581 2082 de
611 2042 810 2094 singulis
838 2042 993 2082 dicere
1028 2042 1141 2082 nihil
1176 2042 1366 2093 attinet,
1406 2042 1542 2082 sicuti
1577 2054 1662 2082 nec
1697 2042 1753 2082 de
1788 2041 1890 2081 aliis

244 2112 383 2152 rebus
404 2114 670 2164 permultis,
696 2125 812 2165 quas
834 2114 880 2153 in
901 2114 1175 2154 universum
1206 2114 1288 2153 tibi
1315 2119 1451 2153 notas
1474 2125 1576 2154 esse
1596 2125 1690 2153 non
1712 2112 1886 2161 dubito,

244 2190 293 2223 ut
315 2184 393 2235 qui
415 2185 601 2233 orandi,
630 2185 841 2236 legendi,
873 2185 1109 2235 studendi,
1140 2191 1185 2225 et
1216 2184 1404 2224 omnino
1433 2185 1511 2236 qui
1538 2184 1671 2224 nobis
1698 2184 1888 2224 vivendi

244 2255 303 2295 sit
332 2256 511 2295 modus.
546 2255 707 2308 Neque
737 2256 861 2296 enim
893 2256 1143 2307 quicquam
1172 2257 1248 2296 vel
1282 2256 1491 2296 additum
1521 2256 1596 2295 vel
1626 2255 1887 2295 detractum

243 2333 314 2366 est
336 2327 377 2366 ei
398 2327 591 2377 rationi,
616 2339 736 2379 quae
763 2332 874 2367 tunc
902 2327 1114 2367 instituta
1142 2332 1212 2367 est
1242 2339 1348 2367 cum
1375 2327 1560 2367 adesset
1585 2326 1640 2366 R.
1670 2327 1718 2366 Ρ.
1748 2326 1886 2366 Nata-

243 2398 320 2449 lis3
344 2409 484 2449 quae,
517 2399 625 2438 licet
653 2399 899 2450 praeclara
927 2410 1112 2450 semper
1139 2405 1183 2439 et
1211 2398 1463 2450 prudenter
1485 2398 1755 2449 excogitata
1782 2398 1885 2438 visa

244 2470 302 2509 sit
333 2470 567 2518 omnibuS‚
603 2475 761 2510 tamen
796 2476 970 2522 quanto
1007 2470 1238 2511 desiderio
1272 2470 1546 2510 universum
1580 2469 1703 2509 istud
1739 2468 1884 2510 Colle—

243 2541 372 2591 gium
412 2541 623 2581 instituta
660 2542 758 2592 illa,
802 2553 921 2593 quae
956 2554 983 2581 a
1018 2541 1122 2582 R.da
1153 2541 1440 2582 Paternitate
1476 2547 1555 2581 tua
1589 2541 1711 2580 idem
1745 2539 1885 2581 Pater

244 2611 410 2652 afferre
432 2612 622 2663 dicitur,
646 2618 902 2664 exspectet,
924 2613 1004 2652 vix
1027 2612 1119 2652 dici
1146 2618 1300 2664 potest
1321 2611 1349 2652 ⁵.
1382 2611 1738 2652 Emendatiores
1759 2612 1883 2652 enim

299 2796 307 2814 ¹
350 2796 386 2822 P.
402 2797 542 2824 Antonii
557 2796 686 2830 Vinck,
702 2797 911 2824 Messanensi
927 2796 1077 2830 Collegio
1092 2797 1269 2831 praefecti,
1287 2797 1364 2823 dum
1379 2797 1500 2823 aberat
1519 2796 1555 2823 P.
1573 2796 1800 2832 Hieronymus
1815 2796 1881 2823 Na-

245 2842 335 2869 talis.
1422 2847 1428 2852 '

298 2890 311 2908 ·-‘
349 2890 453 2924 Quae,
469 2898 489 2918 a
504 2892 620 2919 verbis
635 2893 819 2926 imprimis
833 2893 1065 2924 observande,
1087 2892 1257 2926 hucusque
1279 2892 1417 2927 scripsit
1439 2891 1605 2924 Annibal,
1627 2898 1668 2918 ea
1689 2891 1878 2925 suppressit

244 2937 354 2964 omnia
371 2937 547 2965 Polancus.

299 2984 311 3000 Γ·
350 2983 436 3011 Vide
454 2984 619 3017 POLANCO,
638 2986 773 3016 Clwon„
788 2991 811 3014 t.
828 2994 860 3021 11,
876 2994 954 3021 pag.
972 2987 1040 3018 529,
1058 2994 1087 3013 n.
1104 2987 1165 3013 277.
