2074 3179
249 144 320 183 486
765 144 994 182 LlTTERAE
1021 155 1376 187 QUADRIMESTRES

249 242 625 294 magistratibus,
662 242 907 294 permultis
940 241 1193 293 nobilibus,
1231 253 1324 282 non
1358 243 1522 294 paucis
1558 242 1890 284 coenobiorum

250 314 508 365 prioribus,
537 313 617 365 qui
650 325 674 353 e
708 313 906 365 singulis
933 312 1030 353 fere
1062 313 1362 353 monasteriis
1401 315 1652 355 convocati
1672 314 1888 354 lubentis-

250 386 366 425 sime
396 391 736 442 convenerant,
768 395 941 435 magna
972 396 1079 425 cum
1110 384 1447 436 discipulorum
1467 397 1573 425 cum
1594 385 1792 426 aliorum
1824 386 1886 426 di-

249 467 497 496 versorum
525 455 788 507 frequentia
819 456 866 495 in
892 455 1003 495 Divi
1024 454 1239 506 Antonii,
1269 455 1452 496 cunctis
1482 456 1884 508 applaudentibus,

249 527 412 567 habuit
433 528 716 578 orationem;
749 532 793 567 et
824 538 883 567 ex
908 527 1083 567 nostris
1111 527 1301 579 quidam
1331 527 1590 579 discipulis,
1624 540 1739 580 quos
1762 528 1821 568 ad
1844 528 1890 568 id

250 598 402 650 magis
436 604 573 650 aptos
600 604 645 638 et
678 598 873 638 idoneos
903 599 1218 649 elegeramus,
1240 597 1342 638 R.<10
1369 597 1573 639 Domino
1604 598 1887 651 Inquisitori,

250 668 495 710 Praefecto
518 669 746 719 civitatis,
770 669 997 720 Praetori,
1022 681 1078 709 ac
1099 669 1289 720 reliquis
1310 669 1680 721 magistratibus,
1704 670 1890 721 singula

250 741 447 793 singulis
481 742 846 793 epigrammata,
880 753 998 793 quae
1030 740 1162 792 jussu
1197 741 1352 782 Patris
1383 741 1781 794 conscripseram,
1814 754 1889 782 ve-

246 818 384 853 nuste
415 813 530 853 satis
560 813 833 853 recitarunt.
867 812 943 853 Ad
964 813 1082 853 haec
1113 812 1303 865 quidam
1323 813 1570 865 parvulus,
1594 812 1730 853 unius
1752 824 1776 853 e
1796 825 1889 853 ma-

248 884 525 934 gistratibus
546 884 688 935 filius,
712 884 902 925 Domini
928 884 1126 938 Joannis
1151 884 1433 925 Forcadami
1461 884 1732 936 discipulus,
1756 884 1813 924 ab
1835 896 1890 924 eo

250 955 498 1007 diligenter
519 956 791 1007 instructus,
816 956 1176 1007 oratiunculam,
1200 968 1291 1007 qua
1314 956 1398 996 toti
1415 956 1570 996 coetui
1586 956 1766 1007 gratias
1785 967 1892 1008 age-

250 1027 329 1066 bat
350 1028 609 1078 praesenti,
634 1039 818 1067 necnon
839 1028 1150 1078 magistratus
1173 1039 1334 1067 omnes
1356 1027 1415 1068 ad
1444 1027 1618 1068 nostris
1638 1027 1892 1068 favendum

249 1098 416 1138 studiis
447 1099 707 1150 excitabat,
743 1110 926 1139 summa
958 1105 1121 1150 gestus
1148 1104 1193 1139 et
1215 1099 1414 1139 actionis
1442 1099 1765 1139 moderatione
1789 1110 1893 1151 pro-

248 1169 498 1210 nuntiavit.
525 1169 659 1220 Quod
689 1176 915 1222 quantum
944 1170 1298 1222 magistratibus
1327 1170 1620 1222 caeterisque
1646 1170 1891 1222 placuerit,

248 1246 528 1281 cunctorum
548 1241 783 1281 maximus
810 1240 1039 1281 indicavit
1067 1242 1337 1293 applausus.
1369 1240 1591 1293 Sequenti
1612 1241 1685 1282 die
1706 1253 1894 1293 praece-

248 1318 404 1363 ptores
440 1313 824 1353 accommodatas
855 1313 1217 1353 commissorum
1248 1313 1335 1353 sibi
1371 1313 1708 1365 discipulorum
1738 1313 1897 1365 captui

246 1384 473 1424 lectiones
494 1390 601 1424 sunt
624 1385 855 1436 aggressi,
880 1396 997 1436 quas
1019 1385 1224 1436 quotidie
1246 1390 1421 1436 quanta
1438 1390 1635 1435 possunt
1653 1385 1896 1436 diligentia

247 1462 614 1508 prosequuntur;
639 1456 844 1508 dantque
863 1468 949 1508 pro
971 1456 1151 1496 viribus
1173 1468 1368 1508 operam
1385 1468 1475 1508 quo
1491 1468 1585 1496 non
1602 1456 1755 1496 minor
1777 1467 1895 1496 sem-

246 1539 328 1579 per
350 1527 591 1579 religionis
614 1533 658 1568 et
680 1539 863 1568 morum
883 1527 1132 1579 probitatis
1153 1539 1294 1579 quam
1316 1527 1559 1567 doctrinae
1579 1529 1656 1567 vel
1677 1527 1894 1567 eruditio-

245 1599 319 1638 nis
335 1598 415 1639 fiat
434 1599 660 1639 accessio.
686 1597 779 1639 Sed
799 1599 854 1638 iis
871 1598 1019 1639 fusius
1048 1599 1362 1650 explicandis,
1395 1598 1523 1650 quia,
1556 1597 1655 1638 R.de
1688 1598 1736 1638 in
1764 1598 1893 1639 Chri-

247 1675 320 1710 sto
341 1669 415 1718 P.‚
441 1671 558 1710 alias
579 1670 819 1721 audivisti,
839 1670 1141 1721 supersedeo.

329 1741 488 1782 Mense
509 1741 785 1792 Novembri,
810 1743 856 1782 in
879 1741 1194 1781 celebratione
1224 1741 1462 1792 generalis
1490 1740 1685 1781 Concilii
1708 1741 1896 1782 Carme-

244 1813 452 1865 litarum,
478 1813 820 1865 disputationes
849 1812 1011 1853 diebus
1041 1818 1146 1852 octo
1175 1818 1284 1852 sunt
1312 1812 1523 1863 habitae,
1548 1812 1595 1852 in
1617 1812 1784 1864 quibus
1804 1812 1895 1864 pri-

244 1897 372 1926 mum
393 1885 611 1926 doctores
633 1891 677 1925 et
699 1885 746 1924 in
767 1896 905 1925 sacra
928 1884 1197 1935 theologiae
1227 1884 1452 1924 facultate
1480 1884 1704 1936 promoti,
1729 1883 1895 1924 deinde

245 1956 485 1997 candidati
520 1957 814 2008 theologicas
851 1956 989 1996 simul
1019 1961 1063 1996 et
1093 1955 1320 2007 physicas
1350 1955 1609 2007 positiones
1644 1955 1896 2007 agitandas

245 2028 429 2079 publice
456 2029 720 2069 tuebantur.
746 2028 924 2080 Quibus
958 2026 1080 2068 RduS
1104 2028 1153 2068 P.
1185 2028 1416 2068 Dominus
1437 2027 1612 2068 Paulus
1636 2026 1646 2046 ¹
1669 2026 1894 2078 interfuit,

244 2100 324 2140 ubi
345 2111 481 2140 suam
500 2101 725 2140 latentem
748 2100 1095 2151 quodammodo
1117 2100 1361 2148 virtutem,
1395 2098 1646 2150 multisque
1667 2110 1760 2138 non
1781 2097 1896 2138 satis

246 2176 385 2211 antea
408 2172 668 2222 cognitam,
693 2184 787 2212 non
808 2172 908 2212 sine
938 2171 1027 2212 Dei
1058 2172 1236 2212 honore
1265 2176 1309 2211 et
1339 2169 1516 2221 majore
1538 2168 1789 2210 Societatis
1818 2181 1895 2209 au-

245 2243 492 2294 thoritate,
516 2243 709 2294 protulit
733 2249 778 2283 et
799 2243 846 2283 in
867 2243 1127 2295 pleniorem
1147 2243 1300 2282 lucem
1321 2241 1487 2282 emisit.

327 2307 576 2365 Interjecto
599 2326 858 2365 paucorum
886 2315 1067 2355 dierum
1095 2314 1249 2366 spatio
1282 2313 1450 2353 nobilis
1482 2312 1672 2364 quidam
1692 2312 1898 2365 Joannes

247 2397 275 2425 a
308 2386 549 2437 Bononia,
589 2386 997 2437 Archidiaconus,
1041 2385 1113 2425 sui
1148 2385 1297 2437 patris
1333 2389 1487 2424 motus
1528 2382 1784 2433 desiderio,
1820 2381 1898 2433 qui

248 2468 354 2496 eum
382 2456 543 2497 videre
575 2457 895 2508 disputantem
924 2463 1122 2508 paterno
1159 2455 1362 2507 quodam
1398 2454 1572 2495 affectu
1600 2464 1899 2504 summopere

250 2529 466 2579 cupiebat
506 2534 550 2568 et
589 2527 687 2580 ejus
735 2528 912 2580 ingenii
951 2528 1078 2569 vires
1113 2527 1339 2579 experiri,
1378 2526 1620 2577 utriusque
1658 2524 1900 2565 facultatis

251 2599 579 2639 conclusiones
611 2600 657 2639 in
688 2611 871 2640 summo
900 2600 1073 2651 templo
1104 2593 1338 2650 frequenti
1364 2597 1742 2649 magistratuum,
1773 2595 1900 2636 nobi-

248 2670 382 2721 lium,
416 2671 732 2722 medicorum,
766 2670 1107 2711 monachorum
1143 2676 1187 2710 et
1224 2670 1424 2710 aliorum
1453 2668 1764 2720 plurimorum
1792 2678 1900 2707 con-

249 2752 394 2782 cursu
422 2741 648 2794 defendit;
681 2742 781 2794 ubi,
805 2754 913 2783 cum
933 2741 1056 2783 R.<¹11S
1077 2740 1126 2782 P.
1158 2741 1390 2782 Dominus
1422 2739 1594 2780 Paulus
1622 2739 1897 2791 disputaret,

310 2975 318 2994 ¹
361 2975 396 3001 Ρ.
414 2975 539 3003 Paulus
555 2976 574 3002 d
591 2977 745 3004 Achillis.
