2074 3179
253 170 327 208 752
774 168 999 206 LITTERAE
1026 179 1385 211 QUADRIMESTREs

258 268 325 308 sic
353 268 476 307 enim
504 267 731 306 intellexit
773 265 1037 317 Superioris
1071 266 1234 306 verba.
1264 266 1505 307 Consimili
1531 266 1693 308 habitu
1726 268 1898 309 missus

257 344 327 379 cst
358 339 476 379 alius
503 337 644 379 Pater
672 338 719 378 in
745 338 949 389 plateam
970 336 1107 389 hujus
1129 337 1308 390 oppidi,
1338 339 1526 379 indutus
1548 340 1648 379 sola
1669 340 1897 381 subucula

258 410 373 451 satis
400 410 583 460 attrita3
617 409 872 461 ivissetque
902 409 1022 450 inter
1052 415 1283 460 cognatos
1313 416 1358 450 et
1388 416 1524 450 notos
1553 410 1649 459 (hic
1678 411 1802 452 enim
1828 418 1899 452 est

257 482 419 532 ortus),
443 482 532 522 nisi
548 481 694 522 frater
711 481 900 533 quidam
917 492 1023 521 eum
1040 481 1229 522 domurn
1250 481 1528 532 reduxisset,
1548 483 1823 535 priusquam
1841 484 1898 523 ab

261 554 416 605 aliquo
433 552 687 593 videretur.
711 552 892 593 Eodem
908 553 1050 593 modo
1067 552 1288 593 reductus
1309 559 1379 593 est
1396 553 1586 594 domum
1601 554 1746 594 frater
1763 555 1898 605 alius,

260 625 338 677 qui
360 625 419 664 ad
440 624 655 664 eumdem
676 625 832 664 locum
858 624 1130 664 mittebatur
1152 624 1328 664 cacabo
1355 625 1563 665 humeris
1589 637 1728 677 super
1758 626 1900 678 impo-

261 696 365 736 sito.
391 696 600 747 Cumque
622 695 769 736 frater
800 696 919 736 alius
947 696 1078 736 visus
1105 701 1228 736 esset
1256 696 1426 736 breves
1457 696 1642 737 tunicas
1669 697 1900 748 fastidire,

258 767 378 808 dixit
399 768 463 808 illi
484 767 644 807 statim
664 766 889 819 Superior
909 773 973 818 ut,
998 767 1162 808 relicta
1183 767 1321 807 talari
1342 774 1495 819 veste,
1520 768 1679 808 tunica
1701 769 1836 809 brevi
1852 780 1902 809 se

262 839 488 890 indueret,
509 838 762 892 jussusque
783 845 853 879 est
874 845 1042 880 exutus
1058 839 1198 891 pallio
1219 850 1303 890 per
1323 840 1550 891 populum
1572 839 1811 891 incedere;
1838 841 1904 881 in—

260 912 494 964 cessitque
515 917 560 951 et
582 911 771 951 domum
792 911 944 961 rediit,
968 911 1104 951 solito
1123 910 1318 951 hilarior
1340 918 1383 951 et
1413 911 1617 952 liberior.
1652 911 1903 952 Praeterea

262 995 370 1024 cum
391 984 740 1035 eleemosynam
767 982 957 1035 quidam
990 994 1170 1035 pauper
1197 988 1398 1034 peteret,
1427 981 1582 1034 jussus
1609 983 1754 1023 frater
1786 983 1905 1024 alius

261 1055 435 1096 calceis
455 1067 505 1095 se
527 1066 700 1095 exuere
724 1060 768 1094 et
789 1066 869 1095 eos
891 1055 1004 1095 dare
1024 1055 1241 1106 pauperi;
1266 1055 1389 1106 quod
1412 1054 1573 1095 statim
1592 1054 1666 1095 ille
1688 1055 1798 1095 fecit
1812 1055 1903 1095 lae-

262 1134 337 1167 tus
359 1126 624 1167 admodum.
649 1125 878 1167 Sitiebant
899 1126 971 1166 his
1000 1126 1288 1178 temporibus
1317 1138 1433 1166 arva
1459 1125 1557 1178 ejus
1579 1127 1759 1179 oppidi,
1784 1127 1903 1167 adeo

265 1204 313 1239 ut
332 1199 461 1251 putei
481 1209 656 1249 magna
678 1210 736 1238 ex
757 1204 890 1250 parte
907 1198 1281 1249 exsiccarentur,
1307 1199 1491 1247 magnis
1511 1198 1651 1238 etiam
1673 1199 1905 1249 angustiis

265 1276 391 1311 totus
412 1271 615 1322 populus
637 1270 684 1310 in
706 1281 946 1310 armorum
967 1270 1163 1322 strepitu
1190 1271 1485 1321 versabatur,
1511 1282 1564 1310 eo
1596 1270 1719 1322 quod
1745 1281 1906 1310 rumor

265 1347 387 1382 esset
409 1353 711 1382 numerosam
740 1341 1016 1382 turcharum
1037 1343 1237 1382 classem
1263 1353 1357 1382 non
1378 1342 1517 1393 longe
1546 1342 1724 1381 abesse.
1750 1341 1908 1392 Quare

266 1425 375 1453 cum
396 1413 538 1453 vellet
559 1412 730 1453 Rector
751 1418 911 1453 noster
933 1413 1078 1453 armis
1098 1412 1272 1453 nostris
1294 1424 1380 1452 nos
1408 1413 1548 1452 etiam
1571 1413 1779 1464 induere,
1800 1423 1907 1452 con-

266 1485 478 1536 gregatis
504 1485 719 1525 omnibus
741 1484 979 1534 fratribus,
1002 1484 1247 1536 proposuit
1274 1484 1362 1524 illis
1383 1484 1515 1535 prius
1537 1484 1786 1524 universas
1806 1496 1909 1536 pro-

269 1557 427 1607 cellas,
466 1556 634 1608 quibus
664 1556 932 1608 Jactabatur
966 1557 1199 1607 Ecclesia,
1239 1562 1282 1596 et
1316 1557 1531 1608 privatas
1561 1556 1826 1607 angustias,
1864 1555 1911 1596 in

264 1627 433 1679 quibus
452 1628 734 1668 versabatur
754 1628 829 1668 hic
851 1629 1070 1680 populus3
1095 1627 1262 1668 deinde
1284 1628 1574 1668 sciscitatum
1595 1634 1665 1668 est
1687 1628 1744 1668 ab
1767 1627 1911 1667 omni—

267 1700 352 1739 bus
374 1699 544 1751 quibus
565 1700 711 1739 armis
732 1700 956 1740 utendum
977 1700 1112 1740 nobis
1139 1706 1282 1750 esset,
1314 1705 1362 1739 ut
1394 1700 1439 1739 in
1462 1710 1614 1750 agone
1645 1699 1734 1739 isto
1755 1699 1910 1739 vince-

262 1783 439 1812 remus.
460 1771 786 1822 Assignabant
804 1771 993 1823 quidam
1009 1772 1171 1812 vivam
1189 1771 1342 1822 fidem,
1359 1772 1480 1811 alius
1496 1772 1788 1811 voluntatem
1805 1782 1912 1811 con—

268 1843 465 1883 formem
487 1843 647 1883 divino
664 1843 974 1895 beneplacito,
992 1843 1110 1883 alius
1128 1844 1407 1893 orationem,
1428 1844 1547 1883 alius
1565 1849 1915 1883 sacramentum

263 1915 579 1956 confessionis
601 1921 645 1955 et
667 1915 1028 1966 communionis,
1060 1915 1277 1955 meditari
1301 1916 1412 1955 item
1442 1917 1581 1966 longe
1609 1913 1790 1966 majora
1811 1926 1915 1954 esse

268 1988 412 2038 mala,
437 1999 557 2039 quae
579 1998 829 2035 meremur,
861 1987 934 2027 his
961 1999 1081 2039 quae
1111 1987 1246 2027 nobis
1277 1987 1469 2027 evenire
1497 1992 1707 2038 possunt.
1743 1985 1914 2026 Decre-

269 2066 366 2100 tum
387 2059 473 2099 fuit
493 2059 704 2110 tandem,
729 2059 951 2111 quoniam
972 2071 1086 2111 sequ
1097 2070 1180 2099 ens
1202 2058 1302 2098 dies
1328 2058 1474 2098 festus
1502 2063 1603 2098 erat
1624 2056 1916 2108 Assumptio-

266 2132 361 2182 nis,
386 2137 434 2171 ut
454 2142 537 2182 per
557 2130 670 2171 illud
697 2131 936 2171 octiduum
966 2130 1037 2171 fra
1050 2137 1145 2171 tres
1167 2136 1238 2170 ter
1266 2131 1537 2182 acciperent
1567 2135 1916 2169 sacramentum

265 2202 632 2253 communionis,
675 2208 719 2242 et
759 2214 919 2243 coram
960 2202 1061 2254 ipso
1107 2202 1249 2242 etiam
1281 2201 1591 2242 Sacramento
1622 2199 1914 2251 congregati,

265 2286 434 2314 omnes
464 2280 536 2314 ter
562 2285 643 2325 per
670 2279 858 2314 noctem
884 2273 1047 2325 flagris
1077 2285 1127 2313 se
1160 2273 1441 2324 affligerent,
1478 2279 1522 2312 et
1549 2271 1673 2323 quod
1700 2283 1726 2310 a
1753 2271 1916 2323 quinta

270 2346 385 2385 hora
408 2345 638 2385 matutina
659 2355 807 2396 usque
829 2345 888 2385 ad
903 2356 1079 2385 nonam
1097 2344 1264 2385 horam
1284 2344 1604 2396 vespertinam
1621 2342 1772 2383 oratio
1787 2343 1918 2382 fieret

271 2417 370 2456 sine
400 2416 760 2464 intermissione,
785 2416 970 2468 partitis
991 2416 1112 2456 inter
1134 2427 1295 2456 omnes
1331 2415 1504 2455 fratres
1532 2414 1818 2455 successivis
1838 2414 1917 2454 ho-

274 2488 352 2528 ris.
380 2487 557 2528 Eadem
592 2487 734 2537 igitur
762 2493 900 2527 nocte
937 2499 1099 2527 omnes
1130 2486 1293 2538 flagris
1326 2498 1376 2526 se
1418 2486 1688 2535 affecerunt,
1721 2484 1919 2525 feliciter

274 2559 482 2610 quidem;
508 2570 617 2598 nam
639 2571 693 2599 ea
714 2565 851 2599 nocte
873 2566 917 2599 et
940 2558 1152 2610 sequenti
1174 2558 1316 2598 biduo
1344 2570 1399 2597 ea
1421 2568 1653 2609 aquarum
1680 2555 1916 2596 abundan-

275 2631 340 2671 tia
360 2636 536 2670 terram
561 2629 831 2681 inundavit,
857 2636 921 2679 ut,
946 2630 1119 2670 satiata
1147 2628 1245 2681 jam
1269 2636 1411 2679 terra,
1438 2639 1582 2679 agros
1611 2639 1752 2679 super
1772 2626 1919 2667 immi-

274 2707 406 2742 neret
426 2701 567 2742 unda.
596 2701 706 2741 Post
728 2702 845 2741 haec
867 2701 927 2741 ad
948 2713 1034 2742 nos
1061 2701 1234 2742 missae
1258 2706 1364 2741 sunt
1385 2701 1568 2740 litterae
1599 2711 1658 2740 ex
1679 2698 1915 2748 Valentia,

274 2773 443 2824 quibus
463 2773 834 2813 admonebamur
861 2772 1030 2813 falsum
1058 2784 1162 2813 esse
1194 2783 1435 2812 rumorem
1465 2771 1520 2811 de
1550 2772 1701 2811 classe
1732 2769 1916 2810 turcha-

278 2856 381 2885 rum
401 2850 631 2884 exortum.
655 2843 751 2884 Nec
773 2850 930 2884 tamen
951 2844 1183 2885 Dominus
1204 2843 1416 2884 fructum
1436 2844 1564 2883 illum
1586 2842 1761 2893 amisit3
1788 2841 1919 2881 multi

277 2916 446 2967 quippe
467 2916 554 2956 hoc
577 2915 743 2955 timore
765 2915 823 2955 ad
846 2915 1187 2956 confessionem
1209 2914 1437 2966 compulsi
1459 2920 1581 2954 sunt.

359 2987 489 3027 Haec
506 2994 811 3027 occurrerunt
833 2987 1081 3027 scribenda
1097 2986 1146 3027 P.
1166 2986 1295 3027 Tuae
1313 2998 1371 3026 ex
1395 2986 1465 3037 iis,
1482 2996 1603 3037 quae
1619 2985 1708 3025 hoc
1732 2983 1917 3036 quadri-
