2074 3179
234 156 310 193 ⁴206
750 157 977 194 Lirrl-:RAE
1003 167 1361 200 QUADRlMESTRES

234 253 507 304 praecipue,
545 253 653 305 quia
688 253 911 293 timebant
946 252 1230 293 Societatem
1267 260 1478 294 nostram
1514 253 1730 294 fortassis
1766 266 1873 295 cras

231 330 316 364 aut
337 323 557 375 perendie
577 325 696 364 velle
718 323 931 363 cavillari
952 329 995 363 et
1017 334 1159 374 agere
1179 323 1282 364 lites
1304 330 1470 365 contra
1500 335 1595 364 eos.
1624 324 1745 364 Hinc
1776 326 1873 365 nul-

234 396 307 435 ius
341 395 489 434 voluit
523 406 625 435 esse
662 399 883 434 executor
924 399 968 434 et
1006 399 1134 434 tutor
1167 395 1471 446 pupillorum,
1505 400 1592 435 etc.
1630 394 1722 435 Sed
1756 395 1874 436 haec

232 466 388 506 omnis
415 471 670 518 tempestas
697 465 834 505 unico
862 464 1052 505 Domini
1077 464 1235 505 Nostri
1263 466 1458 506 consilio
1482 466 1700 506 cessavit.
1724 465 1875 517 Hujus

234 549 439 589 namque
469 543 512 577 et
539 536 755 588 Apostoli
782 547 961 577 memor
988 536 1105 576 dixi:
1138 536 1293 588 <‘'ecce,
1323 543 1495 587 mater,
1522 537 1630 589 jube
1658 537 1876 589 componi

236 609 416 649 litteras
451 619 557 648 cum
591 607 960 660 quibuscumque
995 608 1114 648 velis
1144 608 1388 659 clausulis,
1426 609 1717 649 continentes
1752 609 1877 661 quod

235 692 322 720 nec
344 691 432 731 ego
455 691 540 719 nec
563 679 810 731 quisquam
832 690 890 719 ex
911 685 1045 730 parte
1066 691 1169 719 mea
1190 691 1398 731 unquam
1421 684 1585 719 contra
1607 686 1651 720 te
1672 685 1751 720 aut
1771 686 1877 720 tuos

234 751 465 792 haeredes
481 762 566 802 pro
588 750 689 790 istis
706 750 1040 802 temporalibus
1059 761 1254 801 agemus
1271 750 1390 801 lites;
1411 755 1454 790 et
1471 760 1559 801 ego
1572 750 1874 801 subsignabo.

235 822 312 863 Ad
333 822 450 862 haec
471 820 684 862 Societas
706 826 868 861 nostra
889 832 975 861 nec
998 833 1046 861 se
1069 821 1300 862 immiscet
1324 832 1411 861 nec
1440 821 1703 861 immiscere
1723 826 1877 873 potest

236 894 380 942 istis„
404 892 537 933 Ultro
560 892 826 932 obtulerunt
848 892 961 932 mihi
982 903 1100 943 quae
1127 892 1267 933 latius
1296 892 1449 932 scribo
1485 891 1540 932 R.
1569 891 1619 932 Ρ.
1656 892 1876 932 Polanco.

235 965 307 1005 De
329 964 662 1016 temporalibus
684 964 808 1019 enim
829 964 889 1004 ad
909 963 958 1004 P.
983 963 1041 1003 V.
1067 963 1273 1004 scribere
1303 975 1397 1004 non
1432 963 1581 1003 audeo
1604 975 1690 1003 nec
1712 963 1879 1003 decere

236 1042 365 1088 puto.

316 1107 574 1159 Antuerpia
607 1107 844 1160 profectus
879 1119 982 1147 sum
1011 1107 1070 1147 ad
1101 1106 1396 1159 praedictum
1429 1106 1683 1147 Dominum
1717 1107 1762 1146 in
1793 1106 1879 1147 Cu-

235 1179 478 1229 lenberch,
502 1185 546 1219 et
564 1179 624 1218 ibi
646 1185 846 1230 quatuor
866 1179 1027 1219 diebus
1048 1179 1262 1228 haerens,
1286 1178 1410 1218 hunc
1435 1177 1704 1229 Dominum,
1731 1177 1784 1216 54
1803 1189 1880 1217 an-

237 1261 419 1301 norum,
444 1250 719 1291 exhortatus
741 1261 843 1289 sum
865 1261 971 1290 cum
991 1249 1079 1290 Dei
1099 1249 1254 1301 gratia
1277 1249 1336 1290 ad
1362 1249 1579 1301 meliora,
1606 1255 1650 1289 et
1671 1249 1882 1289 similiter

234 1322 427 1362 doctum
457 1322 611 1361 virum
642 1321 829 1361 circiter
857 1320 910 1360 40
936 1332 1085 1361 annos
1111 1327 1301 1372 natum,
1333 1319 1542 1372 ejusdem
1570 1321 1730 1372 templi
1756 1321 1878 1360 vica-

237 1394 378 1443 rium,
404 1399 447 1433 et
469 1392 677 1444 ejusdem
696 1404 814 1444 pene
836 1392 1004 1433 aetatis
1026 1398 1071 1432 et
1093 1392 1334 1432 doctrinae
1354 1424 1361 1443 ‚
1385 1398 1571 1444 patrem
1590 1392 1882 1432 saecularem

235 1463 483 1516 cujusdam
517 1463 808 1515 monasterii;
847 1464 924 1516 qui
958 1464 1157 1504 libenter
1191 1463 1377 1515 quidem
1413 1475 1486 1503 me
1522 1463 1683 1503 audire
1720 1463 1882 1514 digna-

239 1536 409 1576 bantur
431 1542 475 1576 et
498 1536 556 1576 ad
578 1536 803 1576 exercitia
825 1534 1079 1575 voluntarii
1101 1540 1233 1575 erant
1253 1545 1261 1585 ;
1294 1534 1376 1574 sed
1409 1533 1520 1574 dum
1546 1545 1634 1586 ego
1665 1534 1881 1575 offerrem

238 1619 313 1648 me
335 1607 394 1647 ad
416 1608 590 1658 aliquot
618 1607 716 1647 dies
744 1618 826 1647 seu
852 1605 1171 1647 hebdomadas
1199 1617 1496 1656 mansurum,
1526 1617 1621 1646 non
1648 1605 1882 1646 audebant

240 1691 293 1719 se
329 1679 419 1719 illis
449 1679 760 1729 committere,
797 1678 879 1718 sed
907 1679 1026 1718 velle
1063 1677 1216 1718 adhuc
1251 1677 1506 1718 Dominum
1536 1689 1672 1717 orare
1703 1684 1747 1717 et
1780 1689 1882 1717 sese

242 1762 550 1802 praeparare,
581 1756 624 1790 et
652 1750 762 1790 data
790 1749 1140 1801 opportunitate
1169 1750 1330 1789 venire
1352 1749 1616 1790 Lovanium
1637 1755 1680 1789 et
1702 1749 1764 1789 ibi
1785 1760 1884 1789 sus·

239 1822 398 1874 cipere
427 1821 667 1862 exercitia.
704 1821 894 1861 Interim
917 1821 996 1861 diu
1017 1821 1305 1872 multumque
1333 1826 1528 1871 rogatus
1550 1832 1576 1860 a
1604 1819 1727 1860 dicto
1749 1826 1882 1872 patre

238 1899 288 1934 -et
315 1899 465 1933 matre
494 1892 707 1933 coenobii
734 1899 782 1932 ut
811 1892 1017 1932 facerem
1052 1892 1349 1932 collationem
1378 1904 1463 1943 pro
1494 1891 1794 1943 monialibus,
1825 1903 1884 1931 ex

241 1972 473 2016 tempore,
498 1964 700 2004 Domino
732 1963 1042 2015 concedente,
1074 1963 1184 2015 feci,
1214 1963 1296 2004 sed
1324 1975 1416 2004 non
1446 1964 1545 2004 sine
1565 1962 1885 2016 praecedenti-

241 2037 330 2077 bus
352 2037 508 2076 multis
536 2036 786 2087 angustiis:
819 2048 924 2076 cum
952 2036 1076 2075 enim
1104 2035 1202 2076 fere
1226 2042 1322 2076 tres
1352 2035 1498 2075 horae
1520 2034 1579 2075 ad
1600 2046 1883 2087 praeparan*

241 2107 354 2148 dum
374 2119 447 2148 me
470 2107 582 2147 mihi
603 2114 922 2159 superessent,
947 2118 1035 2158 ego
1056 2107 1221 2147 volens
1243 2106 1418 2158 aliquid
1444 2106 1631 2146 studere
1653 2111 1733 2146 aut
1753 2118 1885 2158 prae-

242 2180 461 2220 meditari
490 2179 613 2231 quod
642 2178 853 2219 dicturus
882 2191 1053 2230 essem,
1081 2190 1250 2230 parum
1279 2185 1357 2219 aut
1388 2178 1503 2218 nihil
1530 2178 1710 2218 efficere
1738 2178 1883 2229 potui;

243 2251 309 2290 ita
332 2256 381 2290 ut
402 2256 589 2302 praeter
612 2250 764 2302 ipsum
784 2250 1042 2302 principale
1070 2250 1248 2300 thema,
1278 2249 1360 2289 vix
1388 2249 1611 2289 haberem
1632 2247 1754 2289 unde
1776 2249 1883 2289 inci-

243 2334 355 2374 pere
376 2333 577 2373 possem.
602 2320 693 2362 Sed
715 2333 821 2361 cum
838 2321 936 2373 J‘am
952 2322 999 2361 in
1016 2321 1124 2361 sede
1146 2321 1483 2373 incoepissem,
1507 2320 1738 2361 Dominus
1759 2320 1886 2360 dedit

242 2393 472 2445 gratiam,
497 2394 560 2433 ita
590 2399 641 2432 ut
668 2393 799 2433 multi
827 2404 1090 2433 sermonem
1117 2392 1245 2432 illum
1276 2393 1627 2444 exscripserint.
1657 2392 1746 2432 Hic
1774 2392 1887 2431 nulli

246 2471 326 2505 aut
350 2465 485 2516 pauci
507 2465 775 2504 saeculares
798 2464 1004 2504 adfuere.

327 2535 538 2587 Quatuor
558 2536 715 2587 itaque
737 2535 899 2575 diebus
926 2535 972 2575 in
1001 2535 1125 2576 dicto
1153 2535 1445 2576 Culenberch
1474 2535 1697 2586 haerens,
1721 2535 1887 2575 volens

250 2607 481 2658 proficisci
502 2607 866 2657 Amsterdamis,
897 2607 1027 2646 haesi
1054 2606 1278 2659 Trajecti,
1313 2613 1382 2647 est
1413 2607 1535 2647 enim
1557 2607 1725 2646 civitas
1749 2606 1883 2646 inter-

250 2677 420 2729 media,
463 2678 587 2729 apud
627 2678 976 2719 carthusienses
1010 2689 1102 2718 uno
1138 2678 1231 2729 die,
1273 2678 1520 2718 conferens
1561 2689 1666 2717 cum
1705 2676 1883 2723 Priore,

247 2751 399 2791 amico
432 2749 681 2790 Societatis
711 2756 923 2802 nostrae,
956 2750 1041 2790 etsi
1070 2750 1302 2790 neminem
1330 2762 1389 2790 ex
1416 2749 1652 2790 Societate
1681 2761 1885 2800 unquam

245 2822 457 2861 vidisset.
480 2821 531 2861 In
553 2821 641 2862 hoc
667 2822 892 2862 coenobio
911 2821 1222 2862 carthusiensi
1239 2827 1340 2861 erat
1361 2821 1507 2861 frater
1525 2810 1714 2872 quidam
1735 2832 1885 2860 sacer-

243 2894 353 2944 dos,
378 2894 455 2944 qui
478 2906 504 2932 a
526 2893 692 2944 viginti
715 2894 918 2945 quinque
948 2893 1082 2934 annis
1110 2893 1346 2933 mirabiles
1378 2900 1542 2944 raptus
1573 2904 1720 2945 usque
1748 2893 1887 2932 modo

246 2964 514 3015 frequentes
548 2965 744 3015 patitur,
783 2977 877 3005 non
912 2966 1059 3005 solum
1094 2964 1259 3016 spiritu
1293 2950 1459 3005 verum
1494 2965 1635 3005 etiam
1671 2973 1886 3016 corpore;
