2074 3179
307 123 384 160 546
828 126 1055 166 Li'rri-:RAE
1082 141 1440 173 QUADR1MEs1'REs

971 583 1282 637 CXXVIII

372 832 419 868 P.
442 832 702 871 Leonardus
723 834 882 873 Kessel

418 897 539 935 Patri
558 898 727 946 Ignatio
748 899 800 938 de
821 900 1004 949 Loyola.

466 961 663 1010 Colonia,
684 965 730 1002 29
749 965 981 1004 Februarii
1003 967 1096 1005 1552
1115 968 1139 1004 ¹.

1062 1166 1168 1254 ,Ji-‘IS

371 1363 537 1405 Gratia
560 1371 604 1405 et
624 1377 719 1417 pax
739 1365 813 1406 Χ.ἰ
841 1366 949 1407 Dni.
974 1368 1033 1408 sit
1055 1379 1237 1420 semper
1259 1369 1516 1411 nobiscum.
1541 1370 1711 1412 Amen.

371 1435 600 1476 Redissime
621 1437 668 1478 in
688 1437 773 1478 Χ.Ο
793 1438 867 1479 Pr.

371 1508 539 1559 Quoad
563 1521 617 1549 ea
637 1521 756 1561 quae
778 1511 825 1550 in
850 1510 1110 1551 Februario
1138 1511 1359 1552 Coloniae
1382 1519 1488 1553 acta
1518 1519 1639 1566 sunt,
1664 1513 1753 1555 Dei
1775 1514 1929 1567 dispo-

286 1586 428 1620 nente
450 1581 619 1632 gratia,
644 1582 761 1622 haec
783 1589 903 1622 sunt.

371 1651 585 1702 Rogatus
612 1652 678 1693 fui
713 1664 739 1692 a
768 1652 978 1705 Regente
1012 1654 1190 1695 Bursae
1217 1654 1436 1696 Cucanae
1471 1662 1518 1696 ut
1554 1657 1699 1708 ipsius
1735 1659 1922 1699 nomine

286 1723 568 1764 concionari
589 1725 758 1765 vellem
784 1725 831 1764 in
859 1726 1062 1777 quadam
1092 1727 1277 1778 publica
1306 1727 1504 1767 ecclesia
1532 1728 1771 1782 Coloniae,
1802 1731 1924 1782 quod

284 1795 373 1837 Dei
404 1798 560 1848 gratia
588 1799 784 1851 incoepi,
823 1799 1083 1840 Dominicis
1110 1806 1155 1840 et
1182 1799 1362 1839 festivis
1392 1798 1567 1840 diebus.
1606 1799 1830 1852 Magnum
1864 1814 1924 1842 ex

282 1868 356 1908 his
380 1871 684 1910 concionibus
704 1871 751 1911 in
772 1871 974 1912 Domino
996 1883 1133 1923 spero
1154 1871 1371 1922 fructum,
1403 1871 1626 1923 quoniam
1656 1872 1921 1914 auditorum

281 1952 486 1992 magnus
508 1948 578 1982 est
598 1954 834 1983 numerus.
868 1943 1135 1995 Antequam
1155 1943 1267 1983 mihi
1288 1943 1405 1983 haec
1428 1944 1598 1984 collata
1620 1949 1743 1984 esset
1764 1945 1919 1985 condi-

279 2013 359 2061 tio,
399 2024 623 2065 magnam
659 2014 802 2054 habui
836 2015 1134 2055 devotionem
1164 2026 1220 2054 ac
1251 2013 1533 2054 desiderium
1560 2014 1694 2055 laicis
1720 2021 1764 2056 et
1795 2027 1918 2057 com-

277 2084 408 2124 muni
441 2086 612 2136 populo
645 2085 847 2126 faciendi
880 2086 1252 2136 exhortationes3
1291 2085 1373 2125 sed
1408 2091 1555 2125 totum
1585 2085 1686 2126 Deo
1708 2088 1916 2128 commit-

277 2156 450 2196 tebam.
894 2192 899 2197 .

355 2227 462 2267 Istis
485 2228 649 2269 diebus
670 2228 944 2269 adolescens
960 2229 1251 2269 naturalibus
1267 2229 1384 2269 bene
1401 2227 1604 2280 dotatus,
1623 2228 1733 2269 fecit
1750 2235 1913 2270 votum

275 2298 597 2340 studiosorum
631 2299 894 2340 Societatis.
931 2299 1047 2341 Sunt
1075 2306 1120 2340 et
1147 2299 1225 2340 alii
1257 2300 1414 2351 plures
1448 2299 1527 2351 qui
1554 2299 1747 2351 instant,
1786 2300 1907 2341 inter

272 2381 390 2421 quos
420 2376 489 2409 est
523 2370 643 2410 filius
677 2371 934 2422 Praetoris,
965 2371 1327 2423 Genappiensis‚
1358 2369 1632 2411 adolescens
1655 2372 1816 2422 magni
1846 2372 1910 2412 in-

268 2452 412 2492 genn.

353 2513 564 2554 Phrisius
586 2514 660 2554 ille
681 2514 708 2562 “·’,
742 2513 871 2565 cujus
900 2514 1183 2554 mentionem
1209 2513 1298 2554 feci
1325 2514 1373 2553 in
1400 2513 1566 2554 litteris
1600 2513 1647 2552 in
1681 2513 1906 2566 Januario

322 2675 330 2694 ¹
377 2675 607 2709 Autographa
624 2675 656 2702 in
672 2675 750 2702 folio
765 2675 862 2702 unico
878 2682 908 2702 n.
923 2674 983 2701 119.

319 2724 332 2742 ²
374 2723 420 2750 Ut
446 2723 534 2750 infra
557 2723 740 2755 videbitur,
766 2723 890 2757 aliquis
912 2722 966 2749 hic
989 2722 1031 2749 ad
1055 2722 1200 2756 paginae
1229 2728 1324 2749 oram
1350 2720 1499 2755 scripsit:
1524 2720 1648 2748 Enodz}
1673 2721 1741 2753 (vel
1766 2720 1905 2754 Euodzv)

264 2770 327 2797 Ph.
344 2770 428 2798 deli:
453 2770 538 2803 Quid
562 2774 678 2797 autem
703 2777 762 2804 per
786 2771 880 2797 illam
903 2777 1022 2797 vocem
1046 2769 1209 2796 Enodum
1233 2767 1445 2803 significetur
1467 2769 1646 2796 nescimus.
1663 2767 1767 2795 Omne
1790 2772 1904 2795 tamen

264 2818 403 2845 dubium
418 2819 509 2846 circa
525 2819 612 2845 hune
628 2818 798 2845 Phrisium
814 2819 902 2845 tollit
919 2818 1087 2845 Polaneus
1101 2817 1180 2844 dum
1195 2817 1254 2844 ait:
1277 2816 1387 2844 “Duos
1408 2819 1487 2843 ante
1511 2819 1681 2843 aestatem
1702 2815 1739 2843 P.
1755 2815 1904 2843 Leonat-

263 2865 325 2892 dus
342 2865 486 2893 Romam
500 2866 602 2899 misit¹
619 2866 708 2893 inter
723 2873 805 2900 quos
821 2870 896 2893 erat
912 2865 1070 2892 Andreas
1085 2864 1244 2898 Frisius.„
1262 2864 1397 2899 Chron„
1412 2867 1435 2891 t.
1452 2871 1485 2897 11,
1501 2871 1579 2898 pag.
1594 2863 1657 2897 585,
1673 2871 1703 2890 n.
1719 2863 1782 2890 397.
1798 2863 1847 2890 De
1864 2871 1903 2890 eo

261 2913 313 2940 ita
328 2913 503 2946 Delplace:
522 2913 637 2940 Andre
650 2913 832 2940 Boccatius
846 2913 977 2946 (ANSKE
992 2912 1104 2939 Boxsss
1120 2912 1327 2946 BRUYNSMA),
1340 2914 1380 2938 ne
1397 2912 1416 2938 a
1433 2910 1631 2946 Ippecolsga
1645 2918 1686 2938 en
1698 2910 1899 2944 Frise,1530;

259 2959 370 2988 admis
388 2962 407 2987 a
420 2961 568 2995 Cologne
585 2968 624 2987 en
643 2961 719 2995 1552,
736 2965 824 2988 mort
841 2962 859 2988 a
876 2960 1031 2988 Louvain
1047 2961 1076 2988 le
1093 2961 1105 2987 1
1123 2961 1213 2987 Aosit
1232 2960 1309 2987 1579.
1325 2961 1345 2987 l.
1363 2967 1391 2986 c.
