2074 3179
883 193 966 229 ΑΝ.
999 193 1085 229 1551
1729 193 1801 229 455

175 291 253 342 qui
272 291 334 330 ibi
353 297 475 340 sunt3
499 289 579 330 sed
608 297 808 341 quatuor
835 289 1005 329 fratres
1033 300 1114 339 per
1147 299 1219 328 me
1248 287 1490 328 Coloniam
1517 288 1658 337 missi,
1688 295 1792 328 ante

175 361 273 413 ejus
307 361 560 401 adventum
594 360 651 399 ad
694 359 962 411 Coloniam,
1000 359 1298 410 praecedenti
1339 358 1411 398 die
1450 358 1646 410 profecti
1693 366 1796 398 sunt

175 431 543 483 Engolstadium.
567 430 658 472 Sed
673 430 770 482 jam
790 430 1023 470 modicum
1042 430 1216 480 quievit
1238 430 1300 469 ibi
1322 435 1574 480 tempestas
1596 430 1688 469 illa.

256 501 389 553 Rogo
409 508 458 542 ut
478 501 708 553 significet
729 501 842 541 mihi
862 501 916 540 R.
944 500 1003 540 V.
1035 507 1078 540 et
1108 512 1181 540 me
1205 500 1416 540 instituat
1443 507 1487 539 et
1515 500 1725 551 corrigat
1755 501 1796 539 in

179 574 247 624 iis,
285 585 402 624 quae
436 573 680 612 undecima
707 570 841 622 hujus
868 572 960 611 late
990 582 1061 610 me
1096 571 1247 622 egisse
1269 571 1436 621 scribo,
1468 571 1700 621 videlicet,
1743 583 1801 610 an

179 645 313 691 bene,
356 656 415 684 an
450 645 591 693 male,
628 650 672 683 et
707 643 753 683 in
793 654 882 694 quo
920 642 1056 682 nimis
1097 641 1407 682 condescendi
1446 643 1519 681 vel
1558 642 1803 692 rigorosus

180 715 262 765 fui,
286 721 373 755 etc.

258 785 309 825 R.
334 785 393 825 V.
418 797 582 825 servus
604 786 650 824 in
671 785 887 825 Domino.

778 927 1022 967 ADRIANUs
1045 927 1248 966 ADRIANI
1269 939 1328 965 AB
1350 926 1640 966 ANTUERPIA.

262 1072 484 1123 Indignus
505 1071 727 1111 sacerdos
748 1070 994 1111 Societatis
1011 1070 1136 1122 Jesu.

258 1212 626 1264 Scherscmptzb:
646 1212 700 1251 R.
723 1212 769 1251 in
790 1212 873 1252 X.0
894 1211 1021 1252 Patri
1042 1212 1222 1261 Ignatio
1240 1211 1295 1251 de
1312 1212 1504 1263 L0y01a‚
1525 1212 1801 1264 Praeposito

178 1284 425 1324 Societatis
456 1283 587 1336 Jesu,
624 1283 747 1334 apud
781 1282 1004 1323 Sanctum
1035 1282 1245 1322 Marcum
1280 1283 1326 1322 in
1360 1281 1532 1323 Sancta
1565 1283 1714 1323 Maria
1749 1284 1805 1323 de

180 1355 364 1405 Strada‚
387 1354 579 1394 Romae.

258 1426 456 1466 Franco.

258 1496 367 1537 Alsa
389 1508 550 1536 manu:
572 1496 782 1545 Colonia,
810 1495 923 1536 1551.

256 1568 435 1609 Vocem
474 1567 664 1607 Colom'a
694 1567 815 1606 linea
851 1567 1089 1617 sugillavit
1126 1566 1357 1608 Polancus
1392 1573 1436 1608 et
1470 1568 1676 1619 scripsit:
1716 1568 1803 1606 Lo-

179 1651 323 1678 vanu.
