2074 3179
878 161 960 198 Ax.
995 161 1084 198 1552
1729 162 1795 198 551

169 261 267 300 sine
290 259 501 300 molestia
523 265 618 298 tam
639 259 751 299 mihi
773 258 981 299 confiteri
1002 258 1257 298 volentium
1287 269 1426 309 quam
1453 258 1797 298 communican-

171 332 298 371 tium.

248 399 362 440 Sunt
383 406 628 451 praeterea
650 400 724 440 hic
753 400 960 451 quidam,
991 400 1069 452 qui
1101 401 1285 441 student
1315 401 1538 451 impedire
1567 401 1797 440 executio-

167 483 273 511 nem
302 471 656 522 privilegiorum
685 477 964 519 nostrorum,
990 472 1137 511 donec
1157 471 1306 511 bullas
1332 477 1519 511 nostras
1546 471 1797 511 ostenderi-

167 553 270 582 mus
291 541 403 581 R.m0
425 542 657 593 Episcopo
686 548 867 593 nostro,
896 543 960 582 ita
987 548 1035 582 ut
1063 554 1148 582 nec
1176 542 1492 582 confessiones
1523 542 1683 582 audire
1712 554 1798 582 nec

166 613 416 664 quicquam
437 624 657 653 exercere
674 625 932 664 possemus,
952 612 1159 653 dicentes
1177 613 1293 665 juris
1314 624 1415 653 esse
1443 619 1491 652 ut
1511 613 1638 653 nulla
1658 613 1796 664 privi-

166 684 303 734 legia,
328 684 480 723 nullae
505 684 669 731 bullae,
695 689 1120 734 quantumcumque
1142 683 1442 735 approbatae,
1466 683 1646 734 possint
1667 694 1795 723 exer-

167 755 262 795 ceri
278 755 367 795 nisi
388 755 552 795 eadem
572 755 701 806 prius
722 754 893 794 fuerint
915 755 1098 795 oblatae
1116 755 1347 806 Episcopo
1369 755 1473 795 loci.

246 825 328 866 Est
356 826 496 865 etiam
522 826 661 865 modo
689 825 860 866 Rector
890 826 1221 866 Universitatis
1250 826 1442 876 electus,
1477 826 1555 877 qui
1586 827 1632 865 in
1662 826 1797 866 dictis

167 897 567 947 persecutionibus
588 896 642 936 de
672 896 811 936 rebus
834 895 1059 947 juvenum
1081 898 1359 937 emissorum
1387 898 1667 948 praecipuus
1701 898 1797 938 sere

164 966 247 1006 fuit
280 973 439 1007 noster
475 968 790 1007 adversarius.
828 965 904 1007 Sic
939 967 1129 1017 quidam
1156 968 1264 1007 boni
1299 968 1437 1007 amici
1467 969 1714 1007 consulunt
1746 974 1796 1008 ut

164 1032 414 1078 offeramus
434 1039 667 1089 Episcopo
696 1038 845 1078 bullas
873 1043 1074 1078 nostras.
1107 1038 1299 1078 Fratres
1327 1045 1482 1079 autem
1512 1040 1659 1079 nostri
1689 1045 1796 1079 ante

161 1114 362 1159 quatuor
391 1114 471 1148 aut
497 1109 698 1160 quinque
726 1121 873 1149 annos
904 1109 1050 1149 simile
1077 1110 1187 1160 quid
1214 1110 1337 1161 apud
1367 1111 1580 1151 eumdem
1606 1111 1794 1162 Episco-

161 1190 271 1230 pum
304 1184 563 1230 tentarunt,
601 1185 645 1219 et
680 1181 940 1231 respondit:
982 1192 1112 1230 ecce,
1151 1181 1189 1220 si
1227 1181 1624 1233 Archiepiscopus
1664 1172 1796 1222 meus

161 1251 450 1291 consenserit
471 1251 604 1291 vobis
626 1252 672 1291 in
703 1263 786 1291 sua
814 1251 1038 1302 dioecesi,
1072 1263 1160 1302 ego
1189 1264 1371 1304 quoque
1399 1254 1446 1293 in
1473 1265 1576 1293 mea
1605 1265 1793 1293 consen-

160 1322 274 1362 tiam
295 1322 444 1362 vobis.
474 1323 531 1363 Et
550 1323 615 1362 ita
642 1323 813 1363 fratres
843 1323 1207 1374 supersederunt
1235 1334 1346 1362 suae
1372 1323 1600 1374 petitioni.
1630 1323 1795 1363 Archi-

162 1393 406 1444 episcopus
440 1398 595 1433 autem
630 1393 703 1433 hic
734 1398 803 1433 est
830 1392 1229 1444 Archiepiscopus
1260 1394 1560 1443 coloniensis,
1592 1395 1670 1445 qui
1698 1394 1796 1445 jam

161 1470 230 1504 est
252 1465 299 1504 in
326 1464 548 1505 Concilio.
579 1463 627 1505 Si
653 1465 810 1516 itaque
837 1464 901 1504 ita
931 1476 979 1504 se
1007 1464 1196 1504 offerret
1223 1465 1570 1515 opportunitas,
1605 1471 1796 1516 possent

161 1535 326 1576 Patres
352 1536 499 1576 nostri
526 1536 582 1576 ab
610 1535 774 1576 eodem
800 1536 922 1575 istud
952 1536 1218 1587 impetrare,
1243 1541 1287 1575 et
1315 1536 1521 1586 Legatus
1541 1536 1791 1587 Imperato-

161 1605 245 1656 ris,
271 1606 347 1658 qui
371 1613 415 1646 et
445 1617 646 1657 magnae
675 1605 778 1645 fidei
806 1613 875 1646 est
905 1606 1028 1656 apud
1058 1606 1342 1657 Episcopum
1370 1612 1602 1657 nostrum,
1635 1614 1793 1658 posset

161 1678 475 1717 transcribere
510 1678 742 1728 Episcopo
777 1683 953 1718 nostro.
977 1678 1033 1717 Et
1061 1678 1124 1718 ita
1151 1677 1281 1717 fieret
1309 1683 1357 1717 ut
1385 1677 1607 1718 Coloniae
1634 1684 1678 1718 et
1708 1679 1790 1718 Lo-

162 1749 290 1788 vanii
316 1749 517 1800 quietius
545 1755 782 1788 uteremur
813 1749 1073 1800 privilegiis
1101 1750 1274 1789 nostris
1303 1756 1347 1789 et
1375 1749 1538 1800 majori
1568 1762 1675 1790 cum
1702 1750 1791 1790 fru-

163 1826 252 1860 ctu.
292 1820 408 1861 Cum
435 1821 558 1860 enim
584 1820 707 1872 apud
734 1820 837 1871 pios
865 1826 909 1860 et
936 1820 1180 1860 timoratos
1212 1821 1450 1872 spargitur
1484 1833 1570 1860 nos
1602 1821 1659 1861 ab
1690 1822 1792 1872 Epi-

161 1902 304 1942 scopo
325 1903 418 1931 non
439 1903 540 1932 esse
562 1891 806 1942 admissos,
830 1892 1040 1932 nonnihil
1061 1892 1257 1932 retrahit
1279 1904 1358 1932 eos
1380 1903 1406 1931 a
1429 1892 1576 1932 nobis.
1601 1893 1657 1932 Et
1677 1891 1793 1932 haec

162 1962 372 2013 tetigisse
394 1962 521 2002 satis.

239 2033 332 2073 Diu
366 2034 691 2084 proposuimus
718 2040 762 2074 et
784 2034 881 2085 jam
909 2033 1099 2073 tandem
1132 2034 1420 2085 incoepimus
1454 2045 1540 2074 nos
1571 2045 1793 2074 exercere

160 2104 302 2143 latine
330 2104 377 2144 in
411 2104 815 2145 exhortationibus
850 2105 974 2145 domi
1008 2110 1218 2156 nostrae,
1254 2112 1299 2145 et
1333 2105 1561 2146 Dominus
1589 2106 1667 2145 dat
1696 2117 1788 2144 ma-

161 2185 305 2224 gnam
324 2175 541 2225 gratiam.
567 2175 624 2215 Et
645 2187 927 2227 quamquam
949 2176 1135 2216 nonnisi
1161 2176 1294 2216 nobis
1324 2175 1700 2215 familiarissimis
1728 2176 1790 2215 in-

162 2244 390 2295 dicemus,
414 2245 603 2285 confluit
623 2251 779 2286 tamen
801 2252 931 2286 tanta
954 2247 1231 2286 clericorum
1253 2246 1514 2296 multitudo,
1538 2252 1586 2286 ut
1606 2245 1792 2297 plurimi

162 2315 401 2355 discedere
423 2322 676 2367 cogantur;
699 2317 840 2357 immo
860 2329 946 2357 nos
968 2318 1075 2369 ipsi,
1101 2317 1209 2357 dum
1232 2318 1289 2357 ab
1311 2317 1545 2357 auditione
1572 2329 1792 2369 vespera·

161 2397 279 2433 rum,
302 2398 328 2425 a
350 2386 561 2437 vesperis
587 2387 710 2427 enim
736 2387 1004 2438 incipimus,
1039 2388 1262 2437 redimus,
1294 2388 1586 2428 excludimur
1615 2394 1659 2428 et
1686 2399 1793 2428 cum

160 2457 350 2508 reliquis
382 2457 428 2497 in
462 2458 611 2508 platea
651 2464 775 2498 stare
810 2459 1035 2509 cogimur.
1068 2459 1230 2498 Timeo
1260 2464 1416 2498 autem
1450 2471 1508 2498 ne
1544 2460 1793 2500 occasione

160 2526 272 2567 dicti
311 2527 451 2567 edicti
494 2527 798 2578 prohibeatur
842 2529 991 2569 nobis.
1040 2529 1262 2570 Consului
1309 2529 1538 2580 quosdam
1581 2536 1626 2569 et
1670 2529 1793 2570 idem

158 2597 335 2638 timent.
360 2598 457 2638 Nos
479 2598 673 2638 libenter
694 2610 999 2651 cessaremus;
1025 2599 1105 2640 sed
1122 2611 1210 2650 ego
1227 2611 1320 2639 non
1336 2611 1528 2651 possum
1545 2611 1647 2639 esse
1669 2600 1791 2651 quie-

159 2673 238 2707 tus
260 2668 306 2708 in
328 2668 467 2709 corde
488 2680 611 2719 meo;
635 2669 771 2709 video
801 2669 971 2710 fratres
1000 2671 1059 2711 ad
1086 2682 1189 2710 eam
1217 2669 1331 2709 satis
1359 2670 1496 2710 valde
1526 2670 1718 2710 affectos
1747 2677 1793 2710 et

157 2739 308 2778 sentio
329 2739 700 2779 aedificationem
720 2751 813 2780 non
833 2752 1056 2792 parvam,
1089 2748 1185 2781 tam
1207 2742 1254 2781 in
1275 2743 1409 2782 nobis
1431 2754 1570 2795 quam
1594 2745 1640 2784 in
1667 2746 1791 2785 audi-

158 2808 352 2848 toribus.
378 2809 589 2860 Rogatus
610 2809 674 2850 fui
697 2810 798 2850 istis
819 2811 980 2851 diebus
1002 2824 1028 2852 a
1050 2812 1251 2863 quodam
1273 2812 1386 2852 mihi
1408 2813 1654 2854 confitente
1671 2827 1792 2855 anne

158 2879 300 2918 etiam
337 2880 484 2931 possit
522 2892 571 2920 se
607 2881 817 2921 similiter
852 2893 1085 2922 exercere.
1128 2881 1248 2923 Nam
1282 2890 1330 2923 ut
1366 2885 1520 2935 potius
1557 2886 1793 2926 diceretur

158 2950 438 2991 exercitium
471 2963 610 3002 quam
637 2952 759 2991 seria
787 2953 1065 3004 exhortatio,
1096 2954 1183 3005 ipsi
1207 2953 1425 3006 juvenes,
1457 2968 1550 2996 non
1578 2957 1790 2997 sacerdo-
