<?xml version="1.0" encoding="UTF-8"?>
<!DOCTYPE html PUBLIC "-//W3C//DTD XHTML 1.0 Transitional//EN"
    "http://www.w3.org/TR/xhtml1/DTD/xhtml1-transitional.dtd">
<html xmlns="http://www.w3.org/1999/xhtml" xml:lang="en" lang="en">
 <head>
  <title>
</title>
<meta http-equiv="Content-Type" content="text/html;charset=utf-8" />
  <meta name='ocr-system' content='tesseract 3.04.00' />
  <meta name='ocr-capabilities' content='ocr_page ocr_carea ocr_par ocr_line ocrx_word'/>
</head>
<body>
  <div class='ocr_page' id='page_1' title='image "./litteraequadrime13lain_0743.png"; bbox 0 0 2074 3179; ppageno 0'>
   <div class='ocr_carea' id='block_1_1' title="bbox 862 215 1773 253">
    <p class='ocr_par' dir='ltr' id='par_1_1' title="bbox 862 215 1773 253">
     <span class='ocr_line' id='line_1_1' title="bbox 862 215 1773 253; baseline -0.001 -1"><span class='ocrx_word' id='word_1_1' title='bbox 862 216 944 252; x_wconf 70' lang='lat' dir='ltr'>AN.</span> <span class='ocrx_word' id='word_1_2' title='bbox 977 216 1066 253; x_wconf 67' lang='lat'>1552</span> <span class='ocrx_word' id='word_1_3' title='bbox 1705 215 1773 251; x_wconf 76' lang='lat'>739</span> 
     </span>
    </p>
   </div>
   <div class='ocr_carea' id='block_1_2' title="bbox 135 311 1777 3054">
    <p class='ocr_par' dir='ltr' id='par_1_2' title="bbox 142 311 1774 1142">
     <span class='ocr_line' id='line_1_2' title="bbox 145 311 1772 365; baseline -0.001 -12"><span class='ocrx_word' id='word_1_4' title='bbox 145 314 263 353; x_wconf 85' lang='lat' dir='ltr'>nicis</span> <span class='ocrx_word' id='word_1_5' title='bbox 291 325 472 365; x_wconf 86' lang='lat' dir='ltr'>quoque</span> <span class='ocrx_word' id='word_1_6' title='bbox 502 314 663 353; x_wconf 85' lang='lat' dir='ltr'>diebus</span> <span class='ocrx_word' id='word_1_7' title='bbox 698 314 863 364; x_wconf 86' lang='lat' dir='ltr'>ingens</span> <span class='ocrx_word' id='word_1_8' title='bbox 894 324 950 353; x_wconf 88' lang='lat' dir='ltr'>ac</span> <span class='ocrx_word' id='word_1_9' title='bbox 979 311 1146 352; x_wconf 89' lang='lat' dir='ltr'>nobilis</span> <span class='ocrx_word' id='word_1_10' title='bbox 1173 311 1310 351; x_wconf 88' lang='lat' dir='ltr'>turba</span> <span class='ocrx_word' id='word_1_11' title='bbox 1337 311 1384 350; x_wconf 88' lang='lat' dir='ltr'>in</span> <span class='ocrx_word' id='word_1_12' title='bbox 1411 317 1598 350; x_wconf 83' lang='lat' dir='ltr'>nostras</span> <span class='ocrx_word' id='word_1_13' title='bbox 1633 311 1772 351; x_wconf 72' lang='lat' dir='ltr'>aedes</span> 
     </span>
     <span class='ocr_line' id='line_1_3' title="bbox 146 382 1770 436; baseline -0.002 -12"><span class='ocrx_word' id='word_1_14' title='bbox 146 384 354 434; x_wconf 89' lang='lat' dir='ltr'>confluit,</span> <span class='ocrx_word' id='word_1_15' title='bbox 378 390 427 424; x_wconf 91' lang='lat' dir='ltr'>ut</span> <span class='ocrx_word' id='word_1_16' title='bbox 446 390 552 435; x_wconf 84' lang='lat' dir='ltr'>post</span> <span class='ocrx_word' id='word_1_17' title='bbox 575 390 789 436; x_wconf 78' lang='lat' dir='ltr'>quartam</span> <span class='ocrx_word' id='word_1_18' title='bbox 810 384 977 424; x_wconf 90' lang='lat' dir='ltr'>horam</span> <span class='ocrx_word' id='word_1_19' title='bbox 997 383 1245 423; x_wconf 73' lang='lat' dir='ltr'>conciones</span> <span class='ocrx_word' id='word_1_20' title='bbox 1277 382 1488 431; x_wconf 87' lang='lat' dir='ltr'>audiant;</span> <span class='ocrx_word' id='word_1_21' title='bbox 1523 393 1642 432; x_wconf 90' lang='lat' dir='ltr'>quae</span> <span class='ocrx_word' id='word_1_22' title='bbox 1669 393 1770 432; x_wconf 89' lang='lat' dir='ltr'>par-</span> 
     </span>
     <span class='ocr_line' id='line_1_4' title="bbox 145 451 1772 506; baseline -0.002 -12"><span class='ocrx_word' id='word_1_23' title='bbox 145 455 227 494; x_wconf 89' lang='lat' dir='ltr'>tim</span> <span class='ocrx_word' id='word_1_24' title='bbox 249 467 276 494; x_wconf 91' lang='lat' dir='ltr'>a</span> <span class='ocrx_word' id='word_1_25' title='bbox 296 454 534 505; x_wconf 89' lang='lat' dir='ltr'>Patribus,</span> <span class='ocrx_word' id='word_1_26' title='bbox 558 455 731 506; x_wconf 90' lang='lat' dir='ltr'>partim</span> <span class='ocrx_word' id='word_1_27' title='bbox 751 467 778 495; x_wconf 88' lang='lat' dir='ltr'>a</span> <span class='ocrx_word' id='word_1_28' title='bbox 798 454 1041 505; x_wconf 81' lang='lat' dir='ltr'>fratribuS,</span> <span class='ocrx_word' id='word_1_29' title='bbox 1064 465 1158 493; x_wconf 90' lang='lat' dir='ltr'>non</span> <span class='ocrx_word' id='word_1_30' title='bbox 1185 453 1283 492; x_wconf 91' lang='lat' dir='ltr'>sine</span> <span class='ocrx_word' id='word_1_31' title='bbox 1314 452 1447 492; x_wconf 84' lang='lat' dir='ltr'>diviti</span> <span class='ocrx_word' id='word_1_32' title='bbox 1477 451 1668 492; x_wconf 86' lang='lat' dir='ltr'>foenore</span> <span class='ocrx_word' id='word_1_33' title='bbox 1695 452 1772 491; x_wconf 86' lang='lat' dir='ltr'>ha-</span> 
     </span>
     <span class='ocr_line' id='line_1_5' title="bbox 145 523 1773 577; baseline -0.001 -13"><span class='ocrx_word' id='word_1_34' title='bbox 145 525 243 565; x_wconf 91' lang='lat' dir='ltr'>beri</span> <span class='ocrx_word' id='word_1_35' title='bbox 269 526 432 565; x_wconf 81' lang='lat' dir='ltr'>solent.</span> <span class='ocrx_word' id='word_1_36' title='bbox 464 525 568 565; x_wconf 94' lang='lat' dir='ltr'>Non</span> <span class='ocrx_word' id='word_1_37' title='bbox 594 532 663 565; x_wconf 90' lang='lat' dir='ltr'>est</span> <span class='ocrx_word' id='word_1_38' title='bbox 696 525 1108 577; x_wconf 88' lang='lat' dir='ltr'>praetereundum,</span> <span class='ocrx_word' id='word_1_39' title='bbox 1146 523 1227 563; x_wconf 87' lang='lat' dir='ltr'>sed</span> <span class='ocrx_word' id='word_1_40' title='bbox 1255 523 1481 574; x_wconf 82' lang='lat' dir='ltr'>imprimis</span> <span class='ocrx_word' id='word_1_41' title='bbox 1517 534 1773 563; x_wconf 87' lang='lat' dir='ltr'>memoran-</span> 
     </span>
     <span class='ocr_line' id='line_1_6' title="bbox 143 593 1773 648; baseline -0.002 -12"><span class='ocrx_word' id='word_1_42' title='bbox 143 596 268 647; x_wconf 85' lang='lat' dir='ltr'>dum,</span> <span class='ocrx_word' id='word_1_43' title='bbox 304 596 513 647; x_wconf 86' lang='lat' dir='ltr'>virgines</span> <span class='ocrx_word' id='word_1_44' title='bbox 549 597 803 648; x_wconf 89' lang='lat' dir='ltr'>quasdam,</span> <span class='ocrx_word' id='word_1_45' title='bbox 840 602 937 636; x_wconf 91' lang='lat' dir='ltr'>tum</span> <span class='ocrx_word' id='word_1_46' title='bbox 957 595 1144 647; x_wconf 85' lang='lat' dir='ltr'>generis</span> <span class='ocrx_word' id='word_1_47' title='bbox 1178 601 1222 635; x_wconf 91' lang='lat' dir='ltr'>et</span> <span class='ocrx_word' id='word_1_48' title='bbox 1254 595 1480 634; x_wconf 87' lang='lat' dir='ltr'>natalium</span> <span class='ocrx_word' id='word_1_49' title='bbox 1512 593 1773 645; x_wconf 78' lang='lat' dir='ltr'><strong>splendore,</strong></span> 
     </span>
     <span class='ocr_line' id='line_1_7' title="bbox 144 665 1772 718; baseline -0.001 -12"><span class='ocrx_word' id='word_1_50' title='bbox 144 674 243 707; x_wconf 90' lang='lat' dir='ltr'>turn</span> <span class='ocrx_word' id='word_1_51' title='bbox 258 667 529 707; x_wconf 88' lang='lat' dir='ltr'>divitiarum</span> <span class='ocrx_word' id='word_1_52' title='bbox 562 667 868 718; x_wconf 84' lang='lat' dir='ltr'>abundantia,</span> <span class='ocrx_word' id='word_1_53' title='bbox 899 667 1073 715; x_wconf 86' lang='lat' dir='ltr'>claras,</span> <span class='ocrx_word' id='word_1_54' title='bbox 1111 666 1339 717; x_wconf 81' lang='lat' dir='ltr'>aliquibus</span> <span class='ocrx_word' id='word_1_55' title='bbox 1374 665 1612 705; x_wconf 84' lang='lat' dir='ltr'>exercitiis</span> <span class='ocrx_word' id='word_1_56' title='bbox 1643 665 1772 717; x_wconf 89' lang='lat' dir='ltr'>spiri-</span> 
     </span>
     <span class='ocr_line' id='line_1_8' title="bbox 145 736 1774 789; baseline -0.002 -11"><span class='ocrx_word' id='word_1_57' title='bbox 145 738 347 778; x_wconf 81' lang='lat' dir='ltr'>tualibus</span> <span class='ocrx_word' id='word_1_58' title='bbox 381 739 656 789; x_wconf 87' lang='lat' dir='ltr'>instructas,</span> <span class='ocrx_word' id='word_1_59' title='bbox 694 740 886 789; x_wconf 82' lang='lat' dir='ltr'>longum</span> <span class='ocrx_word' id='word_1_60' title='bbox 912 739 1017 777; x_wconf 83' lang='lat' dir='ltr'>vale</span> <span class='ocrx_word' id='word_1_61' title='bbox 1046 737 1314 788; x_wconf 84' lang='lat' dir='ltr'>nuptiarum</span> <span class='ocrx_word' id='word_1_62' title='bbox 1348 737 1566 776; x_wconf 77' lang='lat' dir='ltr'>thalamis</span> <span class='ocrx_word' id='word_1_63' title='bbox 1601 736 1774 776; x_wconf 77' lang='lat' dir='ltr'>dixisse</span> 
     </span>
     <span class='ocr_line' id='line_1_9' title="bbox 145 807 1774 860; baseline -0.002 -11"><span class='ocrx_word' id='word_1_64' title='bbox 145 816 283 860; x_wconf 85' lang='lat' dir='ltr'>atque</span> <span class='ocrx_word' id='word_1_65' title='bbox 321 809 607 859; x_wconf 81' lang='lat' dir='ltr'>virginitatis</span> <span class='ocrx_word' id='word_1_66' title='bbox 647 814 942 849; x_wconf 86' lang='lat' dir='ltr'>sacramento</span> <span class='ocrx_word' id='word_1_67' title='bbox 976 808 1137 848; x_wconf 76' lang='lat' dir='ltr'>libenti</span> <span class='ocrx_word' id='word_1_68' title='bbox 1171 808 1327 847; x_wconf 86' lang='lat' dir='ltr'>animo</span> <span class='ocrx_word' id='word_1_69' title='bbox 1367 818 1470 847; x_wconf 90' lang='lat' dir='ltr'>sese</span> <span class='ocrx_word' id='word_1_70' title='bbox 1510 807 1774 847; x_wconf 74' lang='lat' dir='ltr'>devovisse.</span> 
     </span>
     <span class='ocr_line' id='line_1_10' title="bbox 143 878 1774 931; baseline -0.002 -11"><span class='ocrx_word' id='word_1_71' title='bbox 143 879 272 930; x_wconf 84' lang='lat' dir='ltr'>Quae</span> <span class='ocrx_word' id='word_1_72' title='bbox 302 886 527 931; x_wconf 84' lang='lat' dir='ltr'>quantum</span> <span class='ocrx_word' id='word_1_73' title='bbox 547 880 656 930; x_wconf 89' lang='lat' dir='ltr'>sibi,</span> <span class='ocrx_word' id='word_1_74' title='bbox 685 886 911 931; x_wconf 88' lang='lat' dir='ltr'>quantum</span> <span class='ocrx_word' id='word_1_75' title='bbox 939 885 983 919; x_wconf 87' lang='lat' dir='ltr'>et</span> <span class='ocrx_word' id='word_1_76' title='bbox 1017 879 1143 929; x_wconf 81' lang='lat' dir='ltr'>aliis,</span> <span class='ocrx_word' id='word_1_77' title='bbox 1175 879 1264 919; x_wconf 90' lang='lat' dir='ltr'>hac</span> <span class='ocrx_word' id='word_1_78' title='bbox 1285 878 1541 918; x_wconf 82' lang='lat' dir='ltr'>mutatione</span> <span class='ocrx_word' id='word_1_79' title='bbox 1568 878 1774 929; x_wconf 87' lang='lat' dir='ltr'>profece—</span> 
     </span>
     <span class='ocr_line' id='line_1_11' title="bbox 142 949 1772 1001; baseline -0.001 -11"><span class='ocrx_word' id='word_1_80' title='bbox 142 951 249 1001; x_wconf 83' lang='lat' dir='ltr'>rint,</span> <span class='ocrx_word' id='word_1_81' title='bbox 274 951 312 990; x_wconf 93' lang='lat' dir='ltr'>si</span> <span class='ocrx_word' id='word_1_82' title='bbox 333 951 392 991; x_wconf 92' lang='lat' dir='ltr'>ad</span> <span class='ocrx_word' id='word_1_83' title='bbox 413 962 617 1001; x_wconf 86' lang='lat' dir='ltr'>unguem</span> <span class='ocrx_word' id='word_1_84' title='bbox 638 950 953 991; x_wconf 85' lang='lat' dir='ltr'>enarrandum</span> <span class='ocrx_word' id='word_1_85' title='bbox 975 956 1112 999; x_wconf 88' lang='lat' dir='ltr'>esset,</span> <span class='ocrx_word' id='word_1_86' title='bbox 1136 961 1229 989; x_wconf 91' lang='lat' dir='ltr'>non</span> <span class='ocrx_word' id='word_1_87' title='bbox 1251 949 1443 989; x_wconf 87' lang='lat' dir='ltr'>minima</span> <span class='ocrx_word' id='word_1_88' title='bbox 1468 960 1611 999; x_wconf 90' lang='lat' dir='ltr'>opera</span> <span class='ocrx_word' id='word_1_89' title='bbox 1631 949 1772 1000; x_wconf 79' lang='lat' dir='ltr'>expli·</span> 
     </span>
     <span class='ocr_line' id='line_1_12' title="bbox 143 1019 1774 1073; baseline -0.001 -13"><span class='ocrx_word' id='word_1_90' title='bbox 143 1021 242 1061; x_wconf 82' lang='lat' dir='ltr'>cari</span> <span class='ocrx_word' id='word_1_91' title='bbox 256 1028 429 1073; x_wconf 90' lang='lat' dir='ltr'>posset.</span> <span class='ocrx_word' id='word_1_92' title='bbox 449 1021 588 1062; x_wconf 88' lang='lat' dir='ltr'>Faxit</span> <span class='ocrx_word' id='word_1_93' title='bbox 604 1022 732 1062; x_wconf 91' lang='lat' dir='ltr'>Deus</span> <span class='ocrx_word' id='word_1_94' title='bbox 749 1028 797 1062; x_wconf 93' lang='lat' dir='ltr'>ut</span> <span class='ocrx_word' id='word_1_95' title='bbox 817 1021 938 1072; x_wconf 91' lang='lat' dir='ltr'>quod</span> <span class='ocrx_word' id='word_1_96' title='bbox 958 1020 1153 1061; x_wconf 83' lang='lat' dir='ltr'>feliciter</span> <span class='ocrx_word' id='word_1_97' title='bbox 1170 1021 1489 1072; x_wconf 84' lang='lat' dir='ltr'>incoeperunt,</span> <span class='ocrx_word' id='word_1_98' title='bbox 1508 1019 1774 1060; x_wconf 89' lang='lat' dir='ltr'>felicissime</span> 
     </span>
     <span class='ocr_line' id='line_1_13' title="bbox 143 1092 738 1142; baseline 0.003 -12"><span class='ocrx_word' id='word_1_99' title='bbox 143 1092 388 1142; x_wconf 77' lang='lat' dir='ltr'>perficiant</span> <span class='ocrx_word' id='word_1_100' title='bbox 411 1099 455 1132; x_wconf 91' lang='lat' dir='ltr'>et</span> <span class='ocrx_word' id='word_1_101' title='bbox 476 1093 738 1132; x_wconf 87' lang='lat' dir='ltr'>absolvant.</span> 
     </span>
    </p>

    <p class='ocr_par' dir='ltr' id='par_1_3' title="bbox 140 1160 1777 1780">
     <span class='ocr_line' id='line_1_14' title="bbox 221 1160 1774 1215; baseline 0 -13"><span class='ocrx_word' id='word_1_102' title='bbox 221 1162 324 1202; x_wconf 91' lang='lat' dir='ltr'>Non</span> <span class='ocrx_word' id='word_1_103' title='bbox 363 1163 615 1203; x_wconf 84' lang='lat' dir='ltr'>admodum</span> <span class='ocrx_word' id='word_1_104' title='bbox 653 1163 730 1203; x_wconf 90' lang='lat' dir='ltr'>diu</span> <span class='ocrx_word' id='word_1_105' title='bbox 769 1169 838 1203; x_wconf 92' lang='lat' dir='ltr'>est</span> <span class='ocrx_word' id='word_1_106' title='bbox 872 1163 995 1215; x_wconf 92' lang='lat' dir='ltr'>quod</span> <span class='ocrx_word' id='word_1_107' title='bbox 1027 1175 1085 1202; x_wconf 86' lang='lat' dir='ltr'>ex</span> <span class='ocrx_word' id='word_1_108' title='bbox 1124 1162 1296 1202; x_wconf 88' lang='lat' dir='ltr'>nostris</span> <span class='ocrx_word' id='word_1_109' title='bbox 1330 1161 1378 1201; x_wconf 91' lang='lat' dir='ltr'>P.</span> <span class='ocrx_word' id='word_1_110' title='bbox 1422 1160 1694 1202; x_wconf 87' lang='lat' dir='ltr'>Domenech</span> <span class='ocrx_word' id='word_1_111' title='bbox 1730 1168 1774 1202; x_wconf 88' lang='lat' dir='ltr'>et</span> 
     </span>
     <span class='ocr_line' id='line_1_15' title="bbox 141 1231 1770 1286; baseline -0.001 -14"><span class='ocrx_word' id='word_1_112' title='bbox 141 1233 190 1272; x_wconf 88' lang='lat' dir='ltr'>P.</span> <span class='ocrx_word' id='word_1_113' title='bbox 210 1233 460 1273; x_wconf 79' lang='lat' dir='ltr'>Baithasar</span> <span class='ocrx_word' id='word_1_114' title='bbox 482 1234 696 1274; x_wconf 84' lang='lat' dir='ltr'>abierunt</span> <span class='ocrx_word' id='word_1_115' title='bbox 716 1234 762 1273; x_wconf 92' lang='lat' dir='ltr'>in</span> <span class='ocrx_word' id='word_1_116' title='bbox 784 1234 1006 1286; x_wconf 90' lang='lat' dir='ltr'>oppidum</span> <span class='ocrx_word' id='word_1_117' title='bbox 1027 1233 1276 1285; x_wconf 85' lang='lat' dir='ltr'>quoddam,</span> <span class='ocrx_word' id='word_1_118' title='bbox 1295 1232 1481 1272; x_wconf 86' lang='lat' dir='ltr'>nomine</span> <span class='ocrx_word' id='word_1_119' title='bbox 1498 1231 1770 1283; x_wconf 87' lang='lat' dir='ltr'>Molviedre,</span> 
     </span>
     <span class='ocr_line' id='line_1_16' title="bbox 143 1303 1774 1356; baseline -0.001 -13"><span class='ocrx_word' id='word_1_120' title='bbox 143 1304 221 1343; x_wconf 90' lang='lat' dir='ltr'>ubi</span> <span class='ocrx_word' id='word_1_121' title='bbox 249 1315 331 1355; x_wconf 91' lang='lat' dir='ltr'>per</span> <span class='ocrx_word' id='word_1_122' title='bbox 360 1315 539 1355; x_wconf 85' lang='lat' dir='ltr'>paucos</span> <span class='ocrx_word' id='word_1_123' title='bbox 567 1304 666 1344; x_wconf 90' lang='lat' dir='ltr'>dies</span> <span class='ocrx_word' id='word_1_124' title='bbox 695 1311 1009 1355; x_wconf 87' lang='lat' dir='ltr'>remorantes,</span> <span class='ocrx_word' id='word_1_125' title='bbox 1040 1303 1261 1356; x_wconf 91' lang='lat' dir='ltr'>quoniam</span> <span class='ocrx_word' id='word_1_126' title='bbox 1289 1303 1460 1343; x_wconf 92' lang='lat' dir='ltr'>diutius</span> <span class='ocrx_word' id='word_1_127' title='bbox 1489 1303 1653 1342; x_wconf 86' lang='lat' dir='ltr'>abesse</span> <span class='ocrx_word' id='word_1_128' title='bbox 1682 1315 1774 1343; x_wconf 92' lang='lat' dir='ltr'>non</span> 
     </span>
     <span class='ocr_line' id='line_1_17' title="bbox 148 1374 1777 1426; baseline 0 -13"><span class='ocrx_word' id='word_1_129' title='bbox 148 1374 339 1420; x_wconf 77' lang='lat' dir='ltr'>licebat.</span> <span class='ocrx_word' id='word_1_130' title='bbox 363 1386 456 1414; x_wconf 92' lang='lat' dir='ltr'>non</span> <span class='ocrx_word' id='word_1_131' title='bbox 477 1386 653 1426; x_wconf 90' lang='lat' dir='ltr'>paucos</span> <span class='ocrx_word' id='word_1_132' title='bbox 674 1375 852 1415; x_wconf 89' lang='lat' dir='ltr'>fructus</span> <span class='ocrx_word' id='word_1_133' title='bbox 873 1388 931 1415; x_wconf 82' lang='lat' dir='ltr'>ex</span> <span class='ocrx_word' id='word_1_134' title='bbox 960 1374 1304 1414; x_wconf 90' lang='lat' dir='ltr'>confessionum</span> <span class='ocrx_word' id='word_1_135' title='bbox 1333 1379 1470 1425; x_wconf 87' lang='lat' dir='ltr'>atque</span> <span class='ocrx_word' id='word_1_136' title='bbox 1497 1374 1777 1414; x_wconf 81' lang='lat' dir='ltr'>concionum</span> 
     </span>
     <span class='ocr_line' id='line_1_18' title="bbox 146 1443 1771 1497; baseline -0.001 -12"><span class='ocrx_word' id='word_1_137' title='bbox 146 1446 210 1493; x_wconf 87' lang='lat' dir='ltr'>(ut</span> <span class='ocrx_word' id='word_1_138' title='bbox 241 1445 426 1485; x_wconf 88' lang='lat' dir='ltr'>interim</span> <span class='ocrx_word' id='word_1_139' title='bbox 451 1446 824 1497; x_wconf 85' lang='lat' dir='ltr'>praetermittam</span> <span class='ocrx_word' id='word_1_140' title='bbox 853 1445 1252 1486; x_wconf 89' lang='lat' dir='ltr'>confabulationes</span> <span class='ocrx_word' id='word_1_141' title='bbox 1283 1443 1541 1496; x_wconf 86' lang='lat' dir='ltr'>proficuas)</span> <span class='ocrx_word' id='word_1_142' title='bbox 1574 1445 1771 1495; x_wconf 78' lang='lat' dir='ltr'>agricul-</span> 
     </span>
     <span class='ocr_line' id='line_1_19' title="bbox 146 1516 1769 1568; baseline 0 -13"><span class='ocrx_word' id='word_1_143' title='bbox 146 1522 251 1556; x_wconf 89' lang='lat' dir='ltr'>tura</span> <span class='ocrx_word' id='word_1_144' title='bbox 273 1517 577 1567; x_wconf 82' lang='lat' dir='ltr'>collegerunt.</span> <span class='ocrx_word' id='word_1_145' title='bbox 603 1517 674 1556; x_wconf 86' lang='lat' dir='ltr'>Ex</span> <span class='ocrx_word' id='word_1_146' title='bbox 690 1517 855 1568; x_wconf 86' lang='lat' dir='ltr'>quibus</span> <span class='ocrx_word' id='word_1_147' title='bbox 870 1529 991 1556; x_wconf 91' lang='lat' dir='ltr'>unus</span> <span class='ocrx_word' id='word_1_148' title='bbox 1006 1517 1288 1568; x_wconf 87' lang='lat' dir='ltr'>praecipuus</span> <span class='ocrx_word' id='word_1_149' title='bbox 1309 1516 1556 1566; x_wconf 89' lang='lat' dir='ltr'>decerptus</span> <span class='ocrx_word' id='word_1_150' title='bbox 1581 1522 1670 1565; x_wconf 88' lang='lat' dir='ltr'>est,</span> <span class='ocrx_word' id='word_1_151' title='bbox 1694 1516 1769 1555; x_wconf 92' lang='lat' dir='ltr'>ho-</span> 
     </span>
     <span class='ocr_line' id='line_1_20' title="bbox 142 1586 1772 1639; baseline 0 -13"><span class='ocrx_word' id='word_1_152' title='bbox 142 1587 313 1627; x_wconf 90' lang='lat' dir='ltr'>minem</span> <span class='ocrx_word' id='word_1_153' title='bbox 347 1588 617 1639; x_wconf 87' lang='lat' dir='ltr'>quemdam,</span> <span class='ocrx_word' id='word_1_154' title='bbox 651 1588 730 1639; x_wconf 91' lang='lat' dir='ltr'>qui</span> <span class='ocrx_word' id='word_1_155' title='bbox 759 1594 897 1627; x_wconf 83' lang='lat' dir='ltr'>antea</span> <span class='ocrx_word' id='word_1_156' title='bbox 927 1588 984 1627; x_wconf 93' lang='lat' dir='ltr'>ob</span> <span class='ocrx_word' id='word_1_157' title='bbox 1016 1586 1257 1638; x_wconf 88' lang='lat' dir='ltr'>cujusdam</span> <span class='ocrx_word' id='word_1_158' title='bbox 1287 1586 1366 1625; x_wconf 89' lang='lat' dir='ltr'>filii</span> <span class='ocrx_word' id='word_1_159' title='bbox 1400 1586 1772 1627; x_wconf 89' lang='lat' dir='ltr'>interfectionem</span> 
     </span>
     <span class='ocr_line' id='line_1_21' title="bbox 140 1657 1767 1710; baseline -0.001 -13"><span class='ocrx_word' id='word_1_160' title='bbox 140 1670 226 1698; x_wconf 91' lang='lat' dir='ltr'>nec</span> <span class='ocrx_word' id='word_1_161' title='bbox 242 1664 438 1709; x_wconf 89' lang='lat' dir='ltr'>peccata</span> <span class='ocrx_word' id='word_1_162' title='bbox 460 1665 724 1710; x_wconf 86' lang='lat' dir='ltr'>aperuerat,</span> <span class='ocrx_word' id='word_1_163' title='bbox 749 1671 835 1698; x_wconf 88' lang='lat' dir='ltr'>nec</span> <span class='ocrx_word' id='word_1_164' title='bbox 856 1664 1148 1710; x_wconf 86' lang='lat' dir='ltr'>pepercerat,</span> <span class='ocrx_word' id='word_1_165' title='bbox 1168 1657 1408 1709; x_wconf 88' lang='lat' dir='ltr'>aperuisse</span> <span class='ocrx_word' id='word_1_166' title='bbox 1426 1663 1469 1697; x_wconf 90' lang='lat' dir='ltr'>et</span> <span class='ocrx_word' id='word_1_167' title='bbox 1487 1657 1767 1708; x_wconf 83' lang='lat' dir='ltr'>pepercisse.</span> 
     </span>
     <span class='ocr_line' id='line_1_22' title="bbox 140 1728 510 1780; baseline 0 -12"><span class='ocrx_word' id='word_1_168' title='bbox 140 1728 324 1769; x_wconf 84' lang='lat' dir='ltr'>Christo</span> <span class='ocrx_word' id='word_1_169' title='bbox 345 1729 510 1780; x_wconf 85' lang='lat' dir='ltr'>gloria.</span> 
     </span>
    </p>

    <p class='ocr_par' dir='ltr' id='par_1_4' title="bbox 137 1798 1768 2134">
     <span class='ocr_line' id='line_1_23' title="bbox 218 1798 1768 1851; baseline 0 -12"><span class='ocrx_word' id='word_1_170' title='bbox 218 1799 428 1839; x_wconf 87' lang='lat' dir='ltr'>Ecclesia</span> <span class='ocrx_word' id='word_1_171' title='bbox 462 1798 599 1850; x_wconf 88' lang='lat' dir='ltr'>hujus</span> <span class='ocrx_word' id='word_1_172' title='bbox 629 1800 825 1851; x_wconf 83' lang='lat' dir='ltr'>Collegii</span> <span class='ocrx_word' id='word_1_173' title='bbox 859 1805 965 1839; x_wconf 90' lang='lat' dir='ltr'>ante</span> <span class='ocrx_word' id='word_1_174' title='bbox 1002 1799 1413 1851; x_wconf 81' lang='lat' dir='ltr'>quadragesimam</span> <span class='ocrx_word' id='word_1_175' title='bbox 1447 1799 1664 1849; x_wconf 89' lang='lat' dir='ltr'>incoepta</span> <span class='ocrx_word' id='word_1_176' title='bbox 1699 1805 1768 1839; x_wconf 86' lang='lat' dir='ltr'>est</span> 
     </span>
     <span class='ocr_line' id='line_1_24' title="bbox 137 1869 1766 1922; baseline 0 -13"><span class='ocrx_word' id='word_1_177' title='bbox 137 1870 259 1921; x_wconf 87' lang='lat' dir='ltr'>fieri;</span> <span class='ocrx_word' id='word_1_178' title='bbox 282 1871 524 1910; x_wconf 88' lang='lat' dir='ltr'>columnae</span> <span class='ocrx_word' id='word_1_179' title='bbox 546 1871 758 1922; x_wconf 84' lang='lat' dir='ltr'>lapideae</span> <span class='ocrx_word' id='word_1_180' title='bbox 779 1883 901 1911; x_wconf 91' lang='lat' dir='ltr'>nunc</span> <span class='ocrx_word' id='word_1_181' title='bbox 925 1871 1180 1921; x_wconf 82' lang='lat' dir='ltr'>eriguntur,</span> <span class='ocrx_word' id='word_1_182' title='bbox 1212 1882 1328 1921; x_wconf 91' lang='lat' dir='ltr'>quas</span> <span class='ocrx_word' id='word_1_183' title='bbox 1355 1870 1567 1921; x_wconf 90' lang='lat' dir='ltr'>suspicor</span> <span class='ocrx_word' id='word_1_184' title='bbox 1599 1869 1766 1909; x_wconf 89' lang='lat' dir='ltr'>hebdo-</span> 
     </span>
     <span class='ocr_line' id='line_1_25' title="bbox 137 1940 1764 1993; baseline 0 -13"><span class='ocrx_word' id='word_1_185' title='bbox 137 1941 275 1980; x_wconf 90' lang='lat' dir='ltr'>mada</span> <span class='ocrx_word' id='word_1_186' title='bbox 297 1941 406 1991; x_wconf 92' lang='lat' dir='ltr'>hac,</span> <span class='ocrx_word' id='word_1_187' title='bbox 428 1940 519 1980; x_wconf 90' lang='lat' dir='ltr'>Dei</span> <span class='ocrx_word' id='word_1_188' title='bbox 542 1942 872 1993; x_wconf 85' lang='lat' dir='ltr'>omnipotentis</span> <span class='ocrx_word' id='word_1_189' title='bbox 891 1941 1087 1991; x_wconf 86' lang='lat' dir='ltr'>auxilio,</span> <span class='ocrx_word' id='word_1_190' title='bbox 1111 1941 1170 1980; x_wconf 91' lang='lat' dir='ltr'>ad</span> <span class='ocrx_word' id='word_1_191' title='bbox 1196 1941 1466 1980; x_wconf 89' lang='lat' dir='ltr'>coronidem</span> <span class='ocrx_word' id='word_1_192' title='bbox 1494 1952 1640 1991; x_wconf 88' lang='lat' dir='ltr'>usque</span> <span class='ocrx_word' id='word_1_193' title='bbox 1664 1952 1764 1992; x_wconf 90' lang='lat' dir='ltr'>per-</span> 
     </span>
     <span class='ocr_line' id='line_1_26' title="bbox 138 2011 1765 2064; baseline -0.001 -12"><span class='ocrx_word' id='word_1_194' title='bbox 138 2011 375 2052; x_wconf 88' lang='lat' dir='ltr'>ducendas</span> <span class='ocrx_word' id='word_1_195' title='bbox 396 2012 509 2052; x_wconf 92' lang='lat' dir='ltr'>fore.</span> <span class='ocrx_word' id='word_1_196' title='bbox 534 2012 603 2052; x_wconf 87' lang='lat' dir='ltr'>Ita</span> <span class='ocrx_word' id='word_1_197' title='bbox 628 2012 840 2064; x_wconf 86' lang='lat' dir='ltr'>perficiat</span> <span class='ocrx_word' id='word_1_198' title='bbox 870 2011 1092 2063; x_wconf 87' lang='lat' dir='ltr'>Majestas</span> <span class='ocrx_word' id='word_1_199' title='bbox 1122 2012 1302 2062; x_wconf 84' lang='lat' dir='ltr'>divina,</span> <span class='ocrx_word' id='word_1_200' title='bbox 1331 2012 1450 2051; x_wconf 92' lang='lat' dir='ltr'>sicut</span> <span class='ocrx_word' id='word_1_201' title='bbox 1476 2023 1581 2060; x_wconf 78' lang='lat' dir='ltr'>nOS,</span> <span class='ocrx_word' id='word_1_202' title='bbox 1613 2018 1658 2051; x_wconf 90' lang='lat' dir='ltr'>et</span> <span class='ocrx_word' id='word_1_203' title='bbox 1688 2013 1765 2063; x_wconf 91' lang='lat' dir='ltr'>qui</span> 
     </span>
     <span class='ocr_line' id='line_1_27' title="bbox 138 2082 1166 2134; baseline -0.001 -12"><span class='ocrx_word' id='word_1_204' title='bbox 138 2082 273 2122; x_wconf 91' lang='lat' dir='ltr'>nobis</span> <span class='ocrx_word' id='word_1_205' title='bbox 290 2082 407 2122; x_wconf 89' lang='lat' dir='ltr'>bene</span> <span class='ocrx_word' id='word_1_206' title='bbox 432 2083 606 2133; x_wconf 89' lang='lat' dir='ltr'>volunt,</span> <span class='ocrx_word' id='word_1_207' title='bbox 631 2088 853 2134; x_wconf 82' lang='lat' dir='ltr'>exoptant</span> <span class='ocrx_word' id='word_1_208' title='bbox 875 2088 919 2122; x_wconf 90' lang='lat' dir='ltr'>et</span> <span class='ocrx_word' id='word_1_209' title='bbox 939 2082 1166 2133; x_wconf 84' lang='lat' dir='ltr'>indigent.</span> 
     </span>
    </p>

    <p class='ocr_par' dir='ltr' id='par_1_5' title="bbox 135 2151 1766 2982">
     <span class='ocr_line' id='line_1_28' title="bbox 218 2151 1766 2204; baseline 0.001 -12"><span class='ocrx_word' id='word_1_210' title='bbox 218 2151 388 2192; x_wconf 90' lang='lat' dir='ltr'>Noster</span> <span class='ocrx_word' id='word_1_211' title='bbox 421 2152 471 2192; x_wconf 85' lang='lat' dir='ltr'>P.</span> <span class='ocrx_word' id='word_1_212' title='bbox 508 2152 780 2193; x_wconf 88' lang='lat' dir='ltr'>Domenech</span> <span class='ocrx_word' id='word_1_213' title='bbox 814 2153 1055 2204; x_wconf 90' lang='lat' dir='ltr'>profectus</span> <span class='ocrx_word' id='word_1_214' title='bbox 1081 2158 1152 2192; x_wconf 85' lang='lat' dir='ltr'>est</span> <span class='ocrx_word' id='word_1_215' title='bbox 1186 2152 1295 2192; x_wconf 89' lang='lat' dir='ltr'>hinc</span> <span class='ocrx_word' id='word_1_216' title='bbox 1330 2152 1622 2192; x_wconf 82' lang='lat' dir='ltr'>solemnitate</span> <span class='ocrx_word' id='word_1_217' title='bbox 1655 2152 1766 2193; x_wconf 89' lang='lat' dir='ltr'>Divi</span> 
     </span>
     <span class='ocr_line' id='line_1_29' title="bbox 141 2223 1764 2274; baseline 0 -11"><span class='ocrx_word' id='word_1_218' title='bbox 141 2223 503 2274; x_wconf 85' lang='lat' dir='ltr'>Bartholomaei,</span> <span class='ocrx_word' id='word_1_219' title='bbox 518 2223 768 2263; x_wconf 90' lang='lat' dir='ltr'>comitante</span> <span class='ocrx_word' id='word_1_220' title='bbox 784 2223 922 2263; x_wconf 91' lang='lat' dir='ltr'>unico</span> <span class='ocrx_word' id='word_1_221' title='bbox 938 2223 1076 2263; x_wconf 89' lang='lat' dir='ltr'>Patre</span> <span class='ocrx_word' id='word_1_222' title='bbox 1093 2234 1199 2263; x_wconf 92' lang='lat' dir='ltr'>cum</span> <span class='ocrx_word' id='word_1_223' title='bbox 1216 2223 1416 2274; x_wconf 90' lang='lat' dir='ltr'>quinque</span> <span class='ocrx_word' id='word_1_224' title='bbox 1432 2223 1668 2273; x_wconf 70' lang='lat' dir='ltr'>fratribus,</span> <span class='ocrx_word' id='word_1_225' title='bbox 1691 2235 1764 2264; x_wconf 86' lang='lat' dir='ltr'>cu-</span> 
     </span>
     <span class='ocr_line' id='line_1_30' title="bbox 135 2293 1764 2346; baseline 0.001 -12"><span class='ocrx_word' id='word_1_226' title='bbox 135 2293 209 2345; x_wconf 90' lang='lat' dir='ltr'>jus</span> <span class='ocrx_word' id='word_1_227' title='bbox 230 2294 493 2334; x_wconf 90' lang='lat' dir='ltr'>discessum</span> <span class='ocrx_word' id='word_1_228' title='bbox 514 2306 675 2334; x_wconf 90' lang='lat' dir='ltr'>omnes</span> <span class='ocrx_word' id='word_1_229' title='bbox 696 2295 957 2346; x_wconf 89' lang='lat' dir='ltr'>ploramus,</span> <span class='ocrx_word' id='word_1_230' title='bbox 979 2294 1257 2345; x_wconf 90' lang='lat' dir='ltr'>praesertim</span> <span class='ocrx_word' id='word_1_231' title='bbox 1276 2293 1485 2344; x_wconf 83' lang='lat' dir='ltr'>virgines</span> <span class='ocrx_word' id='word_1_232' title='bbox 1506 2294 1632 2345; x_wconf 86' lang='lat' dir='ltr'>illae,</span> <span class='ocrx_word' id='word_1_233' title='bbox 1657 2307 1764 2346; x_wconf 86' lang='lat' dir='ltr'>qua—</span> 
     </span>
     <span class='ocr_line' id='line_1_31' title="bbox 139 2364 1765 2416; baseline 0.001 -12"><span class='ocrx_word' id='word_1_234' title='bbox 139 2376 242 2404; x_wconf 90' lang='lat' dir='ltr'>rum</span> <span class='ocrx_word' id='word_1_235' title='bbox 262 2365 475 2416; x_wconf 89' lang='lat' dir='ltr'>superius</span> <span class='ocrx_word' id='word_1_236' title='bbox 496 2365 697 2405; x_wconf 87' lang='lat' dir='ltr'>memini.</span> <span class='ocrx_word' id='word_1_237' title='bbox 722 2364 861 2405; x_wconf 87' lang='lat' dir='ltr'>Pater</span> <span class='ocrx_word' id='word_1_238' title='bbox 882 2365 1109 2416; x_wconf 87' lang='lat' dir='ltr'>Baptista,</span> <span class='ocrx_word' id='word_1_239' title='bbox 1127 2364 1302 2404; x_wconf 89' lang='lat' dir='ltr'>Rector</span> <span class='ocrx_word' id='word_1_240' title='bbox 1318 2364 1513 2415; x_wconf 83' lang='lat' dir='ltr'>Collegii</span> <span class='ocrx_word' id='word_1_241' title='bbox 1535 2364 1765 2405; x_wconf 87' lang='lat' dir='ltr'>Gandien-</span> 
     </span>
     <span class='ocr_line' id='line_1_32' title="bbox 139 2435 1766 2487; baseline 0.001 -13"><span class='ocrx_word' id='word_1_242' title='bbox 139 2436 223 2486; x_wconf 79' lang='lat' dir='ltr'>sis,</span> <span class='ocrx_word' id='word_1_243' title='bbox 256 2435 379 2487; x_wconf 92' lang='lat' dir='ltr'>apud</span> <span class='ocrx_word' id='word_1_244' title='bbox 413 2447 500 2475; x_wconf 92' lang='lat' dir='ltr'>nos</span> <span class='ocrx_word' id='word_1_245' title='bbox 527 2447 607 2487; x_wconf 90' lang='lat' dir='ltr'>per</span> <span class='ocrx_word' id='word_1_246' title='bbox 641 2436 817 2487; x_wconf 91' lang='lat' dir='ltr'>aliquot</span> <span class='ocrx_word' id='word_1_247' title='bbox 853 2436 950 2476; x_wconf 92' lang='lat' dir='ltr'>dies</span> <span class='ocrx_word' id='word_1_248' title='bbox 983 2435 1228 2484; x_wconf 86' lang='lat' dir='ltr'>remansit,</span> <span class='ocrx_word' id='word_1_249' title='bbox 1258 2441 1307 2475; x_wconf 91' lang='lat' dir='ltr'>ut</span> <span class='ocrx_word' id='word_1_250' title='bbox 1337 2435 1543 2475; x_wconf 90' lang='lat' dir='ltr'>omnium</span> <span class='ocrx_word' id='word_1_251' title='bbox 1578 2436 1766 2476; x_wconf 89' lang='lat' dir='ltr'>orbitati</span> 
     </span>
     <span class='ocr_line' id='line_1_33' title="bbox 139 2505 1765 2557; baseline 0.001 -11"><span class='ocrx_word' id='word_1_252' title='bbox 139 2505 423 2556; x_wconf 89' lang='lat' dir='ltr'>mederetur;</span> <span class='ocrx_word' id='word_1_253' title='bbox 455 2505 586 2557; x_wconf 90' lang='lat' dir='ltr'>cujus</span> <span class='ocrx_word' id='word_1_254' title='bbox 612 2507 879 2557; x_wconf 88' lang='lat' dir='ltr'>praesentia</span> <span class='ocrx_word' id='word_1_255' title='bbox 907 2506 1112 2546; x_wconf 90' lang='lat' dir='ltr'>absentis</span> <span class='ocrx_word' id='word_1_256' title='bbox 1139 2506 1421 2546; x_wconf 89' lang='lat' dir='ltr'>desiderium</span> <span class='ocrx_word' id='word_1_257' title='bbox 1447 2506 1691 2557; x_wconf 81' lang='lat' dir='ltr'>mitigatur</span> <span class='ocrx_word' id='word_1_258' title='bbox 1720 2515 1765 2547; x_wconf 90' lang='lat' dir='ltr'>et</span> 
     </span>
     <span class='ocr_line' id='line_1_34' title="bbox 140 2576 1765 2628; baseline 0.001 -12"><span class='ocrx_word' id='word_1_259' title='bbox 140 2577 402 2616; x_wconf 85' lang='lat' dir='ltr'>remittitur.</span> <span class='ocrx_word' id='word_1_260' title='bbox 428 2576 529 2617; x_wconf 92' lang='lat' dir='ltr'>Hoc</span> <span class='ocrx_word' id='word_1_261' title='bbox 550 2576 754 2617; x_wconf 88' lang='lat' dir='ltr'>remedio</span> <span class='ocrx_word' id='word_1_262' title='bbox 776 2589 893 2628; x_wconf 89' lang='lat' dir='ltr'>opus</span> <span class='ocrx_word' id='word_1_263' title='bbox 922 2576 1006 2617; x_wconf 91' lang='lat' dir='ltr'>fuit</span> <span class='ocrx_word' id='word_1_264' title='bbox 1033 2588 1127 2617; x_wconf 91' lang='lat' dir='ltr'>non</span> <span class='ocrx_word' id='word_1_265' title='bbox 1153 2578 1303 2617; x_wconf 91' lang='lat' dir='ltr'>solum</span> <span class='ocrx_word' id='word_1_266' title='bbox 1328 2577 1484 2627; x_wconf 88' lang='lat' dir='ltr'>nobis,</span> <span class='ocrx_word' id='word_1_267' title='bbox 1516 2576 1597 2616; x_wconf 88' lang='lat' dir='ltr'>sed</span> <span class='ocrx_word' id='word_1_268' title='bbox 1624 2577 1765 2618; x_wconf 88' lang='lat' dir='ltr'>etiam</span> 
     </span>
     <span class='ocr_line' id='line_1_35' title="bbox 139 2647 1761 2698; baseline 0.001 -11"><span class='ocrx_word' id='word_1_269' title='bbox 139 2647 241 2687; x_wconf 92' lang='lat' dir='ltr'>aliis</span> <span class='ocrx_word' id='word_1_270' title='bbox 275 2647 452 2698; x_wconf 86' lang='lat' dir='ltr'>multis,</span> <span class='ocrx_word' id='word_1_271' title='bbox 490 2647 610 2687; x_wconf 89' lang='lat' dir='ltr'>inter</span> <span class='ocrx_word' id='word_1_272' title='bbox 637 2659 752 2698; x_wconf 91' lang='lat' dir='ltr'>quos</span> <span class='ocrx_word' id='word_1_273' title='bbox 781 2659 942 2688; x_wconf 88' lang='lat' dir='ltr'>omnes</span> <span class='ocrx_word' id='word_1_274' title='bbox 976 2648 1179 2688; x_wconf 82' lang='lat' dir='ltr'>maxime</span> <span class='ocrx_word' id='word_1_275' title='bbox 1209 2647 1362 2688; x_wconf 90' lang='lat' dir='ltr'>sorori</span> <span class='ocrx_word' id='word_1_276' title='bbox 1395 2647 1444 2687; x_wconf 90' lang='lat' dir='ltr'>P.</span> <span class='ocrx_word' id='word_1_277' title='bbox 1474 2647 1761 2689; x_wconf 84' lang='lat' dir='ltr'>Domenech.</span> 
     </span>
     <span class='ocr_line' id='line_1_36' title="bbox 138 2717 1764 2769; baseline 0.002 -13"><span class='ocrx_word' id='word_1_278' title='bbox 138 2717 307 2757; x_wconf 88' lang='lat' dir='ltr'>Mirum</span> <span class='ocrx_word' id='word_1_279' title='bbox 327 2723 397 2757; x_wconf 90' lang='lat' dir='ltr'>est</span> <span class='ocrx_word' id='word_1_280' title='bbox 418 2729 556 2769; x_wconf 91' lang='lat' dir='ltr'>quam</span> <span class='ocrx_word' id='word_1_281' title='bbox 578 2724 787 2758; x_wconf 86' lang='lat' dir='ltr'>nostram</span> <span class='ocrx_word' id='word_1_282' title='bbox 807 2717 1090 2759; x_wconf 85' lang='lat' dir='ltr'>Societatem</span> <span class='ocrx_word' id='word_1_283' title='bbox 1109 2719 1224 2758; x_wconf 91' lang='lat' dir='ltr'>haec</span> <span class='ocrx_word' id='word_1_284' title='bbox 1257 2718 1443 2769; x_wconf 85' lang='lat' dir='ltr'>diligat,</span> <span class='ocrx_word' id='word_1_285' title='bbox 1472 2729 1616 2769; x_wconf 89' lang='lat' dir='ltr'>usque</span> <span class='ocrx_word' id='word_1_286' title='bbox 1647 2719 1764 2760; x_wconf 90' lang='lat' dir='ltr'>adeo</span> 
     </span>
     <span class='ocr_line' id='line_1_37' title="bbox 138 2788 1765 2840; baseline 0.001 -11"><span class='ocrx_word' id='word_1_287' title='bbox 138 2795 187 2829; x_wconf 91' lang='lat' dir='ltr'>ut</span> <span class='ocrx_word' id='word_1_288' title='bbox 214 2800 308 2829; x_wconf 92' lang='lat' dir='ltr'>non</span> <span class='ocrx_word' id='word_1_289' title='bbox 335 2789 489 2828; x_wconf 91' lang='lat' dir='ltr'>minus</span> <span class='ocrx_word' id='word_1_290' title='bbox 514 2788 640 2828; x_wconf 88' lang='lat' dir='ltr'>illam</span> <span class='ocrx_word' id='word_1_291' title='bbox 667 2789 839 2828; x_wconf 91' lang='lat' dir='ltr'>habere</span> <span class='ocrx_word' id='word_1_292' title='bbox 865 2789 940 2829; x_wconf 90' lang='lat' dir='ltr'>hic</span> <span class='ocrx_word' id='word_1_293' title='bbox 975 2789 1207 2840; x_wconf 90' lang='lat' dir='ltr'>possimus</span> <span class='ocrx_word' id='word_1_294' title='bbox 1242 2800 1297 2828; x_wconf 84' lang='lat' dir='ltr'>ac</span> <span class='ocrx_word' id='word_1_295' title='bbox 1328 2794 1524 2829; x_wconf 89' lang='lat' dir='ltr'>matrem</span> <span class='ocrx_word' id='word_1_296' title='bbox 1559 2790 1765 2830; x_wconf 89' lang='lat' dir='ltr'>omnium</span> 
     </span>
     <span class='ocr_line' id='line_1_38' title="bbox 138 2858 1764 2912; baseline 0.002 -14"><span class='ocrx_word' id='word_1_297' title='bbox 138 2859 521 2910; x_wconf 82' lang='lat' dir='ltr'>benignissimam</span> <span class='ocrx_word' id='word_1_298' title='bbox 541 2866 585 2899; x_wconf 92' lang='lat' dir='ltr'>et</span> <span class='ocrx_word' id='word_1_299' title='bbox 607 2858 851 2899; x_wconf 89' lang='lat' dir='ltr'>fautricem</span> <span class='ocrx_word' id='word_1_300' title='bbox 872 2859 1224 2910; x_wconf 88' lang='lat' dir='ltr'>pientissimam.</span> <span class='ocrx_word' id='word_1_301' title='bbox 1247 2860 1383 2912; x_wconf 91' lang='lat' dir='ltr'>Jesus</span> <span class='ocrx_word' id='word_1_302' title='bbox 1401 2860 1527 2900; x_wconf 91' lang='lat' dir='ltr'>illam</span> <span class='ocrx_word' id='word_1_303' title='bbox 1542 2867 1586 2900; x_wconf 89' lang='lat' dir='ltr'>et</span> <span class='ocrx_word' id='word_1_304' title='bbox 1604 2872 1764 2902; x_wconf 84' lang='lat' dir='ltr'>omnes</span> 
     </span>
     <span class='ocr_line' id='line_1_39' title="bbox 139 2930 668 2982; baseline 0.002 -12"><span class='ocrx_word' id='word_1_305' title='bbox 139 2936 364 2982; x_wconf 91' lang='lat' dir='ltr'>perpetuo</span> <span class='ocrx_word' id='word_1_306' title='bbox 386 2930 668 2971; x_wconf 87' lang='lat' dir='ltr'>consoletur.</span> 
     </span>
    </p>

    <p class='ocr_par' dir='ltr' id='par_1_6' title="bbox 220 3000 1763 3054">
     <span class='ocr_line' id='line_1_40' title="bbox 220 3000 1763 3054; baseline 0.002 -14"><span class='ocrx_word' id='word_1_307' title='bbox 220 3000 323 3040; x_wconf 91' lang='lat' dir='ltr'>Non</span> <span class='ocrx_word' id='word_1_308' title='bbox 344 3000 507 3040; x_wconf 87' lang='lat' dir='ltr'>tacebo</span> <span class='ocrx_word' id='word_1_309' title='bbox 528 3000 763 3040; x_wconf 89' lang='lat' dir='ltr'>hominem</span> <span class='ocrx_word' id='word_1_310' title='bbox 785 3001 1032 3052; x_wconf 89' lang='lat' dir='ltr'>quemdam</span> <span class='ocrx_word' id='word_1_311' title='bbox 1056 3004 1119 3049; x_wconf 74' lang='lat' dir='ltr'>(ut</span> <span class='ocrx_word' id='word_1_312' title='bbox 1140 3001 1300 3049; x_wconf 82' lang='lat' dir='ltr'>fertur)</span> <span class='ocrx_word' id='word_1_313' title='bbox 1329 3001 1542 3052; x_wconf 85' lang='lat' dir='ltr'>divitem,</span> <span class='ocrx_word' id='word_1_314' title='bbox 1571 3003 1648 3054; x_wconf 90' lang='lat' dir='ltr'>qui</span> <span class='ocrx_word' id='word_1_315' title='bbox 1669 3010 1763 3043; x_wconf 70' lang='lat' dir='ltr'>tres</span> 
     </span>
    </p>
   </div>
  </div>
 </body>
</html>
