2074 3179
902 176 984 212 Ax.
1016 175 1106 213 1552
1749 178 1820 213 6⁴29

268 272 477 322 Quatuor
498 271 639 311 etiam
661 283 719 312 ex
740 272 962 312 fratribus
979 271 1110 322 jussu
1132 271 1352 322 Episcopi
1374 272 1420 311 in
1441 272 1640 311 diversis
1662 284 1818 312 mona-

188 343 342 382 steriis
363 347 406 382 et
429 342 665 382 coenobiis
686 343 774 382 hac
798 343 1157 394 quadragesima
1180 342 1443 382 concionati
1464 349 1586 382 sunt.

271 412 404 462 Quod
426 411 485 452 ad
506 412 815 453 confessionis
837 419 1182 453 sacramentum
1203 413 1380 463 attinet,
1411 414 1541 453 multi
1568 413 1642 453 hic
1670 415 1819 453 omnis

186 484 373 535 generis
388 490 433 523 et
451 483 728 524 conditionis
745 483 947 524 confessi
964 490 1084 534 sunt,
1105 496 1160 524 ac
1176 484 1222 523 in
1235 484 1332 524 dies
1350 484 1501 524 adhuc
1519 484 1814 535 confitentur,

187 562 233 594 et
250 554 574 594 Eucharistiae
591 553 944 595 Sacramentum
962 561 1164 600 sumunt:
1189 561 1247 605 et,
1272 561 1320 595 ut
1342 555 1453 595 illud
1469 555 1654 605 addam,
1673 556 1721 595 P.
1743 568 1817 595 no-

188 631 282 664 ster
316 625 579 671 Bobadilla,
617 625 737 665 inter
772 626 969 677 plurima
997 626 1207 677 negotia,
1235 626 1399 677 quibus
1421 626 1671 666 obstrictus
1699 633 1814 676 erat,

188 696 401 746 legendo,
427 696 648 746 curando,
673 703 717 736 et
739 696 963 736 familiam
984 696 1287 745 moderando,
1311 697 1618 748 plurimorum
1640 697 1816 737 confes-

188 767 366 806 sionem
388 767 579 807 audivit.
604 767 742 807 Pater
764 768 905 807 etiam
927 768 1042 807 alter
1064 767 1137 807 1116
1158 768 1314 807 111111115
1335 767 1435 807 Deo
1457 768 1606 807 sacris
1627 768 1816 817 virgini-

186 838 270 877 bus
292 838 337 877 in
360 838 558 878 diversis
579 838 694 878 10615
715 850 741 878 a
763 838 1055 878 confessione
1076 838 1177 889 fuit3
1200 838 1322 878 idem
1344 839 1391 878 in
1408 850 1597 879 carcere
1614 839 1812 890 publico,

188 909 234 948 in
256 920 346 959 quo
374 910 644 960 plerumque
673 909 763 949 duo
790 909 932 949 millia
961 910 1256 961 captivorum
1286 910 1464 950 inclusa
1492 916 1617 961 sunt,
1642 910 1814 961 aliquo-

187 991 288 1018 rum
311 979 651 1020 confessionem
673 981 867 1030 audivit3
893 981 995 1020 aliis
1017 993 1130 1020 vero
1148 981 1254 1020 huic
1271 980 1574 1021 Sacramento
1591 994 1685 1021 non
1701 982 1815 1021 satis

186 1050 411 1090 accinctis
433 1051 740 1091 concionatus
762 1059 845 1091 cst.
878 1051 1053 1091 Eodem
1083 1052 1224 1092 etiam
1250 1053 1341 1092 loci
1368 1053 1482 1092 alter
1512 1052 1698 1104 quidam
1725 1053 1814 1092 fra-

186 1127 257 1160 ter
278 1121 583 1160 concionatus
605 1128 687 1161 est.
713 1121 770 1162 Et
792 1129 840 1162 ut
862 1123 1004 1161 semel
1025 1123 1178 1162 omnia
1201 1123 1256 1162 de
1283 1129 1547 1163 nostrorum
1579 1124 1814 1164 exercitiis

185 1191 485 1241 concludam,
524 1191 739 1232 effectum
774 1200 863 1243 est,
897 1199 944 1232 ut
975 1194 1063 1234 Dei
1092 1194 1246 1244 gratia
1276 1205 1370 1234 non
1399 1195 1551 1245 pauci,
1584 1193 1680 1244 jam
1710 1206 1812 1246 pro-

182 1262 258 1302 cul
277 1262 334 1302 ab
357 1262 466 1301 ovili
488 1262 660 1302 Christi
680 1263 867 1314 profugi
889 1276 944 1304 ac
965 1265 1230 1315 errabundi,
1255 1265 1420 1316 pedem
1442 1266 1724 1305 revocarint.
1745 1266 1812 1305 In-

183 1332 305 1372 dicio
327 1339 447 1384 sunt,
472 1333 549 1384 qui
570 1345 692 1372 nunc
714 1345 772 1373 ex
794 1335 1114 1375 sordidissima
1132 1336 1229 1375 vita
1248 1336 1483 1376 Christum
1500 1336 1583 1376 sub
1601 1336 1812 1376 obedien—

184 1404 277 1444 tiae
300 1403 412 1455 jugo
443 1403 635 1444 fideliter
670 1405 898 1445 inservire
934 1413 1200 1457 coeperunt,
1239 1412 1283 1446 et
1318 1407 1396 1446 alii
1430 1407 1575 1457 multi,
1612 1407 1689 1458 qui
1724 1407 1812 1447 hoc

185 1475 307 1514 idem
328 1487 623 1527 summopere
645 1475 881 1516 affectant.
906 1478 1184 1518 Benedictus
1206 1478 1436 1517 Dominus
1457 1478 1503 1517 in
1531 1479 1755 1518 omnibus.

265 1546 455 1586 Fratres
475 1558 566 1586 una
589 1558 749 1586 omnes
772 1548 941 1598 oppido
963 1555 1059 1588 tam
1081 1560 1276 1599 corpore
1299 1560 1439 1599 quam
1460 1549 1615 1588 animo
1636 1550 1808 1599 valent,

186 1623 231 1656 et
252 1617 420 1656 mirum
441 1617 487 1656 in
508 1618 696 1658 modum
719 1618 923 1670 quotidie
945 1631 1039 1659 non
1061 1620 1210 1659 solum
1231 1620 1277 1659 in
1304 1620 1470 1659 litteris
1490 1609 1572 1659 sed
1592 1626 1636 1660 et
1658 1620 1704 1660 in
1725 1621 1811 1671 spi-

188 1687 279 1727 ritu
305 1694 594 1739 promovent.

263 1759 367 1812 Jam
401 1760 475 1799 hic
509 1759 647 1800 finem
680 1761 905 1801 narrandi
940 1761 1095 1801 facere
1131 1768 1409 1811 statueram,
1442 1762 1489 1801 ni
1524 1774 1732 1802 summus
1766 1763 1813 1802 in

186 1842 270 1870 nos
308 1830 481 1870 civium
514 1830 650 1871 favor
684 1838 843 1872 tantus
878 1839 1020 1883 esset,
1058 1840 1107 1872 ut
1148 1833 1336 1873 omnino
1372 1833 1642 1873 conniventi
1678 1835 1811 1873 oculo

185 1901 299 1940 haec
337 1907 716 1953 praetercurrere
764 1915 857 1943 non
904 1904 1103 1943 valeam.
1151 1902 1292 1954 Cujus
1331 1904 1397 1943 rei
1436 1905 1649 1956 exempla
1695 1905 1811 1944 haec

184 1972 348 2011 habeo:
372 1972 508 2023 quod,
533 1974 876 2024 quamprimum
904 1974 1155 2014 adventum
1183 1981 1393 2014 nostrum
1414 1974 1538 2014 fama
1561 1976 1809 2027 cepissent,

183 2043 402 2082 continuo
425 2044 514 2082 huc
535 2044 814 2084 catervatim
834 2045 1087 2084 salutatum
1104 2051 1420 2096 accurrerent;
1445 2046 1575 2086 multi
1597 2046 1738 2086 etiam
1754 2059 1811 2086 ex

181 2114 497 2164 optimatibus
521 2114 599 2165 qui
619 2120 717 2154 tum
736 2114 856 2154 inter
878 2115 994 2155 alios
1016 2115 1225 2166 aderant,
1249 2122 1434 2167 praeter
1455 2116 1515 2167 id,
1537 2117 1658 2168 quod
1678 2118 1812 2158 nobis

181 2185 639 2235 congratularentur,
678 2197 884 2225 summas
919 2186 1100 2237 gratias
1136 2186 1235 2226 Deo
1257 2187 1431 2238 optimo
1466 2187 1670 2228 Maximo
1705 2200 1809 2239 age-

181 2254 308 2304 bant,
333 2256 411 2306 qui
432 2255 657 2295 immensa
680 2267 765 2296 sua
792 2256 998 2296 bonitate
1019 2257 1275 2297 maximum
1295 2257 1382 2298 hoc
1410 2258 1683 2299 beneficium
1705 2260 1810 2299 huic

180 2326 379 2376 civitati,
404 2327 449 2366 in
472 2326 737 2366 christianis
766 2327 972 2367 moribus
1000 2334 1095 2368 tam
1120 2330 1304 2369 nutanti
1330 2342 1385 2370 ac
1406 2331 1562 2370 multis
1587 2332 1702 2371 locis
1730 2333 1809 2372 mi-

178 2408 281 2436 sere
302 2397 490 2447 labenti,
517 2397 810 2438 contribuere
832 2397 1051 2449 dignatus
1073 2400 1146 2450 sit;
1169 2405 1213 2439 et
1233 2411 1346 2440 sane
1368 2401 1433 2441 ita
1460 2413 1535 2441 res
1561 2402 1714 2442 habet.
1739 2403 1807 2443 Ci-

176 2467 300 2506 vitas
323 2467 446 2507 enim
468 2467 584 2507 haec
608 2469 961 2519 corruptissima
984 2475 1067 2519 est,
1092 2476 1136 2510 et
1153 2471 1356 2511 maxime
1373 2470 1606 2522 juventus.
1627 2473 1722 2513 Nec
1740 2485 1806 2513 so-

176 2538 269 2577 lum
291 2538 468 2578 nobiles
489 2538 552 2578 1111
574 2539 705 2579 1111110
727 2539 929 2580 invisum
950 2552 1035 2580 nos
1055 2548 1304 2590 venerunt,
1328 2542 1410 2582 sed
1431 2550 1474 2582 et
1496 2543 1700 2595 quotidie
1720 2544 1806 2585 fre-

174 2615 368 2659 quentes
391 2609 572 2648 adsunt.
598 2609 722 2650 Inter
742 2610 991 2661 primarios
1013 2612 1116 2651 illos
1137 2612 1280 2663 viros,
1305 2612 1505 2664 quidam,
1531 2626 1584 2654 eo
1606 2626 1697 2665 quo
1728 2615 1803 2655 ad-

173 2680 387 2719 venimus
408 2680 496 2729 die,
520 2680 605 2719 sub
626 2686 826 2731 noctem,
850 2682 1054 2722 omnium
1074 2682 1270 2722 fratrum
1291 2683 1447 2734 pedes,
1471 2696 1592 2735 aqua
1613 2685 1659 2724 in
1680 2685 1804 2726 hunc

174 2762 308 2790 usum
330 2750 499 2801 oppido
520 2758 700 2801 parata,
723 2752 871 2792 lotum
890 2753 1031 2793 venit.
1056 2752 1215 2805 Nuper
1236 2754 1347 2794 item
1367 2755 1598 2805 Legatum
1618 2755 1800 2796 Pontifi-

173 2821 241 2860 cis
263 2821 519 2861 invisimus.
543 2821 663 2862 Huic
684 2822 894 2873 profecto
918 2823 1092 2863 homini
1110 2825 1360 2875 plurimum
1376 2831 1419 2865 et
1439 2826 1741 2867 humanitatis
1758 2834 1802 2868 et

173 2892 415 2932 charitatis
437 2892 570 2943 inest;
595 2893 677 2932 sed
705 2893 872 2933 mirum
902 2893 1028 2934 dictu
1054 2902 1278 2946 quantum
1304 2896 1562 2937 institutum
1590 2904 1801 2938 nostrum

172 2963 327 3001 animo
351 2963 470 3002 illius
491 2963 783 3014 satisfecerit;
807 2964 945 3004 immo
969 2977 1113 3017 usque
1134 2966 1250 3006 adeo
1277 2968 1474 3019 placuit,
1498 2976 1547 3008 ut
1574 2980 1624 3009 se
1653 2976 1799 3009 totum
