2074 3179
903 170 985 207 ΑΝ.
1018 170 1108 208 1552
1747 169 1826 205 4892

186 270 396 322 physicis
431 281 621 321 operam
654 270 802 317 dedit,
834 282 860 309 a
888 269 1044 308 multis
1067 268 1163 319 jam
1191 267 1352 307 diebus
1379 265 1624 306 Societatis
1656 278 1816 306 amore

188 341 406 392 flagravit
427 347 470 380 et
492 340 643 380 adhuc
666 341 830 380 ardere
852 339 1194 391 quodammodo
1218 338 1417 377 videtur.
1441 337 1617 376 Verum
1641 336 1689 376 P.
1720 337 1815 376 Do—

186 413 339 452 minus
366 411 559 459 Paulus‚
584 418 633 451 ut
655 423 817 451 eorum
837 411 1095 463 periculum
1116 409 1257 449 faciat
1286 409 1599 457 constantiae,
1635 414 1678 446 et
1713 420 1814 458 pro-

186 484 261 523 bet
283 495 343 523 an
364 483 411 522 hi
432 483 622 534 spiritus
645 495 669 522 a
693 483 793 523 Deo
818 483 928 531 sint,
953 483 1217 532 ingressum
1244 479 1430 519 differre
1455 478 1815 530 prudentissime

187 554 347 594 voluit.

265 624 461 665 Cuidam
483 626 616 665 alteri
636 625 912 676 paedagogo
934 625 1058 675 gallo
1077 623 1197 663 RQS
1217 625 1263 664 in
1288 622 1474 663 Christo
1498 622 1636 662 Pater
1659 621 1814 661 Domi-

185 707 272 736 nus
288 696 461 736 Paulus
479 696 670 736 tradidit
690 696 933 745 exercitia,
953 696 1028 747 qui
1048 697 1348 736 vehementer
1374 700 1598 746 expetens
1630 705 1655 732 a
1683 693 1816 732 nobis

187 767 369 807 admitti
396 773 440 807 et
475 768 662 807 saeculo
697 767 910 807 nuntium
938 768 1195 818 remittere,
1228 778 1387 806 morae
1421 764 1647 816 longioris
1675 764 1816 815 impa-

185 839 305 878 tiens
326 838 371 877 in
394 839 669 878 coenobium
690 839 1029 878 monachorum
1050 837 1208 878 Sancti
1230 837 1469 878 Benedicti
1501 836 1756 885 concessit,
1790 848 1814 874 a

184 921 275 960 quo
296 921 389 949 non
413 910 511 949 sine
532 910 705 949 nostris
736 908 945 949 fidelibus
974 909 1029 948 de
1059 910 1134 948 illo
1163 908 1440 948 testimoniis
1468 907 1699 947 admissus
1730 913 1813 946 est.

186 980 321 1031 Tres,
346 981 424 1032 qui
446 987 715 1020 nostrorum
735 981 878 1020 multo
899 986 1108 1032 tempore
1129 980 1320 1020 Patrum
1341 979 1515 1019 alumni
1535 979 1740 1027 fuerant,
1774 983 1817 1017 et

186 1051 243 1091 ab
264 1051 378 1102 ipsis
398 1051 715 1102 spiritualibus
737 1052 971 1092 exercitiis
992 1051 1190 1095 educati.
1217 1052 1449 1091 dictorum
1471 1051 1614 1100 vulgo
1638 1050 1816 1100 Capuc-

185 1122 397 1161 cinorum
417 1121 758 1173 professionem
780 1129 886 1162 sunt
907 1123 1074 1171 secuti3
1098 1129 1296 1173 suntque
1316 1122 1447 1162 multi
1469 1132 1580 1173 prae
1603 1121 1816 1160 manibus

185 1192 262 1242 qui
280 1192 442 1232 eodem
465 1193 786 1244 propendeant
803 1199 848 1232 et
869 1193 1164 1233 inclinentur.
1190 1192 1377 1233 Summa
1401 1192 1589 1232 Domini
1609 1192 1815 1242 benigni-

185 1271 257 1302 tas
296 1269 461 1303 eorum
495 1269 708 1303 sanctam
744 1263 1018 1304 confirment
1053 1270 1097 1304 et
1133 1264 1337 1304 stabiliat
1372 1264 1678 1303 voluntatem.
1716 1262 1818 1302 Non

185 1334 352 1373 desunt
383 1346 440 1374 ex
469 1334 643 1374 nostris
674 1335 752 1385 qui
788 1335 1060 1375 ardentibus
1095 1335 1302 1386 ipsorum
1337 1334 1580 1374 desideriis
1612 1334 1816 1373 fomenta

185 1404 448 1456 subjiciant,
468 1412 516 1445 ut
538 1406 660 1445 hunc
682 1406 853 1456 ignem,
874 1413 1097 1457 quantum
1114 1407 1310 1457 possint,
1330 1418 1422 1445 non
1440 1406 1589 1445 solum
1610 1405 1818 1445 nutriant

189 1476 272 1516 sed
292 1477 436 1516 multo
459 1477 611 1528 magis
634 1477 908 1517 accendant.

264 1546 393 1587 Haec
415 1554 537 1598 sunt,
560 1547 661 1588 R.de
682 1548 728 1588 in
750 1547 937 1588 Christo
959 1548 1025 1599 P„
1051 1560 1169 1600 quae
1192 1549 1247 1588 de
1278 1555 1467 1588 nostrae
1493 1549 1659 1588 vineae
1690 1549 1816 1588 cultu

184 1618 267 1657 tibi
292 1618 454 1669 paucis
488 1619 735 1659 scribenda
772 1619 1004 1659 duximus.
1033 1619 1280 1671 Reliquum
1309 1626 1398 1667 est,
1432 1626 1481 1659 ut
1509 1620 1621 1670 tuis,
1652 1619 1825 1671 quibus

182 1689 432 1740 plurimum
452 1696 605 1741 potes,
631 1691 851 1742 precibus
874 1703 964 1742 quo
987 1691 1046 1731 ad
1067 1692 1215 1731 nostri
1238 1692 1471 1742 possimus
1493 1691 1648 1742 operis
1669 1690 1816 1742 perfe-

182 1759 381 1799 ctionem
399 1759 575 1812 juvari‚
601 1767 826 1812 quotquot
848 1761 923 1801 hic
946 1773 1120 1812 summ,
1148 1762 1404 1802 humillime
1421 1762 1816 1802 commendemus.

184 1830 317 1870 Vale.

264 1901 442 1952 Quarto
464 1915 614 1944 nonas
634 1903 846 1956 Januarii
871 1903 986 1944 1552.

263 1973 496 2014 Panormi.

263 2044 390 2084 Tuus
411 2045 628 2085 minimus
650 2046 696 2086 in
717 2046 903 2086 Christo
925 2046 1045 2086 filius
1067 2053 1111 2086 et
1132 2059 1312 2095 servus,

1118 2189 1325 2241 JOANNEs
1347 2189 1596 2230 ROGERIUs.

265 2400 631 2451 superscriptio.
655 2403 682 2448 †
703 2401 762 2441 Al
778 2401 921 2442 Molto
938 2401 1039 2442 R.d0
1055 2402 1100 2442 in
1118 2402 1304 2442 Christo
1322 2402 1472 2443 Padre
1489 2403 1519 2442 il
1536 2403 1584 2443 P.
1605 2412 1684 2444 m.S
1707 2405 1817 2456 (εἰς)

183 2471 365 2521 Ignatio
387 2471 443 2511 de
464 2471 660 2523 Loyola,
680 2471 922 2524 Preposito
941 2473 1171 2514 Generale
1194 2474 1312 2514 della
1335 2473 1589 2526 Compag.a
1610 2475 1665 2515 de
1686 2477 1811 2529 Jesu.

186 2542 227 2582 A
248 2541 411 2582 Roma.

264 2613 415 2653 Manu
437 2614 486 2666 J.
512 2614 604 2654 Plz.
641 2614 762 2654 Vito:
783 2614 932 2666 Quad.
952 2615 1205 2668 Panormo,
1229 2618 1253 2658 2
1275 2618 1318 2658 di
1340 2618 1542 2659 Genaro.

265 2685 328 2725 Et
348 2685 469 2725 alia:
489 2686 719 2727 PalermO.

264 2756 374 2796 Alia
391 2756 587 2807 denique
602 2757 799 2808 antiqua
816 2770 988 2799 manus
1003 2759 1236 2800 calamum
1253 2761 1473 2811 tentavit,
1477 2761 1635 2812 Juxta
1650 2767 1812 2813 snper-

183 2827 487 2878 §captionem
503 2827 692 2868 litteras
708 2833 751 2869 et
767 2830 1103 2871 vocabulorum
1109 2832 1284 2881 frusta
1301 2833 1549 2872 exarando
1561 2832 1647 2873 lzoc
1658 2834 1811 2873 modo.

184 2898 225 2937 D
245 2921 292 2925 ——
311 2898 422 2938 ΑΙ-
440 2898 511 2938 fra
528 2921 578 2926 —
594 2899 684 2952 Jhu
701 2923 752 2928 —
768 2900 810 2940 D
827 2924 878 2930 —
894 2901 1014 2941 R.d¹¹S
1031 2924 1080 2929 —
1096 2901 1183 2942 fra.
