2074 3179
756 184 759 186 “
820 184 822 186 ’
858 176 941 213 ΑΝ.
973 175 1064 213 1552
1706 175 1788 215 699'

144 284 226 312 cas
263 278 418 312 autem
454 273 776 313 conclusiones
811 273 1082 325 saepissime
1117 272 1359 313 defensare
1399 273 1630 323 cogimur,
1668 275 1776 324 quia

144 355 238 383 non
266 355 439 395 magna
462 349 530 384 est
552 344 978 396 condiscipulorum
999 344 1259 384 multitudo.

225 415 362 455 Pater
391 414 616 455 Melchior
649 415 872 456 CarneIro
900 416 945 455 in
977 416 1113 455 vinea
1139 415 1328 455 Domini
1349 426 1433 466 pro
1455 415 1632 455 viribus
1653 415 1776 454 labo-

145 491 239 535 rat,
266 492 426 537 atque,
451 485 639 526 favente
669 486 896 537 Domino,
930 487 1072 526 multo
1103 485 1250 537 major
1281 486 1327 525 in
1358 486 1456 525 dies
1476 485 1656 525 fructus
1678 497 1777 525 suc-

148 557 332 596 crescit.
357 557 407 596 In
430 557 519 597 hac
542 557 906 608 quadragesima
932 569 1038 597 cum
1065 569 1158 597 non
1186 557 1357 607 exigua
1380 557 1641 596 animarum
1661 556 1779 596 utili-

144 632 241 667 tate
265 628 575 668 concionatus
597 634 691 679 est;
715 629 777 668 ita
800 634 955 668 tamen
982 628 1287 668 concionibus
1311 627 1624 677 deserviebat,
1649 633 1698 667 ut
1720 627 1777 666 ab

145 698 391 738 audiendis
413 698 783 739 confessionibus
809 711 901 739 non
924 704 1151 747 cessaret,
1182 710 1353 750 neque,
1378 698 1416 738 si
1437 699 1596 748 vellet,
1620 698 1777 747 credO,

143 769 385 819 potuisset.
410 770 611 810 Tantum
633 769 754 810 enim
784 771 927 810 animi
954 768 1172 810 affectum
1199 770 1321 821 gerit
1349 769 1425 809 hic
1446 770 1644 821 populus
1665 780 1779 820 erga

145 839 453 890 Societatem,
477 847 524 881 ut
546 842 687 882 etiam
711 841 907 881 invitum
925 840 983 881 ad
1001 840 1300 892 audiendum,
1325 848 1374 881 ut
1395 840 1601 891 videtur,
1625 846 1804 880 essent.

145 911 442 961 pertracturi.

228 982 493 1022 Transacta
529 983 912 1035 quadragesima,
949 983 1223 1023 existimans
1257 982 1481 1034 majorem
1516 983 1780 1022 animarum

144 1053 392 1092 utilitatem
414 1060 716 1104 sequuturam
734 1087 741 1104 ,
761 1054 799 1093 si
816 1060 940 1094 totus
956 1065 1005 1094 se
1022 1053 1394 1094 confessionibus
1417 1053 1605 1093 dederet
1624 1054 1779 1102 (abun-

149 1123 228 1162 dat
252 1123 375 1163 enim
396 1124 514 1164 haec
536 1125 707 1165 civitas
730 1125 1162 1175 concionatoribus,
1193 1125 1588 1164 confessariorum
1609 1131 1783 1174 autem,

147 1194 225 1245 qui
261 1194 307 1234 id
341 1205 510 1234 munus
546 1195 685 1246 digne
725 1202 1040 1247 exequantur,
1078 1207 1250 1247 magna
1286 1196 1441 1247 inopia
1478 1201 1566 1246 est,
1603 1196 1641 1235 si
1676 1207 1784 1235 cum

147 1276 312 1305 eorum
341 1277 536 1305 numero
566 1273 882 1317 comparetur,
914 1267 991 1318 qui
1021 1279 1048 1306 a
1078 1267 1386 1307 sacramentis
1407 1267 1653 1306 vulnerum
1680 1279 1780 1306 suo-

148 1347 253 1376 rum
275 1336 532 1376 remedium
554 1338 816 1388 expetunt),
841 1337 1145 1377 concionibus
1164 1338 1360 1386 relictis,
1387 1337 1445 1377 ad
1467 1337 1788 1377 confessiones

153 1407 412 1448 audiendas
440 1419 489 1448 se
520 1414 668 1448 totum
690 1409 936 1448 convertit.
972 1408 1132 1459 Itaque
1159 1408 1205 1448 in
1232 1409 1429 1448 ecclesia
1451 1407 1640 1459 majori,
1664 1420 1784 1459 quae

151 1490 299 1531 prope
334 1485 428 1530 est,
459 1479 665 1531 quotidie
696 1486 791 1519 tam
823 1491 960 1520 mane
995 1491 1133 1531 quam
1164 1491 1359 1531 vespere
1390 1479 1601 1529 sedebat,
1638 1480 1782 1519 veluti

148 1555 256 1590 ante
296 1550 708 1602 quadragesimam
743 1550 899 1590 facere
938 1556 1268 1601 consueverat3
1304 1551 1425 1590 unde
1464 1550 1560 1590 fere
1599 1561 1785 1601 semper

145 1627 388 1661 transacto
417 1622 603 1673 prandii
631 1628 842 1673 tempore
873 1621 931 1661 ad
967 1622 1216 1673 prandium
1245 1622 1476 1661 veniebat.
1512 1621 1783 1673 Cogebatur

145 1698 304 1732 tamen
340 1692 593 1744 aliquando
629 1693 787 1733 sedem
821 1693 866 1733 in
904 1693 1102 1733 ecclesia
1134 1692 1299 1743 majori
1334 1693 1393 1732 ad
1428 1699 1610 1744 tempus
1645 1693 1781 1732 relin-

145 1774 309 1814 quere,
345 1770 395 1804 ut
431 1764 683 1804 multarum
717 1764 938 1804 nobilium
973 1770 1297 1804 matronarum
1330 1764 1628 1815 petitionibus
1663 1765 1779 1804 satis

144 1833 344 1885 faceret,
371 1835 689 1875 confessiones
717 1847 826 1875 suas
857 1836 914 1875 ab
941 1835 1042 1886 ipso
1073 1836 1224 1875 audiri
1250 1836 1616 1887 postulantibus,
1642 1848 1779 1886 quae,

142 1905 218 1944 Vel
254 1911 445 1956 propter
480 1906 729 1946 adversam
762 1907 1097 1956 valetudinem,
1137 1908 1212 1946 vel
1246 1907 1362 1946 alias
1397 1907 1455 1946 ob
1490 1918 1679 1957 causas,
1719 1906 1778 1946 ad

144 1977 399 2016 ecclesiam
429 1988 659 2017 summam
688 1978 850 2017 venire
877 1989 969 2017 non
1000 1984 1230 2028 poterant.
1263 1978 1364 2017 Hac
1394 1978 1441 2017 in
1470 1990 1520 2018 re
1550 1978 1778 2017 hactenus

143 2048 494 2098 perseveravit,
518 2053 562 2087 et
584 2049 725 2087 semel
754 2055 934 2088 tantum
964 2054 1069 2099 post
1095 2048 1507 2099 quadragesimam
1528 2049 1775 2088 conciona-

144 2123 218 2157 tus
242 2124 332 2167 est,
362 2118 662 2169 petitionibus
685 2119 993 2169 quarumdam
1013 2119 1284 2159 monialium
1310 2125 1610 2170 provocatus.
1638 2119 1777 2159 Modo

144 2193 193 2227 ut
223 2189 369 2228 etiam
396 2188 452 2228 iis
483 2189 800 2239 satisfaceret,
834 2190 910 2241 qui
939 2190 995 2228 ab
1023 2201 1077 2229 eo
1106 2190 1272 2230 instrui
1299 2190 1345 2229 in
1373 2190 1583 2229 oratione
1604 2196 1648 2230 et
1674 2202 1777 2230 san-

144 2259 233 2298 ctis
254 2260 492 2299 exercitiis
513 2259 799 2311 desiderant,
823 2266 1005 2311 tempus
1027 2260 1213 2312 quidem
1233 2261 1513 2301 matutinum
1528 2261 1575 2300 in
1591 2261 1779 2300 audien—

144 2328 215 2369 dis
251 2330 621 2370 confessionibus
657 2331 703 2370 in
739 2331 996 2371 cathedrali
1031 2332 1229 2371 ecclesia
1264 2332 1517 2372 consumit:
1554 2332 1779 2383 vesperti-

143 2411 255 2440 num
276 2406 433 2440 autem
453 2401 499 2441 in
521 2402 763 2442 audiendis
785 2401 1154 2442 confessionibus
1175 2403 1451 2454 aliquorum,
1476 2403 1568 2454 qui,
1593 2408 1641 2442 ut
1662 2401 1777 2452 dixi,

144 2470 204 2510 ad
225 2483 330 2511 eam
359 2472 606 2512 ecclesiam
636 2473 795 2513 venire
824 2480 1080 2524 nequeunt,
1114 2480 1158 2513 et
1188 2474 1235 2513 in
1266 2473 1540 2513 exercendis
1571 2479 1708 2524 atque
1730 2473 1776 2512 in

145 2542 358 2582 oratione
380 2542 663 2583 instruendis
684 2544 912 2595 proximis
932 2545 1135 2584 tribuere
1163 2544 1386 2585 decrevit.
1415 2544 1549 2594 Quod
1576 2550 1776 2594 tempus,

144 2618 193 2652 ut
222 2613 364 2653 credo
397 2612 546 2664 [nonP]
578 2614 792 2665 sufficiet,
825 2615 864 2654 si
891 2616 1115 2665 omnium,
1146 2615 1223 2666 qui
1252 2615 1298 2655 id
1326 2620 1509 2666 petunt,
1546 2614 1782 2654 desideria.

144 2684 418 2734 expleturus
438 2684 511 2724 sit.

223 2754 267 2794 A
297 2755 446 2794 tribus
474 2756 772 2796 monasteriis
799 2757 1069 2797 monialium
1099 2757 1356 2797 accersitus
1385 2762 1476 2807 est,
1501 2768 1619 2808 quae
1641 2756 1698 2796 ab
1720 2768 1776 2795 eo

144 2825 191 2864 in
213 2826 424 2865 oratione
446 2826 612 2866 instrui
640 2827 846 2878 cupiunt.
869 2827 920 2867 In
941 2839 1032 2867 uno
1061 2839 1221 2867 eorum
1249 2827 1450 2878 fructus,
1473 2826 1662 2867 favente
1682 2827 1778 2867 Do-

143 2896 292 2947 mino,
314 2908 408 2936 non
442 2897 695 2938 mediocris
723 2899 875 2950 coepit
897 2909 1157 2949 emergere,
1189 2905 1414 2950 quantum
1441 2909 1500 2938 ex
1527 2898 1773 2938 mortifica-

144 2967 286 3007 tionis
316 2979 476 3008 amore
511 2975 554 3008 et
586 2969 712 3009 vitae
743 2970 1000 3010 mutatione
1030 2970 1199 3010 intueri
1232 2969 1352 3010 licet.
1389 2969 1439 3009 In
1470 2970 1560 3009 alio
1592 2980 1777 3021 quoque
