2074 3179
889 122 971 159 ΑΝ.
1003 122 1092 160 1552
1728 125 1800 162 :329

165 231 336 270 genere
357 219 592 282 prognati,
617 219 719 259 aliis
737 219 948 258 stimulus
968 225 1105 270 atque
1123 220 1386 270 exemplum
1403 219 1560 260 futuri.
1584 220 1779 272 Reliquo

167 302 269 330 rum
288 301 510 330 numerus
535 289 671 329 facile
698 289 919 340 brevique
947 295 1095 329 totum
1121 290 1368 340 occupabit
1394 290 1574 341 ludum,
1599 291 1637 330 si
1659 292 1797 331 modo

166 361 472 412 recipiantur;
495 359 560 411 id,
585 360 708 412 quod
736 360 897 400 abnuit
927 359 1156 400 Dominus
1186 359 1417 411 Antistes,
1447 360 1647 401 fortasse
1675 362 1797 402 insu—

166 443 247 482 per
268 431 445 471 veritus
467 431 532 481 (ut
555 431 818 483 conJectare
838 431 960 480 licet)
981 443 1038 471 ne
1060 437 1156 471 tam
1177 431 1332 471 multis
1359 432 1502 482 probe
1530 421 1798 473 erudiendis

167 503 281 542 satis
302 514 404 542 esse
426 514 587 542 omnes
607 514 699 542 non
732 502 984 554 possimus,
1018 502 1188 542 nedum
1219 501 1331 553 duo;
1364 503 1439 542 vel
1466 502 1607 543 etiam
1627 515 1684 543 ne
1707 516 1797 555 qua

167 573 323 613 multis
342 573 622 625 praebeatur
640 572 977 623 ludimagistris
998 573 1224 623 invidiae,
1249 573 1496 613 simultatis
1518 574 1797 614 calumniae-

167 657 253 696 que
274 645 475 684 occasio.
499 643 689 684 Praeest
709 656 961 696 puerorum
983 644 1121 684 classi
1143 644 1191 684 Ρ.
1217 644 1418 685 Caesar¹
1442 644 1670 695 doctrina,
1694 657 1799 696 gra-

167 716 332 762 vitate,
355 715 584 755 industria
605 721 649 755 et
670 715 908 766 diligentia
925 715 1062 754 valde
1080 715 1136 754 ab
1152 715 1222 765 iis,
1247 716 1323 766 qui
1341 727 1446 755 eum
1465 722 1652 763 norunt,
1677 728 1799 756 com-

168 786 428 826 mendatus.
452 785 649 826 Scholae
671 786 825 835 alteri,
850 797 968 837 quae
990 792 1085 825 tum
1107 798 1165 825 ex
1186 786 1408 826 fratribus
1425 787 1598 826 nostris
1619 793 1717 827 tum
1740 801 1798 827 ex

168 857 392 907 externis,
435 857 706 908 disciplinae
745 856 1090 908 capacioribus,
1133 857 1384 908 conflatur,
1427 857 1693 909 praefectus
1730 865 1799 899 est

166 930 372 981 Joannes
394 929 678 977 Gambarus,
711 928 856 968 Teuto
884 928 911 978 ²,
943 929 1020 979 qui
1049 929 1260 968 omnibus
1287 929 1513 969 hactenus
1544 930 1715 970 charus
1736 931 1800 969 vi—

169 1013 247 1040 sus
269 1006 337 1040 est
359 1006 497 1051 atque
519 1005 753 1051 acceptus.
775 999 1149 1040 Praelectionum
1171 1006 1309 1052 atque
1326 1001 1800 1042 exercitamentorum

169 1071 376 1111 omnium
399 1077 526 1110 certa
547 1071 668 1110 ratio
699 1070 991 1122 praescripta
1022 1071 1323 1119 observatur,
1356 1084 1441 1111 nec
1468 1083 1583 1112 cura
1614 1073 1800 1112 modica

169 1150 212 1182 et
228 1141 354 1193 jugis
376 1141 644 1191 adhibetur,
668 1149 717 1181 ut
738 1148 834 1181 tam
860 1153 1042 1181 morum
1070 1153 1209 1193 quam
1236 1142 1499 1195 ,litterarum
1526 1143 1573 1183 in
1602 1144 1700 1183 dies
1723 1156 1798 1183 au-

167 1219 329 1263 gescat
355 1212 611 1264 profectus,
643 1224 779 1263 quem
809 1218 853 1252 et
885 1213 1186 1264 conspicuum
1211 1213 1366 1253 facere
1397 1214 1617 1265 dignatur
1643 1216 1799 1266 gratia

154 1284 400 1332 coelestis,
425 1295 519 1323 non
539 1283 656 1323 citra
691 1283 915 1332 omnium,
947 1283 1024 1335 qui
1050 1284 1231 1334 vident,
1263 1285 1634 1325 aedificationem
1655 1292 1699 1326 et
1721 1299 1799 1338 ap-

169 1356 382 1405 plausum
404 1354 655 1404 ingentem.

246 1425 341 1466 Nec
372 1425 510 1476 friget
542 1425 751 1475 interim,
782 1431 1006 1476 quantum
1032 1425 1139 1465 licet
1166 1437 1248 1477 per
1280 1428 1690 1479 opportunitatem,
1728 1440 1798 1468 sa-

168 1508 356 1537 crorum
384 1496 748 1536 ministeriorum
774 1508 906 1545 usus;
936 1508 1021 1536 nec
1044 1496 1272 1536 obscurus
1298 1497 1404 1537 inde
1430 1499 1799 1549 poenitendusve

168 1574 237 1607 est
257 1573 528 1619 proventus.
554 1567 910 1607 Confessionum
938 1566 1249 1618 frequentiam
1276 1569 1374 1608 sola
1403 1568 1799 1611 confessariorum

166 1639 379 1689 paucitas
409 1638 632 1688 excludit,
663 1649 770 1677 cum
798 1638 992 1678 accedat
1022 1650 1371 1689 nonnumquam
1397 1646 1447 1680 ut
1477 1640 1627 1692 major
1648 1643 1799 1682 audiri

166 1715 364 1761 nequeat
385 1709 740 1760 efflagitantium
758 1720 892 1760 pars;
926 1708 1007 1748 sed
1033 1715 1112 1748 aut
1139 1720 1189 1749 re
1218 1709 1388 1750 infecta
1417 1718 1496 1751 aut
1524 1718 1649 1752 certe
1677 1725 1799 1753 com-

167 1780 490 1831 perendinata,
514 1792 607 1820 non
634 1780 788 1831 aliquo
816 1780 936 1820 forte
964 1780 1063 1820 sine
1093 1780 1391 1832 detrimento,
1425 1783 1558 1833 quasi
1584 1783 1798 1825 frustrati

166 1864 249 1891 suo
281 1851 532 1901 desiderio,
562 1851 646 1890 'sub
679 1857 865 1890 noctem
893 1850 1145 1890 abscedere
1173 1852 1372 1902 cogitur.
1402 1851 1607 1904 Singulis
1635 1855 1798 1896 diebus

166 1923 409 1962 dominicis
445 1929 523 1962 aut
552 1922 668 1962 alias
697 1922 828 1962 festis
855 1923 985 1962 multi
1014 1934 1151 1962 sacra
1179 1935 1342 1963 mensa
1373 1916 1794 1977 communicantur,

166 1994 289 2045 quod
315 1994 485 2034 facturi
512 1999 644 2034 erant
676 1994 831 2044 plures
859 2000 903 2033 et
930 1993 1238 2045 frequentius,
1270 1995 1456 2045 pietatis
1483 2008 1577 2036 non
1611 1998 1798 2049 vulgari

167 2065 319 2105 studio
351 2065 558 2115 accensi,
586 2064 675 2104 nisi
703 2064 842 2104 certis
870 2064 925 2103 de
962 2065 1116 2104 causis
1151 2065 1240 2104 alio
1271 2066 1611 2116 pertinentibus
1641 2069 1796 2109 mode-

168 2135 302 2175 randi
324 2136 609 2176 viderentur.

244 2208 337 2247 mis
358 2207 522 2247 iisdem
539 2206 699 2246 diebus
716 2206 966 2246 conciones
982 2206 1037 2246 de
1059 2218 1187 2247 more
1210 2207 1349 2248 habet
1370 2209 1418 2248 P.
1443 2209 1661 2250 Andreas
1680 2211 1794 2251 Fru-

164 2280 279 2329 sius,
304 2290 420 2330 quas
441 2278 612 2329 populo
632 2283 881 2329 pergratas
901 2289 987 2317 nec
1008 2277 1159 2317 minus
1181 2279 1317 2319 utiles
1337 2291 1439 2319 esse
1461 2282 1663 2322 ostendit
1680 2283 1796 2323 satis

164 2350 361 2389 celebris
390 2349 644 2399 hominum,
676 2360 793 2399 quos
820 2349 1043 2400 ternplum
1076 2349 1158 2388 vix
1185 2350 1310 2401 capit
1337 2362 1712 2404 nonnumquam,
1751 2360 1796 2394 et

164 2423 285 2461 inter
305 2432 384 2460 eos
415 2419 665 2460 celebrium
694 2431 876 2471 quoque
907 2426 950 2459 et
980 2420 1232 2470 insignium
1260 2427 1357 2461 tum
1382 2421 1583 2463 fortunis
1611 2430 1710 2464 tum
1731 2425 1795 2465 di-

165 2493 343 2543 gnitate
365 2503 458 2531 non
489 2502 767 2542 paucorum,
798 2502 1075 2539 concursus;
1106 2503 1288 2532 necnon
1316 2493 1520 2533 liberalis
1542 2495 1793 2547 eleemosy-

165 2574 346 2613 narum,
367 2563 412 2602 in
428 2573 658 2614 pauperes
673 2573 756 2612 per
773 2573 876 2601 eum
893 2563 1266 2613 commendatos,
1288 2565 1500 2614 erogatio
1518 2565 1617 2605 fieri
1638 2567 1790 2618 solita,

163 2641 260 2675 turn
288 2635 444 2686 palam
470 2645 524 2673 eo
552 2633 650 2684 ipso
678 2631 751 2672 die
786 2639 830 2672 et
864 2634 980 2681 locd
1015 2639 1111 2673 tum
1146 2635 1326 2674 occulte
1357 2642 1401 2674 et
1436 2637 1577 2676 aliubi
1613 2644 1791 2689 postea,

163 2704 419 2755 cujusmodi
441 2716 532 2743 una
554 2703 670 2743 haec
691 2703 889 2743 tacenda
911 2715 1003 2743 non
1030 2704 1230 2744 videtur.
1267 2704 1383 2745 Cum
1410 2707 1576 2747 nobilis
1604 2709 1795 2759 quidam

163 2788 334 2826 genere
356 2788 414 2815 ex
440 2774 601 2826 pingui
623 2773 810 2813 fortuna
845 2786 898 2813 eo
937 2775 1157 2814 reductus
1189 2783 1311 2815 esset
1342 2779 1580 2829 egestatis,
1611 2785 1661 2819 ut
1693 2781 1795 2820 reli-

220 2886 227 2905 ¹
270 2886 305 2912 Ρ.
324 2886 452 2913 Caesar
469 2886 590 2913 Helmi.

214 2935 230 2953 2
271 2933 357 2960 Vide
374 2941 487 2968 supra,
501 2941 579 2968 pag.
595 2934 657 2965 518,
675 2938 743 2961 not.
761 2935 784 2960 1.

355 2993 403 3026 Τ.
436 3005 458 3027 ι.
1564 3009 1609 3042 34
