2074 3179
911 123 995 160 ΑΝ.
1026 121 1118 159 1548
1778 115 1831 152 75

923 570 1100 625 XVII

265 786 565 833 Hieronymus
585 784 725 823 Otello

318 850 440 888 Patri
457 850 614 898 Joanni
634 849 688 886 de
706 848 912 885 Polanco.

362 916 497 953 Prato
515 915 538 951 6
555 913 756 962 Januarii
777 911 870 950 1548
886 911 911 946 ¹.

1004 1068 1032 1114 †

275 1214 343 1254 La
364 1213 519 1264 gratia
542 1225 565 1252 e
586 1224 703 1264 pace
725 1211 770 1251 di
791 1208 934 1251 Giesu
951 1209 1137 1249 Christo
1153 1207 1325 1248 Nostro
1341 1205 1539 1257 Signore
1560 1206 1629 1245 sia
1650 1217 1839 1257 sempre

193 1286 302 1325 nelli
325 1284 456 1325 cuori
476 1283 640 1334 nostri,
664 1283 831 1322 Amen.

276 1355 362 1396 Fui
383 1353 604 1396 mandato
627 1353 703 1393 dal
723 1353 772 1392 P.
796 1352 856 1392 M.
881 1350 1038 1392 Giac.⁰
1057 1351 1247 1401 Laynez
1270 1361 1296 1389 a
1316 1348 1491 1389 Pistoia
1511 1360 1595 1400 per
1625 1347 1836 1388 ordinar-

197 1428 260 1467 mi
282 1427 340 1467 da
362 1432 507 1479 prete,
527 1438 551 1466 e
572 1425 735 1477 gionto
758 1436 786 1464 a
801 1423 942 1463 Prato
964 1421 1101 1462 intesi
1122 1421 1153 1461 il
1175 1421 1395 1461 Vescovo
1417 1418 1566 1459 haver
1586 1418 1646 1459 da
1672 1418 1834 1459 venire

194 1500 242 1539 in
263 1499 426 1549 Prato,
459 1509 483 1537 e
504 1496 570 1537 fui
591 1495 883 1546 consegliato
906 1493 951 1533 di
979 1492 1233 1544 aspettarlo
1254 1491 1300 1531 in
1320 1491 1477 1531 Prato.
1506 1491 1544 1530 E
1569 1491 1614 1530 la
1637 1490 1837 1531 mattina.

195 1575 422 1622 seguente
441 1573 617 1609 venuto
641 1568 671 1607 il
690 1565 927 1616 Vescovo,
947 1564 1038 1604 alla
1060 1563 1134 1603 cui
1151 1562 1415 1603 obedientia
1431 1561 1497 1601 fui
1518 1566 1736 1612 soggetto
1752 1572 1838 1613 per

197 1653 291 1682 una
313 1642 477 1681 lettera
499 1640 555 1680 de
577 1639 626 1679 P.
646 1637 705 1679 D.
726 1636 904 1687 Giac.⁰;
928 1648 952 1676 e
975 1634 1225 1676 cominciai
1246 1645 1273 1673 a
1293 1633 1526 1685 predicar,
1544 1632 1715 1684 perche
1736 1634 1835 1672 cosi

195 1713 265 1753 sui
283 1712 520 1763 richiesto,
544 1722 572 1750 a
592 1722 656 1751 un
677 1707 977 1750 monasterio.
1000 1707 1038 1747 E
1057 1705 1230 1758 perche
1252 1705 1490 1756 allogiava
1511 1704 1558 1744 in
1577 1715 1690 1744 casa
1711 1703 1753 1743 d'
1773 1715 1837 1743 un

199 1783 427 1824 canonico
450 1783 524 1823 del
542 1780 798 1822 Duomo'di
817 1779 983 1829 Prato,
1005 1777 1071 1818 fui
1091 1776 1313 1817 richiest'o
1336 1776 1407 1816 da'
1435 1775 1651 1816 canonici
1679 1786 1706 1815 a
1734 1786 1835 1826 pre-

198 1855 330 1895 dicar
350 1855 473 1894 nella
495 1865 579 1894 sua
603 1852 796 1902 chiesia3
814 1862 839 1891 e
859 1849 1099 1890 dimandai
1119 1849 1163 1888 al
1179 1848 1400 1889 Vescovo
1420 1848 1465 1887 13
1484 1847 1678 1896 licenza,
1698 1857 1722 1886 e
1743 1857 1837 1885 non

196 1927 259 1967 mi
279 1927 321 1966 13
346 1926 477 1965 volse
499 1924 633 1974 dare,
658 1921 855 1963 dicendo
877 1921 962 1961 che
989 1920 1127 1960 volea
1154 1919 1239 1959 che
1271 1918 1364 1959 essi
1390 1917 1606 1958 canonici
1632 1918 1668 1957 s'
1691 1917 1836 1957 humi-

196 1998 393 2038 liassero
423 2008 450 2036 3
484 1994 730 2036 dimandar
764 2005 791 2033 3
816 1993 880 2033 1111
907 1997 1072 2043 questo
1103 1990 1314 2038 serviti03
1346 2001 1370 2029 6
1402 1994 1565 2041 questo
1589 1988 1636 2028 fu
1664 1987 1843 2039 perche

197 2081 293 2109 non
315 2071 339 2108 e
366 2074 533 2119 troppo
561 2067 652 2107 ben
679 2065 801 2105 visto
831 2063 940 2104 (13111
970 2062 1201 2103 canonici.
1227 2060 1266 2101 E
1293 2060 1510 2101 havendo
1542 2060 1643 2100 loro
1671 2059 1718 2099 in
1743 2059 1841 2099 mia

201 2139 436 2191 presentia
459 2137 727 2178 dimandato
750 2137 794 2176 31
814 2135 1035 2176 Vescovo
1056 2139 1222 2185 questa
1242 2132 1398 2183 gratia
1419 2131 1465 2171 di
1490 2131 1668 2171 lassare
1696 2130 1767 2170 ch'
1792 2130 1843 2170 io

200 2210 470 2263 predicasse
489 2209 612 2249 nella
632 2209 732 2248 loro
755 2205 951 2257 chiesia‚
975 2218 999 2245 e
1019 2203 1307 2255 havendogli
1337 2213 1563 2243 concessa
1592 2202 1638 2241 13
1663 2201 1838 2252 gratia,

200 2281 411 2333 predicai
429 2281 474 2320 13
495 2279 658 2331 vigilia
680 2278 801 2318 della
821 2275 1087 2328 Epiphania
1107 2287 1131 2315 e
1151 2275 1183 2315 il
1203 2274 1370 2325 giorno
1393 2273 1513 2314 della
1533 2272 1673 2323 festa;
1704 2283 1728 2311 e
1754 2283 1844 2322 per

200 2354 245 2392 13
267 2351 527 2392 Domenica
549 2355 771 2401 seguente
792 2348 839 2388 fu
860 2347 1058 2388 invitato
1078 2346 1111 2386 il
1129 2346 1320 2398 popolo,
1351 2345 1382 2384 11
1407 2345 1543 2396 quale
1570 2354 1763 2384 accorse
1791 2343 1839 2382 in

203 2422 330 2463 assai
353 2420 644 2462 moltitudine
669 2419 728 2459 ad
748 2418 880 2459 udire
901 2419 946 2458 la
966 2417 1131 2469 parola
1152 2416 1225 2457 del
1245 2414 1460 2467 Signore.

281 2493 318 2534 Il
338 2492 559 2533 Vescovo
580 2491 658 2542 poi
680 2491 727 2530 in
748 2501 833 2530 sua
849 2488 1085 2541 presentia
1105 2488 1170 2528 mi
1188 2487 1288 2528 fece
1307 2486 1526 2538 predicar
1546 2485 1602 2526 de
1624 2484 1835 2526 obedien-

201 2565 271 2606 tia
292 2565 352 2606 ad
371 2576 464 2604 uno
486 2575 569 2604 suo
590 2561 875 2603 monasterio
897 2560 942 2600 di
962 2559 1213 2609 monache,
1238 2557 1373 2610 quale
1393 2568 1477 2608 per
1497 2556 1528 2596 il
1550 2562 1706 2608 tempo
1733 2566 1836 2607 pas-

200 2641 325 2687 sato,
350 2648 374 2676 6
398 2635 606 2676 anchora
637 2638 874 2686 presente,
904 2643 998 2672 non
1027 2642 1142 2671 sono
1170 2635 1291 2669 state
1318 2628 1561 2669 obediente
1589 2640 1616 2667 3
1646 2625 1741 2667 Sua
1771 2625 1841 2666 Si-

200 2706 383 2756 gnoria.
408 2705 446 2745 E
466 2705 543 2745 nel
563 2703 818 2744 medesimo
840 2702 1007 2753 giorno
1035 2702 1156 2742 della
1182 2699 1446 2752 Epiphania
1472 2698 1563 2740 feci
1588 2704 1659 2739 tre
1688 2697 1837 2749 predi-

202 2775 309 2817 che:
333 2776 378 2816 13
398 2776 550 2828 prima
571 2787 598 2815 a
621 2773 919 2826 quatuordici
938 2774 1052 2814 hore
1075 2784 1102 2813 a
1122 2772 1228 2824 quel
1248 2770 1533 2810 monasterio
1561 2768 1635 2809 del
1661 2767 1841 2809 Vesco-

261 2935 271 2955 ¹
314 2934 576 2968 Autographum
597 2938 648 2962 est
665 2935 697 2961 in
712 2934 836 2968 duplici
851 2934 930 2961 solio
945 2933 1052 2960 n.-119.
