2074 3179
218 106 291 144 476
733 106 961 144 LmERAE
988 117 1345 150 QUADRIMESTRES

215 207 470 255 antequam
491 202 689 244 Pro-rex
712 200 929 243 Messana
962 202 1243 243 Cathaniam
1269 202 1667 254 proficisceretur,
1696 202 1855 244 Ferdi=

217 274 425 315 nandum
459 280 678 326 nepotem
712 267 847 314 suum
882 273 1150 325 conjunxit,
1189 284 1282 314 non
1317 273 1503 325 quidem
1529 285 1584 314 eo
1613 273 1769 314 animo
1805 281 1855 314 ut

216 351 443 398 perpetuo
467 357 573 386 cum
594 340 768 385 nostris
788 351 1000 385 maneret
1021 344 1103 385 Sed
1123 350 1187 395 ut,
1211 345 1481 396 aliquandiu
1501 357 1608 385 cum
1632 345 1721 384 illis
1749 357 1855 385 con-

218 422 457 468 versatus,
480 416 847 457 bonismoribus
868 428 1028 456 eorum
1048 416 1261 467 exemplo
1283 416 1617 456 institueretur.
1646 416 1735 456 Hic
1756 421 1855 456 tan-

219 493 318 529 t'um
351 489 550 540 profecit
577 495 626 528 ut
657 499 849 539 prorsus
880 488 1029 528 fastus
1057 487 1214 527 curiae
1241 487 1457 527 videatur
1488 487 1670 527 oblitus.
1700 487 1857 527 Primo

217 551 342 600 enim
363 571 470 600 cum
492 560 702 599 venisset
723 559 782 598 ad
803 571 903 609 nos,
924 558 1061 610 jussit
1082 559 1130 598 P.
1155 558 1335 599 Natalis
1356 564 1405 598 ut
1425 558 1473 598 in
1493 559 1645 609 capite
1667 570 1857 599 mensae

217 624 531 679 iecumberet,
570 630 703 681 eique
743 641 932 680 servus,
978 641 1114 681 quem
1153 629 1375 680 habebat,
1419 629 1681 669 inserviret.
1724 629 1857 670 Nunc

218 694 404 753 praeter
428 702 572 752 illum,
600 701 677 752 qui
699 702 935 741 communi
951 713 1141 741 mensae
1164 701 1416 751 ministrat,
1447 700 1585 740 habet
1608 700 1858 751 neminem3

218 780 262 813 ct
282 785 376 813 non
397 774 548 812 solum
571 772 617 812 in
648 772 799 823 primo
827 773 931 812 1000
958 784 1052 812 non
1081 772 1328 822 recumbit,
1358 783 1524 811 verum
1549 771 1858 813 novissimum

217 856 323 884 cum
341 843 595 895 juvenibus
616 844 874 895 praeelegit
895 850 939 883 et
961 843 1020 883 ad
1041 843 1128 883 hoc
1151 843 1377 883 instanter
1400 854 1682 882 consensum
1703 842 1859 883 Patris

219 915 512 967 impetravit,
536 920 582 954 et
601 921 650 954 ut
672 915 836 966 paucis
858 914 1117 965 absolvam,
1142 915 1189 954 in
1211 914 1424 954 omnibus
1445 914 1515 963 iis,
1541 914 1586 953 in
1608 913 1774 965 quibus
1794 914 1859 954 illi

218 987 492 1038 probantur,
516 986 660 1026 etiam
682 986 780 1037 ipse
801 997 894 1025 non
916 986 1053 1026 modo
1076 985 1205 1037 sequi
1223 985 1305 1026 sed
1326 992 1370 1025 et
1392 996 1615 1036 superare
1635 996 1721 1024 nos
1753 995 1858 1025 con·

219 1058 382 1099 tendit.
407 1057 553 1098 Simul
579 1069 685 1097 cum
712 1057 802 1097 illis
828 1057 875 1097 in
903 1057 1150 1097 refectorio
1179 1058 1486 1097 concionatur
1519 1063 1582 1107 et,
1618 1056 1732 1107 ipsis
1760 1068 1859 1096 coe·

219 1130 456 1180 nantibus,
480 1129 615 1180 legit:
640 1129 783 1169 horas
799 1129 1092 1180 singulorum
1108 1128 1366 1169 officiorum
1382 1129 1617 1169 observat:
1641 1128 1866 1168 scutellas⁴

221 1201 390 1241 abluit:
428 1201 633 1252 qualibet
663 1206 822 1249 nocte,
853 1200 972 1240 sicut
1006 1206 1050 1240 et
1077 1200 1271 1251 caeteri,
1304 1200 1352 1240 P.
1385 1199 1602 1240 Cornelio
1630 1199 1862 1239 rationem

225 1272 377 1313 reddit
415 1264 604 1323 eorum,
642 1283 761 1323 quae
789 1271 883 1323 egit
911 1272 958 1312 in
986 1271 1081 1321 die,
1111 1277 1206 1311 tam
1234 1271 1516 1311 tentationes
1546 1281 1686 1322 quam
1713 1270 1862 1309 bonas

220 1344 557 1395 inspirationes
579 1343 845 1395 explicans;
870 1343 987 1383 haec
1009 1343 1132 1383 enim
1159 1343 1223 1383 illi
1250 1349 1294 1383 et
1321 1343 1413 1382 alia
1445 1342 1676 1394 quaedam
1707 1341 1858 1381 obser-

221 1427 337 1455 vare
361 1416 525 1455 solent.
550 1414 751 1454 Demum
773 1415 819 1454 in
840 1415 928 1454 hac
951 1421 1115 1455 sancta
1136 1413 1370 1455 Societate
1392 1413 1494 1453 Deo
1515 1419 1740 1464 perpetuo
1768 1423 1859 1453 ser-

222 1475 323 1526 vire
345 1486 523 1526 statuit.
552 1485 643 1526 Det
664 1486 729 1526 illi
750 1485 980 1526 Dominus
1000 1485 1338 1538 perseverandi
1359 1485 1577 1536 gratiam.

301 1557 352 1598 In
373 1556 751 1597 confessionibus
773 1563 818 1597 et
840 1556 1276 1597 conversationibus
1299 1556 1548 1596 continuus
1576 1567 1662 1595 nec
1691 1554 1862 1595 medio-

224 1629 319 1669 cris
350 1629 400 1669 fit
433 1629 633 1669 fructus.
664 1627 841 1668 Diebus
868 1628 998 1668 festis
1025 1634 1068 1669 et
1097 1628 1344 1668 dominicis
1374 1628 1465 1668 duo
1497 1639 1555 1667 ex
1582 1626 1790 1678 Collegio
1821 1632 1867 1666 et

225 1701 316 1741 duo
339 1713 398 1740 ex
419 1699 561 1740 domo
584 1700 873 1750 probationis
894 1700 1031 1740 simul
1051 1700 1110 1740 ad
1131 1699 1361 1751 hospitale
1384 1699 1633 1748 accedunt,
1658 1697 1871 1738 infirmos.

225 1772 434 1812 invisunt
469 1778 513 1812 et
540 1772 857 1811 consolantur.
887 1770 963 1811 Ad
990 1783 1205 1811 carceres
1236 1771 1377 1811 etiam
1404 1769 1654 1822 aliquando
1684 1770 1789 1819 itur,
1823 1774 1866 1809 et

226 1844 481 1894 interdum,
517 1844 556 1883 si
576 1843 655 1895 qui
676 1843 768 1883 sint
789 1844 865 1894 qui
892 1855 1041 1894 parvo
1071 1855 1179 1883 aere
1210 1843 1524 1893 detineantur,
1556 1841 1870 1892 eleemosynis

226 1927 447 1956 curamus
471 1915 680 1964 liberari,
705 1926 765 1955 ex
787 1915 951 1966 quibus
973 1915 1062 1955 duo
1084 1914 1212 1954 111500
1235 1914 1397 1954 diebus
1417 1913 1599 1953 liberati
1627 1919 1756 1963 sunt,
1791 1912 1871 1964 qui

226 1987 431 2038 alioquin
458 1987 675 2026 morituri
695 1986 975 2026 videbantur
997 1986 1044 2026 in
1062 1986 1345 2026 carceribus.
1371 1985 1427 2025 Et
1449 1984 1495 2024 hi
1511 1984 1654 2035 igitur
1673 1984 1868 2024 multum

232 2057 574 2099 consolationis
596 2063 906 2109 perceperunt
927 2069 987 2098 ex
1012 2056 1277 2108 hujusmodi
1307 2056 1670 2097 visitationibus.
1700 2054 1864 2095 Faten-

229 2136 305 2170 tur
339 2129 464 2170 enim
503 2129 591 2181 ipsi
626 2135 670 2169 et
705 2135 864 2169 custos
900 2129 1130 2179 carceris,
1169 2135 1421 2180 antequam
1451 2127 1746 2168 venissemus
1779 2137 1869 2166 nos

233 2201 527 2252 Messanam,
561 2201 813 2253 aliquando
848 2200 1055 2241 inclusos
1081 2206 1291 2240 mortuos
1317 2211 1419 2240 esse
1448 2199 1547 2240 sine
1575 2197 1868 2238 confessione

227 2272 285 2312 ob
305 2272 556 2324 penuriam
579 2283 742 2312 eorum
763 2272 840 2323 qui
863 2271 1183 2312 confessiones
1212 2271 1441 2311 audirent.
1474 2269 1607 2310 Nunc
1636 2268 1868 2308 maximas

226 2343 328 2384 Deo
350 2343 532 2394 gratias
554 2348 715 2393 agunt,
740 2342 961 2394 quoniam
983 2343 1097 2394 ipsis
1119 2343 1260 2382 etiam
1280 2354 1373 2382 non
1390 2341 1656 2393 petentibus
1672 2339 1865 2379 offerun-

229 2421 317 2455 tur.
356 2414 673 2464 PiscationeS,
714 2425 830 2465 quas
852 2413 1007 2454 facere
1029 2414 1309 2464 solebamus,
1333 2419 1383 2453 ut
1404 2413 1588 2464 aliquos
1609 2411 1669 2451 ad
1690 2409 1867 2450 confes-

227 2486 407 2526 sionem
417 2485 778 2536 adduceremus,
794 2485 946 2526 coacti
959 2496 1118 2525 sumus
1132 2484 1439 2525 intermittere
1453 2488 1642 2535 propter
1656 2480 1867 2533 frequen-

230 2557 344 2597 tiam
366 2567 529 2596 corum
551 2556 628 2608 qui
654 2555 712 2596 ad
734 2555 1053 2596 confessiones
1075 2557 1196 2596 ultro
1218 2555 1426 2596 veniunt.
1451 2553 1627 2594 Diebus
1648 2553 1771 2593 enim
1792 2552 1867 2593 do-

226 2628 419 2669 minicis
434 2628 728 2680 singulisque
757 2627 909 2678 festis,
941 2640 967 2668 a
995 2639 1131 2668 mane
1155 2638 1302 2679 usque
1330 2626 1389 2666 ad
1417 2636 1666 2676 vesperam
1693 2624 1870 2664 confes-

231 2700 429 2740 sionarii
451 2704 756 2751 occupantur.

310 2769 386 2811 Ad
408 2769 670 2811 audiendas
698 2770 1019 2811 confessiones
1041 2769 1331 2810 infirmorum
1352 2778 1703 2819 nonnumquam
1730 2778 1864 2807 voca·

228 2853 358 2893 mur3
382 2853 474 2893 qua
495 2841 749 2882 occasione
770 2842 941 2882 accidit
962 2847 1025 2893 ut,
1049 2841 1121 2881 his
1143 2840 1321 2892 diebus,
1345 2844 1620 2891 aegrotante
1649 2837 1867 2890 quodam,

232 2905 427 2964 qui'jam
448 2913 586 2952 annis
606 2912 854 2954 duodecim
875 2924 1024 2953 uxore
1045 2912 1237 2952 alterius
1259 2911 1432 2952 abusus
1452 2915 1553 2951 erat
1578 2910 1625 2950 in
1655 2909 1868 2950 concubi-
