<?xml version="1.0" encoding="UTF-8"?>
<!DOCTYPE html PUBLIC "-//W3C//DTD XHTML 1.0 Transitional//EN"
    "http://www.w3.org/TR/xhtml1/DTD/xhtml1-transitional.dtd">
<html xmlns="http://www.w3.org/1999/xhtml" xml:lang="en" lang="en">
 <head>
  <title>
</title>
<meta http-equiv="Content-Type" content="text/html;charset=utf-8" />
  <meta name='ocr-system' content='tesseract 3.04.00' />
  <meta name='ocr-capabilities' content='ocr_page ocr_carea ocr_par ocr_line ocrx_word'/>
</head>
<body>
  <div class='ocr_page' id='page_1' title='image "./litteraequadrime13lain_0388.png"; bbox 0 0 2074 3179; ppageno 0'>
   <div class='ocr_carea' id='block_1_1' title="bbox 161 139 1294 181">
    <p class='ocr_par' dir='ltr' id='par_1_1' title="bbox 161 139 1294 181">
     <span class='ocr_line' id='line_1_1' title="bbox 161 139 1294 181; baseline -0.005 -2"><span class='ocrx_word' id='word_1_1' title='bbox 161 142 232 179; x_wconf 75' lang='lat'>384</span> <span class='ocrx_word' id='word_1_2' title='bbox 675 139 907 177; x_wconf 72' lang='lat' dir='ltr'>LITTERAE</span> <span class='ocrx_word' id='word_1_3' title='bbox 936 147 1294 181; x_wconf 76' lang='lat' dir='ltr'>QUADmMESTREs</span> 
     </span>
    </p>
   </div>
   <div class='ocr_carea' id='block_1_2' title="bbox 857 590 1115 644">
    <p class='ocr_par' dir='ltr' id='par_1_2' title="bbox 857 590 1115 644">
     <span class='ocr_line' id='line_1_2' title="bbox 857 590 1115 644; baseline -0.004 -1"><span class='ocrx_word' id='word_1_4' title='bbox 857 590 1115 644; x_wconf 81' lang='lat' dir='ltr'>XCVIII</span> 
     </span>
    </p>
   </div>
   <div class='ocr_carea' id='block_1_3' title="bbox 236 821 1140 999">
    <p class='ocr_par' dir='ltr' id='par_1_3' title="bbox 236 821 1140 999">
     <span class='ocr_line' id='line_1_3' title="bbox 236 821 701 871; baseline -0.006 -11"><span class='ocrx_word' id='word_1_5' title='bbox 236 823 492 871; x_wconf 83' lang='lat' dir='ltr'>Alphonsus</span> <span class='ocrx_word' id='word_1_6' title='bbox 513 821 701 858; x_wconf 85' lang='lat' dir='ltr'>Barreto</span> 
     </span>
     <span class='ocr_line' id='line_1_4' title="bbox 286 887 873 935; baseline -0.005 -9"><span class='ocrx_word' id='word_1_7' title='bbox 286 888 407 925; x_wconf 79' lang='lat' dir='ltr'>Patri</span> <span class='ocrx_word' id='word_1_8' title='bbox 427 887 596 935; x_wconf 82' lang='lat' dir='ltr'>Ignatio</span> <span class='ocrx_word' id='word_1_9' title='bbox 617 887 670 924; x_wconf 92' lang='lat' dir='ltr'>de</span> <span class='ocrx_word' id='word_1_10' title='bbox 690 887 873 934; x_wconf 85' lang='lat' dir='ltr'>Loyola.</span> 
     </span>
     <span class='ocr_line' id='line_1_5' title="bbox 329 951 1140 999; baseline -0.002 -9"><span class='ocrx_word' id='word_1_11' title='bbox 329 953 419 991; x_wconf 82' lang='lat' dir='ltr'>San</span> <span class='ocrx_word' id='word_1_12' title='bbox 438 953 555 999; x_wconf 82' lang='lat' dir='ltr'>FinS,</span> <span class='ocrx_word' id='word_1_13' title='bbox 578 963 730 990; x_wconf 85' lang='lat' dir='ltr'>mense</span> <span class='ocrx_word' id='word_1_14' title='bbox 750 952 983 999; x_wconf 73' lang='lat' dir='ltr'>Augusto?</span> <span class='ocrx_word' id='word_1_15' title='bbox 1005 951 1092 989; x_wconf 91' lang='grc'>1551</span> <span class='ocrx_word' id='word_1_16' title='bbox 1117 952 1140 987; x_wconf 87' lang='lat'>¹.</span> 
     </span>
    </p>
   </div>
   <div class='ocr_carea' id='block_1_4' title="bbox 929 1109 1039 1186">
    <p class='ocr_par' dir='ltr' id='par_1_4' title="bbox 929 1109 1039 1186">
     <span class='ocr_line' id='line_1_6' title="bbox 929 1109 1039 1186; baseline 0.009 -1"><span class='ocrx_word' id='word_1_17' title='bbox 929 1109 1039 1186; x_wconf 61' lang='lat' dir='ltr'>ulis.</span> 
     </span>
    </p>
   </div>
   <div class='ocr_carea' id='block_1_5' title="bbox 165 1307 1810 2361">
    <p class='ocr_par' dir='ltr' id='par_1_5' title="bbox 244 1307 979 1349">
     <span class='ocr_line' id='line_1_7' title="bbox 244 1307 979 1349; baseline -0.001 0"><span class='ocrx_word' id='word_1_18' title='bbox 244 1309 520 1349; x_wconf 87' lang='lat' dir='ltr'>Reverende</span> <span class='ocrx_word' id='word_1_19' title='bbox 543 1309 590 1349; x_wconf 90' lang='lat' dir='ltr'>in</span> <span class='ocrx_word' id='word_1_20' title='bbox 611 1308 801 1349; x_wconf 85' lang='lat' dir='ltr'>Christo</span> <span class='ocrx_word' id='word_1_21' title='bbox 824 1307 979 1349; x_wconf 86' lang='lat' dir='ltr'>Pater.</span> 
     </span>
    </p>

    <p class='ocr_par' dir='ltr' id='par_1_6' title="bbox 165 1375 1808 1493">
     <span class='ocr_line' id='line_1_8' title="bbox 247 1375 1808 1431; baseline -0.004 -10"><span class='ocrx_word' id='word_1_22' title='bbox 247 1380 414 1422; x_wconf 78' lang='lat' dir='ltr'>Gratia</span> <span class='ocrx_word' id='word_1_23' title='bbox 450 1386 494 1420; x_wconf 90' lang='lat' dir='ltr'>et</span> <span class='ocrx_word' id='word_1_24' title='bbox 523 1392 656 1420; x_wconf 89' lang='lat' dir='ltr'>amor</span> <span class='ocrx_word' id='word_1_25' title='bbox 683 1379 860 1421; x_wconf 81' lang='lat' dir='ltr'>Christi</span> <span class='ocrx_word' id='word_1_26' title='bbox 890 1380 1132 1431; x_wconf 88' lang='lat' dir='ltr'>possideat</span> <span class='ocrx_word' id='word_1_27' title='bbox 1162 1390 1346 1431; x_wconf 93' lang='lat' dir='ltr'>semper</span> <span class='ocrx_word' id='word_1_28' title='bbox 1382 1378 1563 1418; x_wconf 88' lang='lat' dir='ltr'>animas</span> <span class='ocrx_word' id='word_1_29' title='bbox 1590 1383 1633 1416; x_wconf 92' lang='lat' dir='ltr'>et</span> <span class='ocrx_word' id='word_1_30' title='bbox 1665 1375 1808 1415; x_wconf 84' lang='lat' dir='ltr'>corda</span> 
     </span>
     <span class='ocr_line' id='line_1_9' title="bbox 165 1451 538 1493; baseline -0.011 0"><span class='ocrx_word' id='word_1_31' title='bbox 165 1458 344 1493; x_wconf 89' lang='lat' dir='ltr'>nostra.</span> <span class='ocrx_word' id='word_1_32' title='bbox 369 1451 538 1492; x_wconf 89' lang='lat' dir='ltr'>Amen.</span> 
     </span>
    </p>

    <p class='ocr_par' dir='ltr' id='par_1_7' title="bbox 166 1519 1810 2361">
     <span class='ocr_line' id='line_1_10' title="bbox 246 1519 1807 1574; baseline -0.003 -11"><span class='ocrx_word' id='word_1_33' title='bbox 246 1522 574 1574; x_wconf 77' lang='lat' dir='ltr'>Superioribus</span> <span class='ocrx_word' id='word_1_34' title='bbox 595 1523 763 1563; x_wconf 90' lang='lat' dir='ltr'>litteris</span> <span class='ocrx_word' id='word_1_35' title='bbox 784 1522 952 1574; x_wconf 80' lang='lat' dir='ltr'>scripsi</span> <span class='ocrx_word' id='word_1_36' title='bbox 973 1522 1029 1562; x_wconf 92' lang='lat' dir='ltr'>de</span> <span class='ocrx_word' id='word_1_37' title='bbox 1051 1521 1379 1562; x_wconf 79' lang='lat' dir='ltr'>distributione</span> <span class='ocrx_word' id='word_1_38' title='bbox 1401 1520 1593 1560; x_wconf 87' lang='lat' dir='ltr'>Patrum</span> <span class='ocrx_word' id='word_1_39' title='bbox 1616 1532 1671 1560; x_wconf 87' lang='lat' dir='ltr'>ac</span> <span class='ocrx_word' id='word_1_40' title='bbox 1699 1519 1807 1558; x_wconf 86' lang='lat' dir='ltr'>Fra-</span> 
     </span>
     <span class='ocr_line' id='line_1_11' title="bbox 166 1591 1809 1647; baseline -0.004 -12"><span class='ocrx_word' id='word_1_41' title='bbox 166 1601 292 1635; x_wconf 89' lang='lat' dir='ltr'>trum</span> <span class='ocrx_word' id='word_1_42' title='bbox 326 1595 374 1635; x_wconf 89' lang='lat' dir='ltr'>in</span> <span class='ocrx_word' id='word_1_43' title='bbox 408 1595 497 1635; x_wconf 90' lang='lat' dir='ltr'>hac</span> <span class='ocrx_word' id='word_1_44' title='bbox 531 1594 896 1647; x_wconf 82' lang='lat' dir='ltr'>quadragesima</span> <span class='ocrx_word' id='word_1_45' title='bbox 922 1605 1006 1645; x_wconf 91' lang='lat' dir='ltr'>per</span> <span class='ocrx_word' id='word_1_46' title='bbox 1033 1593 1259 1633; x_wconf 84' lang='lat' dir='ltr'>ecclesias</span> <span class='ocrx_word' id='word_1_47' title='bbox 1286 1591 1585 1644; x_wconf 85' lang='lat' dir='ltr'>oppidorum,</span> <span class='ocrx_word' id='word_1_48' title='bbox 1616 1601 1809 1631; x_wconf 91' lang='lat' dir='ltr'>numero</span> 
     </span>
     <span class='ocr_line' id='line_1_12' title="bbox 170 1660 1809 1716; baseline -0.004 -9"><span class='ocrx_word' id='word_1_49' title='bbox 170 1667 311 1707; x_wconf 89' lang='lat' dir='ltr'>credo</span> <span class='ocrx_word' id='word_1_50' title='bbox 334 1666 600 1716; x_wconf 76' lang='lat' dir='ltr'>duodecim,</span> <span class='ocrx_word' id='word_1_51' title='bbox 627 1666 684 1706; x_wconf 91' lang='lat' dir='ltr'>ab</span> <span class='ocrx_word' id='word_1_52' title='bbox 706 1665 796 1706; x_wconf 93' lang='lat' dir='ltr'>hoc</span> <span class='ocrx_word' id='word_1_53' title='bbox 817 1671 980 1705; x_wconf 88' lang='lat' dir='ltr'>nostro</span> <span class='ocrx_word' id='word_1_54' title='bbox 1013 1665 1222 1716; x_wconf 82' lang='lat' dir='ltr'>Collegio</span> <span class='ocrx_word' id='word_1_55' title='bbox 1248 1664 1412 1716; x_wconf 77' lang='lat' dir='ltr'>paucis</span> <span class='ocrx_word' id='word_1_56' title='bbox 1443 1662 1718 1703; x_wconf 75' lang='lat' dir='ltr'>milliaribus</span> <span class='ocrx_word' id='word_1_57' title='bbox 1746 1660 1809 1700; x_wconf 89' lang='lat' dir='ltr'>di-</span> 
     </span>
     <span class='ocr_line' id='line_1_13' title="bbox 168 1733 1808 1789; baseline -0.004 -11"><span class='ocrx_word' id='word_1_58' title='bbox 168 1737 414 1789; x_wconf 87' lang='lat' dir='ltr'>stantium,</span> <span class='ocrx_word' id='word_1_59' title='bbox 437 1743 487 1777; x_wconf 93' lang='lat' dir='ltr'>ut</span> <span class='ocrx_word' id='word_1_60' title='bbox 508 1737 554 1777; x_wconf 90' lang='lat' dir='ltr'>in</span> <span class='ocrx_word' id='word_1_61' title='bbox 576 1737 690 1788; x_wconf 86' lang='lat' dir='ltr'>ipsis</span> <span class='ocrx_word' id='word_1_62' title='bbox 711 1737 768 1777; x_wconf 88' lang='lat' dir='ltr'>de</span> <span class='ocrx_word' id='word_1_63' title='bbox 787 1736 889 1777; x_wconf 91' lang='lat' dir='ltr'>Deo</span> <span class='ocrx_word' id='word_1_64' title='bbox 910 1737 1224 1788; x_wconf 78' lang='lat' dir='ltr'>loquerentur,</span> <span class='ocrx_word' id='word_1_65' title='bbox 1250 1735 1548 1786; x_wconf 82' lang='lat' dir='ltr'>evangelium</span> <span class='ocrx_word' id='word_1_66' title='bbox 1576 1733 1808 1785; x_wconf 79' lang='lat' dir='ltr'>explican-</span> 
     </span>
     <span class='ocr_line' id='line_1_14' title="bbox 168 1805 1810 1860; baseline -0.004 -11"><span class='ocrx_word' id='word_1_67' title='bbox 168 1815 258 1860; x_wconf 81' lang='lat' dir='ltr'>teS,</span> <span class='ocrx_word' id='word_1_68' title='bbox 291 1815 335 1849; x_wconf 90' lang='lat' dir='ltr'>et</span> <span class='ocrx_word' id='word_1_69' title='bbox 362 1821 421 1849; x_wconf 86' lang='lat' dir='ltr'>ex</span> <span class='ocrx_word' id='word_1_70' title='bbox 449 1809 540 1849; x_wconf 91' lang='lat' dir='ltr'>hoc</span> <span class='ocrx_word' id='word_1_71' title='bbox 570 1808 805 1849; x_wconf 87' lang='lat' dir='ltr'>uberrimo</span> <span class='ocrx_word' id='word_1_72' title='bbox 834 1808 963 1848; x_wconf 82' lang='lat' dir='ltr'>fonte</span> <span class='ocrx_word' id='word_1_73' title='bbox 990 1819 1161 1859; x_wconf 91' lang='lat' dir='ltr'>aquam</span> <span class='ocrx_word' id='word_1_74' title='bbox 1188 1807 1451 1856; x_wconf 88' lang='lat' dir='ltr'>haurirent,</span> <span class='ocrx_word' id='word_1_75' title='bbox 1482 1817 1574 1857; x_wconf 89' lang='lat' dir='ltr'>qua</span> <span class='ocrx_word' id='word_1_76' title='bbox 1600 1805 1810 1846; x_wconf 87' lang='lat' dir='ltr'>sitientes</span> 
     </span>
     <span class='ocr_line' id='line_1_15' title="bbox 168 1875 1809 1931; baseline -0.004 -11"><span class='ocrx_word' id='word_1_77' title='bbox 168 1879 337 1920; x_wconf 89' lang='lat' dir='ltr'>horum</span> <span class='ocrx_word' id='word_1_78' title='bbox 352 1880 594 1920; x_wconf 90' lang='lat' dir='ltr'>hominum</span> <span class='ocrx_word' id='word_1_79' title='bbox 610 1879 791 1920; x_wconf 87' lang='lat' dir='ltr'>animas</span> <span class='ocrx_word' id='word_1_80' title='bbox 802 1885 1034 1931; x_wconf 89' lang='lat' dir='ltr'>potarent.</span> <span class='ocrx_word' id='word_1_81' title='bbox 1047 1878 1182 1919; x_wconf 87' lang='lat' dir='ltr'>Nunc</span> <span class='ocrx_word' id='word_1_82' title='bbox 1198 1884 1399 1929; x_wconf 90' lang='lat' dir='ltr'>quantus</span> <span class='ocrx_word' id='word_1_83' title='bbox 1414 1877 1608 1927; x_wconf 86' lang='lat' dir='ltr'>fructus,</span> <span class='ocrx_word' id='word_1_84' title='bbox 1621 1875 1809 1915; x_wconf 84' lang='lat' dir='ltr'>favente</span> 
     </span>
     <span class='ocr_line' id='line_1_16' title="bbox 168 1946 1810 2002; baseline -0.004 -10"><span class='ocrx_word' id='word_1_85' title='bbox 168 1951 287 2002; x_wconf 92' lang='lat' dir='ltr'>Deo,</span> <span class='ocrx_word' id='word_1_86' title='bbox 308 1951 366 1991; x_wconf 90' lang='lat' dir='ltr'>sit</span> <span class='ocrx_word' id='word_1_87' title='bbox 387 1957 589 2002; x_wconf 89' lang='lat' dir='ltr'>secutus,</span> <span class='ocrx_word' id='word_1_88' title='bbox 608 1951 801 2002; x_wconf 84' lang='lat' dir='ltr'>longum</span> <span class='ocrx_word' id='word_1_89' title='bbox 820 1956 942 1991; x_wconf 92' lang='lat' dir='ltr'>esset</span> <span class='ocrx_word' id='word_1_90' title='bbox 963 1961 1202 2001; x_wconf 71' lang='lat' dir='ltr'>enarrare,</span> <span class='ocrx_word' id='word_1_91' title='bbox 1226 1954 1407 1989; x_wconf 90' lang='lat' dir='ltr'>tantum</span> <span class='ocrx_word' id='word_1_92' title='bbox 1428 1948 1584 1999; x_wconf 90' lang='lat' dir='ltr'>aliqua</span> <span class='ocrx_word' id='word_1_93' title='bbox 1605 1946 1810 1986; x_wconf 82' lang='lat' dir='ltr'>breviter</span> 
     </span>
     <span class='ocr_line' id='line_1_17' title="bbox 169 2020 1809 2075; baseline -0.004 -11"><span class='ocrx_word' id='word_1_94' title='bbox 169 2024 470 2075; x_wconf 87' lang='lat' dir='ltr'>complectar.</span> <span class='ocrx_word' id='word_1_95' title='bbox 493 2022 763 2063; x_wconf 89' lang='lat' dir='ltr'>Audiuntur</span> <span class='ocrx_word' id='word_1_96' title='bbox 784 2034 890 2062; x_wconf 91' lang='lat' dir='ltr'>cum</span> <span class='ocrx_word' id='word_1_97' title='bbox 912 2033 1085 2073; x_wconf 82' lang='lat' dir='ltr'>magna</span> <span class='ocrx_word' id='word_1_98' title='bbox 1106 2020 1332 2062; x_wconf 86' lang='lat' dir='ltr'>aviditate</span> <span class='ocrx_word' id='word_1_99' title='bbox 1354 2026 1398 2060; x_wconf 88' lang='lat' dir='ltr'>et</span> <span class='ocrx_word' id='word_1_100' title='bbox 1418 2020 1688 2071; x_wconf 86' lang='lat' dir='ltr'>frequenter</span> <span class='ocrx_word' id='word_1_101' title='bbox 1704 2029 1809 2058; x_wconf 85' lang='lat' dir='ltr'>cum</span> 
     </span>
     <span class='ocr_line' id='line_1_18' title="bbox 168 2089 1810 2147; baseline -0.004 -12"><span class='ocrx_word' id='word_1_102' title='bbox 168 2095 415 2147; x_wconf 73' lang='lat' dir='ltr'>lacrymis,</span> <span class='ocrx_word' id='word_1_103' title='bbox 437 2094 525 2147; x_wconf 88' lang='lat' dir='ltr'>ipsi</span> <span class='ocrx_word' id='word_1_104' title='bbox 546 2106 662 2135; x_wconf 89' lang='lat' dir='ltr'>vero</span> <span class='ocrx_word' id='word_1_105' title='bbox 683 2094 979 2146; x_wconf 86' lang='lat' dir='ltr'>potissimum</span> <span class='ocrx_word' id='word_1_106' title='bbox 999 2093 1218 2133; x_wconf 89' lang='lat' dir='ltr'>laborant</span> <span class='ocrx_word' id='word_1_107' title='bbox 1239 2092 1453 2132; x_wconf 90' lang='lat' dir='ltr'>odiorum</span> <span class='ocrx_word' id='word_1_108' title='bbox 1475 2097 1518 2131; x_wconf 92' lang='lat' dir='ltr'>et</span> <span class='ocrx_word' id='word_1_109' title='bbox 1547 2089 1810 2131; x_wconf 85' lang='lat' dir='ltr'>inimicitia-</span> 
     </span>
     <span class='ocr_line' id='line_1_19' title="bbox 169 2161 1809 2218; baseline -0.004 -11"><span class='ocrx_word' id='word_1_110' title='bbox 169 2178 273 2207; x_wconf 90' lang='lat' dir='ltr'>rum</span> <span class='ocrx_word' id='word_1_111' title='bbox 300 2166 460 2218; x_wconf 89' lang='lat' dir='ltr'>spinas</span> <span class='ocrx_word' id='word_1_112' title='bbox 488 2166 711 2217; x_wconf 87' lang='lat' dir='ltr'>evellere,</span> <span class='ocrx_word' id='word_1_113' title='bbox 742 2177 861 2217; x_wconf 91' lang='lat' dir='ltr'>quae</span> <span class='ocrx_word' id='word_1_114' title='bbox 888 2165 1060 2206; x_wconf 88' lang='lat' dir='ltr'>multae</span> <span class='ocrx_word' id='word_1_115' title='bbox 1090 2165 1137 2204; x_wconf 92' lang='lat' dir='ltr'>in</span> <span class='ocrx_word' id='word_1_116' title='bbox 1163 2164 1235 2204; x_wconf 89' lang='lat' dir='ltr'>his</span> <span class='ocrx_word' id='word_1_117' title='bbox 1266 2162 1537 2214; x_wconf 81' lang='lat' dir='ltr'>regionibus</span> <span class='ocrx_word' id='word_1_118' title='bbox 1565 2168 1609 2202; x_wconf 90' lang='lat' dir='ltr'>et</span> <span class='ocrx_word' id='word_1_119' title='bbox 1640 2161 1809 2202; x_wconf 90' lang='lat' dir='ltr'>acerri-</span> 
     </span>
     <span class='ocr_line' id='line_1_20' title="bbox 169 2233 1809 2289; baseline -0.003 -11"><span class='ocrx_word' id='word_1_120' title='bbox 169 2250 274 2278; x_wconf 89' lang='lat' dir='ltr'>mae</span> <span class='ocrx_word' id='word_1_121' title='bbox 294 2243 421 2289; x_wconf 74' lang='lat' dir='ltr'>sunt,</span> <span class='ocrx_word' id='word_1_122' title='bbox 445 2237 492 2277; x_wconf 90' lang='lat' dir='ltr'>in</span> <span class='ocrx_word' id='word_1_123' title='bbox 514 2237 745 2289; x_wconf 87' lang='lat' dir='ltr'>aliquibus</span> <span class='ocrx_word' id='word_1_124' title='bbox 767 2243 923 2278; x_wconf 88' lang='lat' dir='ltr'>autem</span> <span class='ocrx_word' id='word_1_125' title='bbox 942 2237 1060 2277; x_wconf 88' lang='lat' dir='ltr'>locis</span> <span class='ocrx_word' id='word_1_126' title='bbox 1086 2236 1167 2276; x_wconf 83' lang='lat' dir='ltr'>vix</span> <span class='ocrx_word' id='word_1_127' title='bbox 1195 2235 1432 2275; x_wconf 91' lang='lat' dir='ltr'>hominem</span> <span class='ocrx_word' id='word_1_128' title='bbox 1462 2239 1542 2274; x_wconf 90' lang='lat' dir='ltr'>aut</span> <span class='ocrx_word' id='word_1_129' title='bbox 1568 2233 1809 2274; x_wconf 87' lang='lat' dir='ltr'>mulierem</span> 
     </span>
     <span class='ocr_line' id='line_1_21' title="bbox 170 2304 1809 2361; baseline -0.004 -11"><span class='ocrx_word' id='word_1_130' title='bbox 170 2309 381 2350; x_wconf 88' lang='lat' dir='ltr'>invenire</span> <span class='ocrx_word' id='word_1_131' title='bbox 402 2309 530 2361; x_wconf 90' lang='lat' dir='ltr'>licet,</span> <span class='ocrx_word' id='word_1_132' title='bbox 555 2309 633 2361; x_wconf 94' lang='lat' dir='ltr'>qui</span> <span class='ocrx_word' id='word_1_133' title='bbox 659 2309 748 2349; x_wconf 92' lang='lat' dir='ltr'>hoc</span> <span class='ocrx_word' id='word_1_134' title='bbox 776 2309 939 2348; x_wconf 92' lang='lat' dir='ltr'>morbo</span> <span class='ocrx_word' id='word_1_135' title='bbox 968 2320 1061 2347; x_wconf 90' lang='lat' dir='ltr'>non</span> <span class='ocrx_word' id='word_1_136' title='bbox 1086 2307 1282 2347; x_wconf 89' lang='lat' dir='ltr'>laboret.</span> <span class='ocrx_word' id='word_1_137' title='bbox 1311 2305 1445 2347; x_wconf 85' lang='lat' dir='ltr'>Unde</span> <span class='ocrx_word' id='word_1_138' title='bbox 1471 2305 1520 2345; x_wconf 89' lang='lat' dir='ltr'>fit</span> <span class='ocrx_word' id='word_1_139' title='bbox 1547 2311 1597 2345; x_wconf 91' lang='lat' dir='ltr'>ut</span> <span class='ocrx_word' id='word_1_140' title='bbox 1623 2304 1809 2355; x_wconf 82' lang='lat' dir='ltr'>saepius</span> 
     </span>
    </p>
   </div>
   <div class='ocr_carea' id='block_1_6' title="bbox 169 2476 1811 2989">
    <p class='ocr_par' dir='ltr' id='par_1_8' title="bbox 169 2476 1810 2609">
     <span class='ocr_line' id='line_1_22' title="bbox 224 2476 1810 2514; baseline -0.003 -7"><span class='ocrx_word' id='word_1_141' title='bbox 224 2480 233 2500; x_wconf 87' lang='lat'>¹</span> <span class='ocrx_word' id='word_1_142' title='bbox 275 2480 523 2514; x_wconf 77' lang='lat' dir='ltr'>Autographae</span> <span class='ocrx_word' id='word_1_143' title='bbox 546 2481 685 2507; x_wconf 83' lang='lat' dir='ltr'>litterae</span> <span class='ocrx_word' id='word_1_144' title='bbox 708 2485 784 2507; x_wconf 84' lang='lat' dir='ltr'>sunt</span> <span class='ocrx_word' id='word_1_145' title='bbox 806 2481 838 2507; x_wconf 90' lang='lat' dir='ltr'>in</span> <span class='ocrx_word' id='word_1_146' title='bbox 863 2481 942 2507; x_wconf 79' lang='lat' dir='ltr'>folio</span> <span class='ocrx_word' id='word_1_147' title='bbox 962 2479 1105 2514; x_wconf 84' lang='lat' dir='ltr'>duplici,</span> <span class='ocrx_word' id='word_1_148' title='bbox 1128 2479 1179 2506; x_wconf 89' lang='lat' dir='ltr'>cui</span> <span class='ocrx_word' id='word_1_149' title='bbox 1200 2478 1280 2505; x_wconf 88' lang='lat' dir='ltr'>olim</span> <span class='ocrx_word' id='word_1_150' title='bbox 1301 2482 1400 2504; x_wconf 85' lang='lat' dir='ltr'>erant</span> <span class='ocrx_word' id='word_1_151' title='bbox 1423 2485 1476 2505; x_wconf 81' lang='lat' dir='ltr'>nn.</span> <span class='ocrx_word' id='word_1_152' title='bbox 1500 2477 1553 2504; x_wconf 79' lang='lat'>232</span> <span class='ocrx_word' id='word_1_153' title='bbox 1576 2481 1609 2504; x_wconf 88' lang='lat' dir='ltr'>et</span> <span class='ocrx_word' id='word_1_154' title='bbox 1632 2476 1698 2510; x_wconf 78' lang='lat'>233,</span> <span class='ocrx_word' id='word_1_155' title='bbox 1724 2483 1810 2503; x_wconf 89' lang='lat' dir='ltr'>nunc</span> 
     </span>
     <span class='ocr_line' id='line_1_23' title="bbox 169 2524 1807 2562; baseline -0.003 -7"><span class='ocrx_word' id='word_1_156' title='bbox 169 2535 253 2555; x_wconf 88' lang='lat' dir='ltr'>vero</span> <span class='ocrx_word' id='word_1_157' title='bbox 270 2528 320 2554; x_wconf 81' lang='lat'>158</span> <span class='ocrx_word' id='word_1_158' title='bbox 335 2532 367 2555; x_wconf 87' lang='lat' dir='ltr'>et</span> <span class='ocrx_word' id='word_1_159' title='bbox 385 2527 547 2555; x_wconf 72' lang='lat' dir='ltr'>159.—Est</span> <span class='ocrx_word' id='word_1_160' title='bbox 563 2531 595 2555; x_wconf 85' lang='lat' dir='ltr'>ct</span> <span class='ocrx_word' id='word_1_161' title='bbox 612 2528 847 2562; x_wconf 83' lang='lat' dir='ltr'>apographum</span> <span class='ocrx_word' id='word_1_162' title='bbox 862 2528 989 2555; x_wconf 87' lang='lat' dir='ltr'>saeculi</span> <span class='ocrx_word' id='word_1_163' title='bbox 1006 2535 1082 2559; x_wconf 75' lang='lat' dir='ltr'>xw,</span> <span class='ocrx_word' id='word_1_164' title='bbox 1098 2527 1131 2554; x_wconf 87' lang='lat' dir='ltr'>in</span> <span class='ocrx_word' id='word_1_165' title='bbox 1147 2526 1226 2553; x_wconf 86' lang='lat' dir='ltr'>solio</span> <span class='ocrx_word' id='word_1_166' title='bbox 1241 2525 1370 2560; x_wconf 87' lang='lat' dir='ltr'>triplici</span> <span class='ocrx_word' id='word_1_167' title='bbox 1384 2525 1464 2552; x_wconf 88' lang='lat' dir='ltr'>olim</span> <span class='ocrx_word' id='word_1_168' title='bbox 1480 2533 1533 2552; x_wconf 88' lang='lat' dir='ltr'>nn.</span> <span class='ocrx_word' id='word_1_169' title='bbox 1549 2525 1616 2555; x_wconf 78' lang='lat'>229.</span> <span class='ocrx_word' id='word_1_170' title='bbox 1633 2524 1685 2551; x_wconf 51' lang='grc' dir='ltr'>Ξᾶ)</span> <span class='ocrx_word' id='word_1_171' title='bbox 1699 2527 1731 2551; x_wconf 88' lang='lat' dir='ltr'>et</span> <span class='ocrx_word' id='word_1_172' title='bbox 1746 2524 1807 2557; x_wconf 71' lang='lat'>231,</span> 
     </span>
     <span class='ocr_line' id='line_1_24' title="bbox 170 2575 528 2609; baseline -0.003 -6"><span class='ocrx_word' id='word_1_173' title='bbox 170 2583 257 2603; x_wconf 90' lang='lat' dir='ltr'>nunc</span> <span class='ocrx_word' id='word_1_174' title='bbox 275 2576 335 2609; x_wconf 83' lang='grc'>153,</span> <span class='ocrx_word' id='word_1_175' title='bbox 353 2575 403 2602; x_wconf 67' lang='grc'>154</span> <span class='ocrx_word' id='word_1_176' title='bbox 419 2579 452 2602; x_wconf 89' lang='lat' dir='ltr'>et</span> <span class='ocrx_word' id='word_1_177' title='bbox 470 2576 528 2602; x_wconf 83' lang='grc'>155.</span> 
     </span>
    </p>

    <p class='ocr_par' dir='ltr' id='par_1_9' title="bbox 170 2619 1811 2989">
     <span class='ocr_line' id='line_1_25' title="bbox 223 2619 1808 2657; baseline -0.003 -7"><span class='ocrx_word' id='word_1_178' title='bbox 223 2622 338 2657; x_wconf 87' lang='lat' dir='ltr'>Neque</span> <span class='ocrx_word' id='word_1_179' title='bbox 354 2623 590 2657; x_wconf 83' lang='lat' dir='ltr'>autographae</span> <span class='ocrx_word' id='word_1_180' title='bbox 606 2630 712 2657; x_wconf 85' lang='lat' dir='ltr'>neque</span> <span class='ocrx_word' id='word_1_181' title='bbox 729 2623 952 2657; x_wconf 79' lang='lat' dir='ltr'>apographae</span> <span class='ocrx_word' id='word_1_182' title='bbox 969 2625 1106 2650; x_wconf 83' lang='lat' dir='ltr'>nostrae</span> <span class='ocrx_word' id='word_1_183' title='bbox 1124 2622 1263 2649; x_wconf 83' lang='lat' dir='ltr'>litterae</span> <span class='ocrx_word' id='word_1_184' title='bbox 1284 2622 1394 2649; x_wconf 91' lang='lat' dir='ltr'>locum</span> <span class='ocrx_word' id='word_1_185' title='bbox 1415 2628 1448 2648; x_wconf 87' lang='lat' dir='ltr'>et</span> <span class='ocrx_word' id='word_1_186' title='bbox 1472 2627 1595 2647; x_wconf 88' lang='lat' dir='ltr'>annum</span> <span class='ocrx_word' id='word_1_187' title='bbox 1616 2619 1808 2653; x_wconf 83' lang='lat' dir='ltr'>designant,</span> 
     </span>
     <span class='ocr_line' id='line_1_26' title="bbox 171 2667 1808 2704; baseline -0.002 -7"><span class='ocrx_word' id='word_1_188' title='bbox 171 2678 235 2704; x_wconf 80' lang='lat' dir='ltr'>quo</span> <span class='ocrx_word' id='word_1_189' title='bbox 250 2670 352 2697; x_wconf 85' lang='lat' dir='ltr'>datae</span> <span class='ocrx_word' id='word_1_190' title='bbox 369 2674 457 2697; x_wconf 87' lang='lat' dir='ltr'>sunt.</span> <span class='ocrx_word' id='word_1_191' title='bbox 475 2669 540 2697; x_wconf 86' lang='lat' dir='ltr'>Sed</span> <span class='ocrx_word' id='word_1_192' title='bbox 555 2671 649 2697; x_wconf 87' lang='lat' dir='ltr'>locus</span> <span class='ocrx_word' id='word_1_193' title='bbox 663 2678 704 2697; x_wconf 88' lang='lat' dir='ltr'>ex</span> <span class='ocrx_word' id='word_1_194' title='bbox 720 2674 881 2697; x_wconf 83' lang='lat' dir='ltr'>contextu</span> <span class='ocrx_word' id='word_1_195' title='bbox 897 2673 991 2697; x_wconf 83' lang='lat' dir='ltr'>certo</span> <span class='ocrx_word' id='word_1_196' title='bbox 1007 2673 1152 2703; x_wconf 85' lang='lat' dir='ltr'>apparet</span> <span class='ocrx_word' id='word_1_197' title='bbox 1173 2669 1276 2697; x_wconf 74' lang='lat' dir='ltr'>fuisse</span> <span class='ocrx_word' id='word_1_198' title='bbox 1292 2668 1480 2696; x_wconf 87' lang='lat' dir='ltr'>Abbatiam</span> <span class='ocrx_word' id='word_1_199' title='bbox 1495 2675 1554 2694; x_wconf 78' lang='lat' dir='ltr'>seu</span> <span class='ocrx_word' id='word_1_200' title='bbox 1565 2667 1808 2694; x_wconf 85' lang='lat' dir='ltr'>monasterium</span> 
     </span>
     <span class='ocr_line' id='line_1_27' title="bbox 171 2714 1809 2751; baseline -0.002 -7"><span class='ocrx_word' id='word_1_201' title='bbox 171 2717 287 2744; x_wconf 74' lang='lat' dir='ltr'>Sancti</span> <span class='ocrx_word' id='word_1_202' title='bbox 304 2716 429 2744; x_wconf 84' lang='lat' dir='ltr'>Felicis</span> <span class='ocrx_word' id='word_1_203' title='bbox 444 2716 530 2751; x_wconf 82' lang='lat' dir='ltr'>(San</span> <span class='ocrx_word' id='word_1_204' title='bbox 546 2716 663 2751; x_wconf 79' lang='lat' dir='ltr'>Fz&#39;ns),·</span> <span class='ocrx_word' id='word_1_205' title='bbox 676 2720 810 2751; x_wconf 65' lang='lat' dir='ltr'>tempus</span> <span class='ocrx_word' id='word_1_206' title='bbox 827 2720 941 2744; x_wconf 83' lang='lat' dir='ltr'>autem</span> <span class='ocrx_word' id='word_1_207' title='bbox 957 2716 1048 2743; x_wconf 84' lang='lat' dir='ltr'>aliud</span> <span class='ocrx_word' id='word_1_208' title='bbox 1064 2724 1137 2743; x_wconf 81' lang='lat' dir='ltr'>csse</span> <span class='ocrx_word' id='word_1_209' title='bbox 1154 2724 1217 2743; x_wconf 88' lang='lat' dir='ltr'>non</span> <span class='ocrx_word' id='word_1_210' title='bbox 1238 2720 1351 2750; x_wconf 87' lang='lat' dir='ltr'>potest</span> <span class='ocrx_word' id='word_1_211' title='bbox 1372 2722 1474 2750; x_wconf 89' lang='lat' dir='ltr'>quam</span> <span class='ocrx_word' id='word_1_212' title='bbox 1496 2714 1577 2742; x_wconf 90' lang='lat' dir='ltr'>illud</span> <span class='ocrx_word' id='word_1_213' title='bbox 1599 2714 1685 2748; x_wconf 86' lang='lat' dir='ltr'>quod</span> <span class='ocrx_word' id='word_1_214' title='bbox 1706 2714 1809 2741; x_wconf 86' lang='lat' dir='ltr'>inter—</span> 
     </span>
     <span class='ocr_line' id='line_1_28' title="bbox 170 2762 1810 2798; baseline -0.002 -7"><span class='ocrx_word' id='word_1_215' title='bbox 170 2765 259 2791; x_wconf 85' lang='lat' dir='ltr'>cedit</span> <span class='ocrx_word' id='word_1_216' title='bbox 274 2764 364 2791; x_wconf 86' lang='lat' dir='ltr'>inter</span> <span class='ocrx_word' id='word_1_217' title='bbox 380 2765 468 2791; x_wconf 88' lang='lat' dir='ltr'>diem</span> <span class='ocrx_word' id='word_1_218' title='bbox 484 2764 665 2792; x_wconf 83' lang='lat' dir='ltr'>Paschatis</span> <span class='ocrx_word' id='word_1_219' title='bbox 680 2764 758 2791; x_wconf 90' lang='lat' dir='ltr'>anni</span> <span class='ocrx_word' id='word_1_220' title='bbox 778 2764 855 2797; x_wconf 83' lang='lat'>1551,</span> <span class='ocrx_word' id='word_1_221' title='bbox 871 2771 982 2791; x_wconf 86' lang='lat' dir='ltr'>sermo</span> <span class='ocrx_word' id='word_1_222' title='bbox 998 2764 1087 2791; x_wconf 82' lang='lat' dir='ltr'>enim</span> <span class='ocrx_word' id='word_1_223' title='bbox 1102 2763 1137 2790; x_wconf 90' lang='lat' dir='ltr'>fit</span> <span class='ocrx_word' id='word_1_224' title='bbox 1161 2764 1200 2790; x_wconf 89' lang='lat' dir='ltr'>de</span> <span class='ocrx_word' id='word_1_225' title='bbox 1222 2763 1262 2791; x_wconf 79' lang='lat' dir='ltr'>iis</span> <span class='ocrx_word' id='word_1_226' title='bbox 1282 2771 1368 2798; x_wconf 89' lang='lat' dir='ltr'>quae</span> <span class='ocrx_word' id='word_1_227' title='bbox 1389 2763 1421 2790; x_wconf 89' lang='lat' dir='ltr'>in</span> <span class='ocrx_word' id='word_1_228' title='bbox 1442 2762 1541 2797; x_wconf 89' lang='lat' dir='ltr'>hujus</span> <span class='ocrx_word' id='word_1_229' title='bbox 1563 2762 1641 2789; x_wconf 82' lang='lat' dir='ltr'>anmi</span> <span class='ocrx_word' id='word_1_230' title='bbox 1664 2762 1810 2796; x_wconf 84' lang='lat' dir='ltr'>quadra-</span> 
     </span>
     <span class='ocr_line' id='line_1_29' title="bbox 171 2809 1811 2846; baseline -0.002 -7"><span class='ocrx_word' id='word_1_231' title='bbox 171 2813 302 2846; x_wconf 83' lang='lat' dir='ltr'>gesima</span> <span class='ocrx_word' id='word_1_232' title='bbox 323 2816 423 2846; x_wconf 88' lang='lat' dir='ltr'>gesta</span> <span class='ocrx_word' id='word_1_233' title='bbox 447 2816 545 2846; x_wconf 83' lang='lat' dir='ltr'>sunt,</span> <span class='ocrx_word' id='word_1_234' title='bbox 570 2816 604 2840; x_wconf 90' lang='lat' dir='ltr'>et</span> <span class='ocrx_word' id='word_1_235' title='bbox 629 2812 716 2839; x_wconf 91' lang='lat' dir='ltr'>diem</span> <span class='ocrx_word' id='word_1_236' title='bbox 740 2811 951 2846; x_wconf 87' lang='lat' dir='ltr'>Septembris</span> <span class='ocrx_word' id='word_1_237' title='bbox 972 2815 1149 2846; x_wconf 81' lang='lat' dir='ltr'>quartam,</span> <span class='ocrx_word' id='word_1_238' title='bbox 1175 2819 1252 2845; x_wconf 80' lang='lat' dir='ltr'>qua,</span> <span class='ocrx_word' id='word_1_239' title='bbox 1274 2811 1329 2845; x_wconf 91' lang='lat' dir='ltr'>qui</span> <span class='ocrx_word' id='word_1_240' title='bbox 1352 2809 1588 2845; x_wconf 85' lang='lat' dir='ltr'>philosophiae</span> <span class='ocrx_word' id='word_1_241' title='bbox 1604 2810 1648 2837; x_wconf 88' lang='lat' dir='ltr'>ibi</span> <span class='ocrx_word' id='word_1_242' title='bbox 1671 2816 1811 2844; x_wconf 88' lang='lat' dir='ltr'>operam</span> 
     </span>
     <span class='ocr_line' id='line_1_30' title="bbox 170 2857 1809 2894; baseline -0.001 -8"><span class='ocrx_word' id='word_1_243' title='bbox 170 2860 335 2887; x_wconf 84' lang='lat' dir='ltr'>dederant</span> <span class='ocrx_word' id='word_1_244' title='bbox 350 2859 564 2894; x_wconf 83' lang='lat' dir='ltr'>scholastici,</span> <span class='ocrx_word' id='word_1_245' title='bbox 581 2859 833 2887; x_wconf 87' lang='lat' dir='ltr'>Conimbricam</span> <span class='ocrx_word' id='word_1_246' title='bbox 847 2860 1022 2886; x_wconf 84' lang='lat' dir='ltr'>redierunt</span> <span class='ocrx_word' id='word_1_247' title='bbox 1043 2859 1231 2892; x_wconf 73' lang='lat' dir='ltr'>(POLANco,</span> <span class='ocrx_word' id='word_1_248' title='bbox 1246 2858 1380 2892; x_wconf 65' lang='lat' dir='ltr'>Chron„</span> <span class='ocrx_word' id='word_1_249' title='bbox 1402 2862 1424 2885; x_wconf 86' lang='lat' dir='ltr'>t.</span> <span class='ocrx_word' id='word_1_250' title='bbox 1448 2865 1487 2892; x_wconf 89' lang='lat'>11,</span> <span class='ocrx_word' id='word_1_251' title='bbox 1509 2864 1587 2892; x_wconf 85' lang='lat' dir='ltr'>pag.</span> <span class='ocrx_word' id='word_1_252' title='bbox 1603 2857 1671 2892; x_wconf 82' lang='lat'>372,</span> <span class='ocrx_word' id='word_1_253' title='bbox 1688 2866 1718 2885; x_wconf 88' lang='lat' dir='ltr'>n.</span> <span class='ocrx_word' id='word_1_254' title='bbox 1734 2857 1809 2890; x_wconf 67' lang='lat'>420).</span> 
     </span>
     <span class='ocr_line' id='line_1_31' title="bbox 171 2895 1810 2942; baseline -0.001 -9"><span class='ocrx_word' id='word_1_255' title='bbox 171 2907 250 2934; x_wconf 88' lang='lat' dir='ltr'>Ideo</span> <span class='ocrx_word' id='word_1_256' title='bbox 264 2907 328 2934; x_wconf 89' lang='lat' dir='ltr'>has</span> <span class='ocrx_word' id='word_1_257' title='bbox 342 2908 491 2941; x_wconf 86' lang='lat' dir='ltr'>litteras,</span> <span class='ocrx_word' id='word_1_258' title='bbox 507 2908 619 2942; x_wconf 84' lang='lat' dir='ltr'>Aprili</span> <span class='ocrx_word' id='word_1_259' title='bbox 635 2912 693 2934; x_wconf 89' lang='lat' dir='ltr'>aut</span> <span class='ocrx_word' id='word_1_260' title='bbox 710 2908 752 2935; x_wconf 89' lang='lat' dir='ltr'>ad</span> <span class='ocrx_word' id='word_1_261' title='bbox 767 2915 932 2934; x_wconf 86' lang='lat' dir='ltr'>summum</span> <span class='ocrx_word' id='word_1_262' title='bbox 945 2907 1100 2941; x_wconf 83' lang='lat' dir='ltr'>Augusto</span> <span class='ocrx_word' id='word_1_263' title='bbox 1116 2914 1229 2934; x_wconf 85' lang='lat' dir='ltr'>mense</span> <span class='ocrx_word' id='word_1_264' title='bbox 1247 2895 1391 2933; x_wconf 76' lang='lat' dir='ltr'>exeunte</span> <span class='ocrx_word' id='word_1_265' title='bbox 1405 2926 1409 2936; x_wconf 82' lang='grc'>,</span> <span class='ocrx_word' id='word_1_266' title='bbox 1430 2913 1494 2940; x_wconf 91' lang='lat' dir='ltr'>quo</span> <span class='ocrx_word' id='word_1_267' title='bbox 1510 2910 1659 2941; x_wconf 85' lang='lat' dir='ltr'>tempore</span> <span class='ocrx_word' id='word_1_268' title='bbox 1676 2905 1810 2940; x_wconf 81' lang='lat' dir='ltr'>quadri-</span> 
     </span>
     <span class='ocr_line' id='line_1_32' title="bbox 171 2954 1220 2989; baseline -0.001 -8"><span class='ocrx_word' id='word_1_269' title='bbox 171 2958 318 2982; x_wconf 83' lang='lat' dir='ltr'>mestres</span> <span class='ocrx_word' id='word_1_270' title='bbox 333 2954 451 2982; x_wconf 79' lang='lat' dir='ltr'>confici</span> <span class='ocrx_word' id='word_1_271' title='bbox 468 2956 623 2989; x_wconf 80' lang='lat' dir='ltr'>mittique</span> <span class='ocrx_word' id='word_1_272' title='bbox 640 2956 812 2987; x_wconf 77' lang='lat' dir='ltr'>solebant.</span> <span class='ocrx_word' id='word_1_273' title='bbox 829 2955 978 2989; x_wconf 84' lang='lat' dir='ltr'>scriptas</span> <span class='ocrx_word' id='word_1_274' title='bbox 993 2959 1220 2982; x_wconf 85' lang='lat' dir='ltr'>autumamus.</span> 
     </span>
    </p>
   </div>
  </div>
 </body>
</html>
