2074 3179
276 179 346 215 706
816 177 1043 215 LITTERAE
1070 188 1430 221 QUADRIMESTRES

277 275 513 327 plusculos
534 286 639 316 cum
658 275 756 328 jam
775 275 983 326 aluisset,
1001 287 1088 316 nec
1101 276 1307 316 animum
1325 275 1586 316 induxisset
1599 276 1657 316 ad
1667 277 1915 317 criminum

274 346 639 397 confessionem,
663 346 771 386 licet
792 346 1039 398 aliquoties
1059 346 1106 386 in
1133 347 1391 387 maximum
1415 347 1542 387 vitae
1570 347 1823 387 discrimen
1850 348 1914 387 in-

275 419 521 469 currisset,
547 417 790 458 confessus
811 423 881 458 est
909 418 1100 458 tandem
1131 424 1197 469 et,
1227 418 1419 459 dimissa
1446 419 1605 459 statim
1635 419 1912 468 concubina,

277 490 422 530 vitam
455 488 705 529 emendare
739 488 1085 529 ferventissime
1120 501 1320 530 exorsus
1350 496 1433 530 est.
1467 490 1601 530 Alter
1630 501 1815 542 quoque
1842 490 1916 529 vir

275 560 552 601 eminentior
572 561 843 612 generalem
863 560 972 601 fecit
993 560 1358 609 confessionem,
1383 561 1430 601 in
1452 572 1541 613 qua
1563 561 1706 612 Deus,
1730 566 1916 612 praeter

272 631 535 671 mirabilem
555 631 961 683 longanimitatem
983 638 1027 672 et
1051 631 1442 683 misericordiam,
1472 631 1701 683 justitiam
1727 631 1918 683 insuper

276 715 410 743 suam
431 703 747 755 innegabilem
768 704 972 744 ostendit
990 737 997 751 ,
1022 715 1113 755 qua
1134 703 1279 744 utitur
1303 703 1537 744 interdum
1557 709 1606 744 ut
1637 709 1794 744 servet
1824 703 1916 743 ani-

275 786 419 825 mam,
445 774 562 814 alias
583 773 640 814 de
661 775 810 814 salute
832 774 1021 814 omnino
1045 774 1389 825 periclitantem
1408 807 1415 825 ,
1440 774 1681 826 permissis
1700 774 1918 814 nimirum

275 845 682 897 persecutionibus
716 845 1019 886 calumniosis
1058 852 1103 886 et
1143 845 1469 886 afflictionibus
1508 845 1824 897 gravissimis,
1869 852 1918 885 ut

272 918 456 957 scelera
492 917 809 968 detestabilia,
847 916 1116 957 hominibus
1149 918 1355 968 occulta,
1394 917 1574 958 occulte
1601 917 1670 957 sic
1702 916 1916 967 castiget.

274 988 530 1029 Confessus
557 994 627 1029 est
655 989 766 1028 item
791 994 837 1028 et
867 988 1007 1039 alius,
1041 988 1308 1029 conditione
1336 988 1450 1028 satis
1477 989 1653 1038 clarus,
1687 987 1916 1028 exhausta

275 1059 415 1100 totius
440 1059 569 1100 vitae
590 1059 795 1110 sentina,
819 1065 918 1099 tam
939 1059 1075 1100 foeda
1098 1066 1141 1100 et
1163 1059 1487 1111 abominabili,
1510 1065 1561 1099 ut
1580 1058 1693 1099 nulli
1712 1070 1807 1099 non
1827 1065 1917 1098 sto-

274 1131 444 1171 macho
493 1142 718 1171 nauseam
766 1138 981 1171 moveret
1030 1131 1434 1182 molestissimam,
1475 1131 1566 1171 nisi
1610 1130 1919 1171 suavissimus

275 1202 616 1242 emendationis
637 1202 754 1242 odor
776 1213 964 1242 omnem
986 1202 1170 1242 tolleret
1191 1202 1469 1242 molestiam.
1494 1200 1680 1252 Quanta
1706 1201 1847 1241 fuerit
1876 1207 1920 1242 et

275 1273 426 1325 qualis
447 1274 631 1314 sentina
653 1273 732 1313 illa
749 1274 824 1314 vel
847 1273 954 1314 inde
977 1273 1218 1313 aestimari
1233 1279 1406 1325 potest,
1432 1272 1569 1325 quod,
1584 1284 1690 1313 cum
1711 1283 1919 1324 praemo-

274 1346 400 1385 nitus
426 1351 549 1386 esset
578 1350 649 1396 ut,
684 1345 731 1385 in
761 1345 973 1397 peccatis
1004 1345 1064 1385 ad
1089 1345 1366 1385 memoriam
1393 1344 1695 1393 revocandis,
1725 1343 1918 1394 libellos,

274 1428 390 1468 quos
418 1422 613 1467 vocant,
645 1416 1014 1456 confessionales
1052 1416 1320 1467 adhiberet,
1359 1427 1579 1456 reversus
1604 1421 1675 1455 est
1705 1420 1811 1466 post
1845 1415 1920 1454 tri-

274 1487 431 1539 duum,
453 1488 500 1528 id
522 1499 571 1527 se
594 1499 813 1528 asserens
833 1488 1019 1538 fecisse,
1044 1487 1125 1527 sed
1149 1487 1399 1527 authorum
1420 1487 1582 1527 talium
1604 1486 1922 1538 ignorantiam

276 1566 446 1600 taxans
469 1567 512 1600 et
536 1560 759 1610 irridens,
785 1559 909 1611 apud
931 1571 1050 1611 quos
1071 1559 1153 1599 vix
1181 1559 1422 1599 minimam
1450 1569 1642 1598 suorum
1671 1557 1921 1598 criminum

275 1631 556 1682 particulam
577 1631 804 1683 scriptam
826 1631 1099 1671 invenisset.
1124 1631 1174 1671 Id
1194 1630 1316 1681 quod
1343 1642 1419 1670 res
1446 1630 1548 1681 ipsa
1579 1628 1919 1680 comprobavit.

273 1702 374 1743 Nec
391 1703 562 1743 mirum
578 1714 707 1753 sane,
725 1714 876 1754 neque
894 1702 1016 1742 enim
1034 1702 1281 1753 quisquam
1298 1701 1434 1741 facile
1452 1700 1680 1752 potuisset
1697 1700 1742 1739 in
1760 1700 1921 1739 talium

275 1774 613 1826 cogitationem
646 1774 892 1823 devenire,
928 1785 1099 1825 neque,
1130 1772 1168 1812 si
1196 1773 1424 1822 venisset,
1457 1771 1577 1812 forte
1606 1771 1812 1812 scribere
1842 1771 1921 1810 illa

276 1845 526 1886 debuisset.
550 1846 647 1886 Vix
668 1851 795 1885 certe
817 1845 921 1885 visa
942 1856 1149 1896 unquam
1169 1844 1255 1884 fuit
1278 1842 1426 1894 major
1447 1843 1584 1883 simul
1605 1848 1649 1882 et
1670 1842 1842 1882 diaboli
1864 1842 1922 1882 ad

275 1917 609 1969 perditionem,
645 1923 689 1957 et
726 1916 816 1956 Dei
853 1915 911 1956 ad
948 1916 1146 1956 salutem
1181 1915 1318 1955 unius
1354 1915 1540 1955 animae
1573 1913 1843 1954 efficaciam.
1881 1913 1923 1953 ls

278 1989 401 2029 enim
424 1994 468 2028 et
492 1988 662 2029 affectu
684 1994 728 2028 et
752 1988 991 2028 intellectu
1019 1999 1163 2038 prope
1186 1985 1282 2038 jam
1308 1986 1515 2026 funditus
1543 1986 1797 2037 corruptiS,
1829 1985 1923 2036 pul-

278 2061 388 2100 chre
424 2071 507 2111 per
545 2059 759 2100 divinam
792 2058 1166 2099 misericordiam
1195 2057 1493 2098 convaluisse
1519 2057 1720 2105 videtur,
1751 2062 1795 2096 et
1824 2068 1923 2095 coe-

279 2137 406 2182 ptam
429 2131 805 2172 emendationem
828 2130 993 2170 melius
1014 2130 1061 2169 in
1082 2128 1180 2169 dies
1201 2140 1496 2181 promovere.

359 2202 713 2243 Matrimonium
752 2201 990 2253 quoddam
1026 2201 1338 2241 adulterinum
1373 2199 1431 2240 ad
1461 2199 1717 2250 legitimum
1752 2204 1925 2239 statum

279 2274 526 2315 reductum
548 2280 618 2314 est
635 2307 642 2322 ,
667 2286 761 2314 non
783 2273 882 2313 sine
907 2273 1051 2313 multa
1069 2278 1113 2313 et
1130 2273 1353 2324 perplexa
1371 2271 1678 2322 discussione,
1698 2282 1804 2311 cum
1821 2270 1922 2310 sub-

278 2352 401 2387 esset
438 2346 761 2398 impedimenti
795 2345 937 2385 etiam
971 2350 1265 2384 contractum
1293 2342 1553 2383 dirimentis
1580 2354 1753 2393 magna
1778 2342 1923 2393 suspi-

278 2418 367 2458 cio.
398 2416 627 2468 Pleraque
656 2417 767 2456 item
796 2416 887 2456 alia
918 2415 973 2456 de
1008 2415 1305 2455 matrimonio
1341 2414 1480 2454 dubia
1512 2420 1557 2454 et
1586 2414 1794 2466 pericula
1823 2413 1923 2453 sub-

282 2491 374 2529 lata
398 2494 526 2539 sunt,
554 2495 655 2539 aut,
679 2494 729 2527 ut
751 2488 797 2528 in
820 2487 922 2527 Deo
945 2498 1052 2539 spes
1073 2493 1163 2537 est,
1195 2485 1326 2525 brevi
1356 2485 1631 2535 auferenda,
1666 2484 1924 2535 cujusmodi

282 2566 351 2600 est
379 2572 518 2601 casus
547 2559 716 2600 nobilis
743 2557 988 2609 cujusdam
1017 2557 1108 2597 viri
1143 2556 1325 2597 externi
1360 2567 1462 2596 sese
1498 2555 1555 2595 ob
1591 2567 1694 2596 eam
1731 2567 1924 2596 causam

281 2631 608 2683 exspectantis
634 2629 641 2648 ¹
666 2636 711 2670 et
733 2629 912 2670 diutino
934 2641 958 2668 a
982 2629 1136 2680 patria
1158 2639 1243 2668 sua
1265 2627 1403 2667 exilio
1425 2627 1707 2667 mulctantis.

304 2725 308 2728 ·
363 2702 489 2742 Idem
518 2701 688 2742 accidit
717 2700 954 2741 multoties
985 2705 1028 2740 et
1051 2699 1178 2739 circa
1198 2709 1448 2738 usurarum
1470 2709 1608 2738 casus
1635 2710 1780 2750 usque
1810 2699 1926 2739 adeo

284 2774 502 2821 subtiles,
543 2780 593 2813 ut
635 2773 756 2813 inter
789 2783 959 2824 purum
999 2777 1044 2811 et
1077 2770 1317 2822 palliatum
1349 2774 1644 2810 contractum
1674 2769 1926 2810 discrimen

282 2855 428 2895 aegre
460 2850 599 2896 queat
634 2842 963 2883 animadverti.
1002 2841 1289 2883 Confidimus
1322 2846 1480 2881 tamen
1507 2840 1553 2880 in
1580 2840 1784 2881 Domino
1811 2841 1926 2881 nihil

345 3003 352 3021 ¹
394 3003 600 3031 Atramento
616 3011 755 3031 corrosa
772 3005 911 3037 charta,
926 3004 1016 3031 haud
1034 3004 1125 3031 clare
1142 3003 1218 3037 quid
1235 3003 1399 3036 seriptum
1415 3000 1517 3028 suerit
1533 3004 1729 3037 percipitur.
