2074 3179
839 133 874 167 A
885 142 922 167 Ν.
954 131 1044 167 1550
1688 132 1758 169 ‘207

130 241 215 268 nec
248 228 371 268 aliud
399 228 445 268 in
474 239 529 267 eo
557 227 855 268 considerare
883 227 1012 280 potui
1042 226 1164 278 quod
1192 226 1302 266 mihi
1333 227 1599 278 displiceret
1619 239 1758 280 quam

129 299 251 350 quod
271 310 364 339 non
385 298 534 350 potuit
555 298 710 348 legere
732 297 873 338 horas
893 303 942 338 ut
962 296 1255 338 satisfaceret
1275 297 1542 349 praeceptis
1557 303 1601 337 et
1622 309 1755 349 regu-

128 369 181 409 lis
211 369 321 410 suis.
351 369 433 409 Est
459 374 504 409 et
537 368 794 409 saecularis
822 367 1012 420 quidam
1039 367 1260 408 sacerdos
1295 366 1503 419 ejusdem
1529 369 1686 420 oppidi
1713 377 1756 409 et

128 440 302 491 aliquot
335 440 412 480 alii
439 440 678 490 utriusque
714 451 876 487 sexus,
913 439 1011 491 qui,
1043 444 1093 478 ut
1124 438 1242 478 dixit
1276 438 1388 478 mihi
1421 438 1576 489 Prior,
1612 440 1756 479 miras

127 511 364 562 patiuntur
391 510 702 550 revelationes
730 515 774 550 et
802 509 970 561 viginti
999 509 1134 549 annis
1165 509 1292 560 passi
1323 514 1449 560 sunt,
1486 510 1606 550 mira
1634 510 1755 550 bona

125 582 457 633 prophetantes
496 581 552 621 de
587 581 676 621 hac
710 587 870 621 nostra
904 580 1161 632 Societate3
1202 580 1249 620 in
1285 579 1449 631 quibus
1481 580 1570 621 hoc
1606 581 1755 621 solum

124 652 359 704 displicuit
386 651 522 702 mihi,
553 651 676 703 quod
703 652 854 692 dictus
884 651 1126 702 sacerdos,
1157 651 1270 691 satis
1299 663 1463 702 senex,
1495 651 1629 692 nives
1650 663 1754 692 con-

123 728 302 763 stanter
323 728 367 763 et
388 728 515 763 certo
536 723 779 774 promittat
801 722 956 773 brevi,
980 722 1120 762 immo
1142 721 1421 773 quandoque
1443 728 1622 762 certum
1644 728 1753 762 tem-

126 804 210 843 pus
230 793 498 844 nominans,
523 793 646 845 quod
663 791 760 844 jam
780 804 920 844 saepe
941 792 1120 843 fefellit,
1144 797 1188 832 et
1210 792 1459 844 quemdam
1485 798 1752 843 venturum,

124 864 201 914 qui
223 864 364 904 etiam
385 875 525 915 supra
548 863 801 915 Apostolos
831 864 1009 903 clareat
1037 863 1286 914 prodigiiS,
1316 863 1484 914 signis,
1518 864 1756 904 miraculis

124 940 167 974 et
188 933 420 985 doctrina,
446 935 520 974 cui
543 945 704 974 omnes
726 946 752 974 a
775 934 978 974 maximo
999 945 1145 984 usque
1176 933 1235 974 ad
1258 933 1501 974 minimum
1528 941 1755 986 cogentur

124 1005 336 1054 obedire,
361 1005 438 1057 qui
467 1017 627 1045 omnes
649 1005 791 1044 libere
818 1004 1128 1056 reprehendet
1155 1010 1199 1044 et
1232 1004 1528 1053 reformabit;
1554 1011 1598 1046 et
1618 1004 1755 1057 hujus

124 1075 236 1116 dicti
266 1076 355 1116 viri
381 1075 677 1127 coadjutores
706 1081 862 1115 essent
888 1074 996 1115 fres.
1027 1075 1195 1126 nostri;
1225 1082 1269 1115 et
1305 1076 1464 1116 dicunt
1499 1087 1548 1116 se
1584 1087 1755 1127 cogno—

123 1159 254 1187 scere
277 1148 322 1187 in
345 1147 509 1198 spiritu
531 1147 604 1187 cui
626 1145 855 1186 Dominus
877 1152 1057 1186 tantam
1077 1146 1289 1186 infundet
1318 1147 1536 1198 gratiam.
1561 1147 1632 1187 De
1655 1148 1755 1188 istis

123 1218 394 1269 simpliciter
416 1217 511 1257 dixi
532 1217 655 1269 quod
678 1217 862 1268 quidem
882 1229 1019 1268 spero
1035 1229 1118 1268 per
1135 1216 1221 1257 Dei
1239 1218 1443 1268 gratiam
1465 1218 1754 1259 reformatio-

122 1301 227 1329 nem
247 1289 511 1339 Ecclesiae,
536 1287 616 1328 sed
638 1288 762 1339 quod
783 1300 837 1328 eo
859 1287 995 1328 modo
1017 1288 1146 1328 fieret
1167 1300 1240 1328 me
1261 1300 1355 1328 non
1386 1289 1598 1339 credere,
1622 1296 1668 1329 et
1690 1290 1752 1329 ita

124 1372 194 1400 me
216 1360 453 1400 substraxi
487 1359 544 1399 ab
572 1359 693 1408 istis,
728 1370 906 1398 memor
936 1359 1186 1398 verborum
1214 1359 1424 1399 Domini:
1456 1360 1656 1410 quinon
1685 1364 1754 1400 est

123 1434 288 1471 contra
309 1441 419 1479 vos,
440 1429 678 1469 vobiscum
699 1433 797 1478 est,·
818 1435 862 1469 et
883 1429 993 1469 veni
1015 1429 1377 1470 Amstelodamis
1401 1436 1445 1470 et
1465 1430 1527 1470 ibi
1549 1430 1752 1483 hospitio

122 1507 367 1554 susceptus
394 1501 459 1541 fui
487 1512 513 1540 a
540 1506 728 1552 pastore
763 1501 931 1541 summi
958 1501 1140 1551 templi,
1170 1500 1231 1541 M.
1255 1500 1521 1553 Florentio,
1552 1502 1626 1542 cui
1648 1503 1757 1542 olim

123 1573 507 1613 cohabitaveram
533 1571 754 1623 Lovanii,
788 1578 831 1612 et
866 1571 972 1611 inde
1003 1571 1161 1612 statim
1189 1572 1330 1611 invisi
1359 1571 1612 1613 Dominum
1640 1573 1757 1614 Can-

122 1645 269 1695 nium,
307 1644 590 1684 confratrem
630 1643 818 1683 Domini
852 1642 1056 1683 Cornelii
1086 1642 1111 1693 ¹,
1149 1655 1285 1695 quem
1316 1643 1414 1695 jam
1450 1656 1585 1695 spero
1620 1645 1755 1684 vobis

123 1716 308 1763 adesse,
339 1715 526 1756 doctum
555 1713 806 1754 admodum
838 1714 993 1754 virum
1029 1720 1073 1754 et
1101 1720 1338 1766 pastorem
1365 1714 1608 1767 cujusdam
1628 1715 1754 1767 pagi,

122 1786 197 1837 qui
228 1785 365 1826 valde
394 1785 657 1826 humaniter
687 1786 733 1826 in
759 1784 961 1826 Domino
988 1797 1074 1825 nos
1104 1786 1309 1837 suscepit
1340 1791 1384 1825 et
1415 1786 1532 1826 dixit
1559 1798 1609 1826 se
1638 1799 1755 1838 pene

122 1858 238 1897 illius
262 1857 403 1897 animi
424 1868 525 1896 esse
546 1857 622 1908 qui
643 1857 755 1896 velit
778 1857 907 1908 sequi
928 1856 1181 1896 Dominum
1202 1856 1419 1897 Crocum.

198 1928 254 1968 Et
293 1926 398 1967 inde
438 1926 600 1967 eodem
635 1927 708 1967 die
743 1927 926 1967 rediens
961 1926 1348 1977 Amstelodamis,
1394 1928 1529 1968 alteri
1564 1928 1753 1968 cuidam

120 1999 267 2050 probo
290 2004 333 2039 et
355 1999 492 2039 docto
515 1998 748 2038 sacerdoti
769 1998 985 2049 loquutus
1008 2009 1131 2048 sum,
1156 1999 1233 2049 qui
1262 1999 1376 2038 dixit
1405 2011 1455 2039 se
1488 1999 1754 2039 Lovanium

121 2076 367 2110 venturum
391 2076 435 2109 et
463 2076 787 2120 suscepturum
822 2069 1060 2109 exercitia.
1092 2069 1282 2109 Interim
1313 2076 1470 2110 tamen
1500 2070 1548 2109 hi
1578 2070 1756 2111 domini

121 2146 395 2192 exspectant
423 2141 603 2180 litteras
629 2139 817 2179 Domini
841 2139 998 2189 Croci,
1033 2139 1264 2191 quomodo
1297 2140 1516 2180 videlicet
1547 2141 1636 2192 ipsi
1657 2153 1758 2181 suc—

121 2211 270 2251 cedat.
293 2211 459 2251 Pastor
481 2223 682 2262 quoque,
706 2211 878 2262 hospes
900 2222 1049 2261 meus,
1077 2211 1271 2250 multum
1294 2210 1492 2251 afficitur
1513 2210 1754 2262 societati,

120 2283 182 2322 ita
216 2288 265 2322 ut
295 2282 411 2322 bene
446 2281 502 2322 de
536 2282 635 2333 ipso
671 2288 1016 2333 exspectarem,
1050 2282 1139 2321 nisi
1174 2282 1386 2322 timerem
1419 2293 1514 2321 non
1555 2294 1758 2334 parvam

122 2353 494 2393 commotionem.
525 2351 613 2393 Sed
642 2351 871 2392 Dominus
901 2352 1036 2405 Jesus
1065 2352 1185 2392 bene
1220 2358 1265 2392 et
1300 2353 1509 2393 suaviter
1541 2353 1760 2403 dignetur

123 2424 276 2464 omnia
299 2423 562 2475 disponere.
588 2422 764 2463 Audivi
788 2422 957 2463 ibidem
980 2422 1324 2463 confessionem
1355 2424 1491 2463 unius
1518 2424 1760 2476 praecipui

122 2495 398 2535 mercatoris
415 2493 613 2545 jacentis
634 2494 680 2533 in
702 2494 945 2539 extremis,
979 2506 1004 2533 a
1036 2494 1191 2533 multis
1219 2500 1414 2545 rogatus
1442 2500 1486 2535 et
1519 2507 1546 2534 a
1572 2501 1760 2546 pastore

123 2577 305 2617 quoque
335 2565 605 2616 instigatus,
639 2565 716 2615 qui
745 2565 888 2604 etiam
919 2564 1015 2616 jam
1051 2565 1177 2604 obiit.
1214 2565 1444 2605 Dominus
1479 2566 1758 2606 misereatur

123 2637 305 2676 animae
326 2635 436 2687 ejus.
458 2636 682 2676 Omnibus
700 2647 816 2687 pene
833 2635 895 2675 ibi
912 2641 1049 2675 notus
1065 2635 1130 2676 fui
1150 2642 1337 2686 praeter
1355 2637 1755 2688 exspectationem

125 2707 302 2748 ratione
338 2708 615 2757 amicorum3
653 2706 734 2747 sed
768 2717 855 2758 ego
885 2707 1198 2757 protestabar,
1240 2707 1379 2747 immo
1408 2708 1562 2758 potius
1598 2714 1760 2759 pastor

126 2789 228 2817 mco
267 2779 471 2827 nomine,
509 2777 633 2829 quod
666 2778 791 2827 illos,
830 2778 907 2829 qui
942 2789 1014 2817 me
1053 2778 1235 2817 ratione
1275 2785 1456 2818 tantum
1493 2778 1752 2819 amicorum

183 2937 188 2955 ¹
232 2936 376 2963 Cornelii
394 2936 501 2963 Croci.
