2074 3179
837 142 920 180 AN.
953 142 1044 180 1550
1695 144 1766 182 239

129 238 268 289 quive
288 236 485 278 Sacram
504 237 851 278 Eucharistiam
878 239 1191 290 perciperent,
1222 250 1246 278 e
1267 239 1524 289 communi,
1554 240 1758 291 inquam,

127 319 272 359 grege
293 308 620 348 studiosorum.
643 308 840 348 Accedit
861 309 982 361 quod
1005 309 1349 349 haereticorum
1371 310 1513 349 libros
1535 310 1668 349 nobis
1690 323 1760 350 re-

130 379 337 429 signant,
371 384 415 418 et
445 385 769 430 suspectorum
797 386 1042 420 auctorum
1069 380 1244 431 scripta
1271 379 1483 420 deferant
1516 381 1755 420 abiiciant-

129 461 232 500 que.
255 449 312 489 Et
332 449 421 489 hac
442 450 488 489 in
510 456 642 501 parte
662 462 756 490 non
777 451 969 491 minima
990 450 1176 491 videtur
1204 451 1348 501 pestis
1376 450 1680 499 Germaniae,
1705 458 1754 492 ut

130 520 246 560 alias
277 520 624 571 admonuimus,
660 519 766 561 cum
801 522 1045 562 inferiores
1072 522 1213 561 etiam
1249 527 1394 572 artes,
1426 522 1482 561 ab
1510 521 1760 562 haereticis

127 591 375 642 plurimum
396 596 647 642 tractatae,
671 592 874 633 habeant
894 603 1076 632 venena
1105 603 1211 642 sua,
1242 598 1286 632 et
1315 593 1388 632 vel
1419 592 1572 643 impiis
1604 604 1754 633 exem-

127 662 214 712 plis
237 661 449 702 adductis
471 662 678 702 inficiant
698 663 795 703 fere
824 662 1159 703 adolescentes.
1188 662 1343 713 Quare
1371 675 1562 714 operam
1590 663 1756 703 damus

125 739 173 772 ut
195 733 387 772 nomine
405 733 591 784 publico
613 740 860 785 caveatur,
883 747 940 774 ne
961 734 1062 785 quis
1083 740 1162 773 aut
1182 734 1376 784 vendat,
1401 740 1480 774 aut
1501 740 1657 774 teneat
1685 747 1754 775 su-

124 810 310 855 spectos
334 804 543 855 codices,
568 805 690 856 iique
713 806 962 846 visitentur
984 817 1011 845 a
1038 806 1178 845 certis
1210 811 1254 845 et
1281 805 1527 856 fidedignis
1555 806 1669 845 viris
1700 807 1760 846 ad

124 875 213 914 hoc
235 874 483 926 deputatis,
509 887 604 915 non
625 876 671 915 in
692 876 887 927 publicis
909 882 1090 916 tantum
1107 876 1411 925 bibliotheciS,
1433 888 1597 916 verum
1615 878 1756 917 etiam

123 945 169 985 in
188 946 387 996 privatis
411 947 667 986 multorum
688 947 925 987 cubiculis.
953 946 1056 997 Qua
1077 947 1132 987 de
1153 958 1223 996 re,
1247 947 1366 986 sicut
1388 952 1432 986 et
1454 947 1510 986 de
1532 948 1637 987 aliis
1659 949 1756 999 qui-

121 1015 319 1056 busdam
349 1017 588 1068 abusibus,
615 1029 732 1069 quos
752 1018 946 1058 nimium
965 1018 1059 1058 iam
1081 1018 1368 1058 inveteratos
1390 1029 1491 1057 esse
1524 1018 1751 1069 dolemus,

121 1087 299 1127 litteras
320 1087 530 1128 dedimus
557 1088 617 1128 ad
636 1089 861 1139 primaria
883 1090 1038 1140 capita
1070 1089 1208 1129 huius
1239 1088 1529 1138 academiae,
1563 1095 1754 1130 orantes

120 1164 169 1197 ut
196 1169 280 1209 pro
308 1159 590 1198 authoritate
621 1171 706 1199 sua
739 1159 1020 1210 provideant
1047 1166 1091 1200 et
1119 1165 1371 1200 occurrant
1401 1160 1530 1200 hisce
1560 1160 1751 1212 morbis,

121 1229 198 1280 qui
237 1230 409 1280 partim
441 1229 734 1281 disciplinam
766 1230 952 1281 pietatis
988 1231 1382 1282 honestorumque
1411 1242 1594 1271 morum
1621 1232 1755 1272 attin-

119 1306 256 1351 gunt,
279 1300 450 1351 partim
471 1306 650 1340 rectam
670 1300 931 1341 studiorum
951 1301 1182 1342 rationem
1202 1302 1477 1353 perturbant
1498 1314 1553 1342 ac
1587 1302 1754 1342 distra—

119 1370 247 1410 hunt.
271 1371 337 1410 Ita
359 1371 450 1421 fiet,
474 1383 732 1422 speramus,
756 1378 806 1412 ut
828 1378 872 1412 et
889 1372 953 1412 illi
969 1373 1121 1423 magis
1139 1372 1275 1412 officii
1292 1373 1362 1412 sui
1381 1373 1690 1424 meminerint,
1709 1380 1754 1413 et

118 1452 203 1481 nos
224 1442 502 1492 provinciae
523 1441 801 1482 Rectoratus
823 1455 916 1483 non
939 1443 1141 1483 defuisse
1162 1443 1421 1483 videamur.

198 1512 358 1552 Mense
389 1513 561 1553 etenim
592 1513 804 1563 Octobri,
830 1526 971 1566 quum
999 1515 1057 1554 ad
1085 1515 1197 1555 novi
1224 1515 1438 1555 Rectoris
1470 1515 1533 1565 <ut
1561 1515 1750 1565 vocant)

119 1583 394 1623 electionem
413 1590 606 1624 ventum
627 1590 769 1636 esset,
792 1585 896 1636 pari
922 1596 1154 1625 consensu
1174 1585 1494 1637 professorum
1515 1593 1558 1626 et
1586 1585 1749 1626 suffra-

116 1654 331 1705 gantium
352 1655 559 1695 omnium
579 1655 775 1707 accidit,
800 1662 849 1696 ut
869 1656 1152 1708 repugnanti
1173 1656 1314 1697 etiam
1335 1656 1449 1696 mihi
1475 1657 1564 1696 hoc
1586 1669 1755 1697 munus

116 1725 390 1776 delegarint.
413 1725 510 1766 Nec
531 1727 647 1767 satis
669 1727 799 1767 licuit
820 1739 1055 1779 recusare,
1080 1728 1205 1779 quod
1224 1734 1274 1768 ut
1294 1728 1581 1778 susciperem
1612 1740 1743 1779 onus,

117 1796 170 1835 R.
193 1796 243 1836 P.
269 1796 452 1837 Claudii
473 1797 677 1838 faciebat
700 1798 975 1850 authoritas,
1001 1799 1323 1851 sententiaque
1345 1805 1440 1850 tua,
1459 1799 1752 1840 observande

115 1873 263 1919 pater,
288 1873 332 1908 et
354 1879 540 1918 eorum,
565 1870 643 1921 qui
664 1881 848 1910 mecum
868 1876 974 1910 sunt
996 1870 1043 1910 in
1060 1870 1245 1911 Christo
1262 1871 1460 1910 fratrum
1477 1881 1751 1921 consensus,

115 1944 221 1989 post
243 1940 413 1980 multas
435 1940 494 1980 ad
514 1940 667 1980 Deum
686 1941 816 1981 fusas
838 1942 1148 1993 precationes,
1168 1941 1426 1993 flagitabat.

198 2009 250 2049 In
272 2021 362 2061 quo
383 2022 574 2051 munere
596 2011 967 2052 administrando
989 2013 1133 2052 multa
1165 2018 1293 2063 sunt,
1324 2024 1442 2064 quae
1464 2013 1751 2064 singularem

119 2091 233 2131 erga
253 2092 338 2121 nos
367 2080 455 2120 Dei
482 2082 628 2133 patris
656 2082 913 2122 bonitatem
944 2082 1290 2133 commendent,
1321 2089 1365 2122 et
1393 2083 1596 2133 gratiam
1628 2095 1747 2123 com-

118 2151 329 2201 probent.
360 2151 541 2192 Placuit
569 2153 692 2192 enim
718 2159 938 2193 aeternae
959 2154 1108 2205 ipsius
1128 2154 1407 2205 benignitati
1427 2165 1562 2204 suae,
1591 2160 1640 2193 ut
1666 2166 1749 2206 per

117 2222 254 2262 huius
287 2223 533 2262 ministerii
569 2224 865 2264 occasionem
900 2224 1191 2276 professores
1218 2225 1445 2276 imprimis
1474 2225 1749 2265 iuvarentur

117 2299 255 2345 atque
276 2294 508 2345 magistri,
538 2305 656 2345 quos
677 2294 797 2334 inter
818 2307 867 2335 se
888 2301 1048 2335 mutuo
1069 2296 1373 2347 graviterque
1395 2295 1670 2336 dissidentes
1699 2296 1748 2336 in

115 2364 319 2414 gratiam
339 2364 533 2404 rediisse
555 2366 743 2405 tandem
763 2366 1042 2417 gaudemus,
1065 2373 1115 2406 ut
1137 2367 1383 2407 diuturnae
1413 2367 1673 2407 simultates
1701 2373 1748 2408 et

115 2435 326 2486 publicae
344 2437 667 2476 contentiones
683 2436 778 2476 iam
793 2438 1161 2489 conquieverint,
1181 2437 1282 2478 Deo
1296 2438 1426 2489 duce,
1446 2438 1578 2490 pacis
1595 2438 1746 2478 omnis

115 2506 326 2546 authore.
350 2505 530 2546 Deinde
551 2518 724 2558 magno
755 2507 1017 2549 studiorum
1038 2509 1245 2549 omnium
1273 2509 1395 2549 bono
1422 2508 1599 2549 factum
1626 2508 1742 2548 affir-

115 2582 263 2628 mant,
288 2577 412 2629 quod
432 2584 527 2618 tres
554 2590 648 2618 non
677 2579 839 2629 optimi
865 2580 1065 2631 exempli
1097 2580 1418 2620 adolescentes
1449 2580 1665 2630 relegati,
1698 2587 1742 2620 et

114 2648 221 2688 hinc
243 2649 469 2689 excedere
491 2649 606 2689 iussi
626 2655 747 2700 sunt,
770 2656 1079 2702 posteaquam
1100 2650 1224 2702 apud
1244 2652 1414 2691 multos
1435 2651 1569 2691 viluit
1591 2652 1743 2691 cultus

113 2720 338 2759 honestae
360 2719 657 2771 disciplinae,
682 2720 741 2760 ad
762 2732 901 2772 quam
920 2733 1014 2762 non
1035 2722 1134 2762 sine
1164 2723 1331 2762 timore
1365 2728 1410 2762 et
1436 2728 1613 2762 terrore
1639 2734 1740 2773 pro-

113 2790 279 2841 posito,
302 2790 378 2830 hic
398 2790 696 2842 praesertim,
719 2793 937 2832 revocari
958 2803 1096 2843 posse
1114 2793 1376 2834 videantur.

192 2860 366 2912 Tertio,
386 2861 622 2902 desierunt
641 2862 931 2913 professores
952 2864 1224 2915 praelegere
1244 2865 1387 2904 libros
1407 2864 1672 2905 haereticos
1696 2871 1741 2904 et

113 2931 335 2982 privatim
369 2937 413 2972 et
449 2932 653 2983 publice:
692 2939 789 2973 tum
820 2934 1018 2974 accessit
1045 2935 1220 2985 cautio,
1252 2941 1299 2975 ut
1327 2947 1384 2976 ne
1422 2936 1468 2975 in
1501 2942 1740 2987 posterum
