2074 3179
252 183 322 220 748
763 183 991 220 LITTERAE
1017 193 1376 226 QUADRIMESTRES

331 279 461 319 Haec
496 285 623 330 sunt,
654 291 774 331 quae
804 280 1081 320 Paternitati
1108 285 1217 320 tuae
1252 280 1500 321 scribenda
1534 293 1637 322 sese
1672 282 1887 333 offerunt,

251 362 309 390 ex
329 350 415 401 his,
440 362 559 402 quae
581 350 670 391 hoc
691 351 1024 403 quadrimestri
1045 357 1266 402 operatus
1287 358 1356 392 est
1381 352 1611 393 Dominus
1627 364 1711 404 per
1729 365 1894 394 servos

251 432 378 462 suos.

330 491 568 544 Principio
603 491 784 533 Doctor
820 493 1054 544 Baptista,
1093 494 1143 534 P.
1181 500 1364 543 noster,
1406 494 1551 534 adivit
1586 495 1808 546 Den1am,
1849 502 1898 535 ut

252 574 366 602 oves
392 563 496 603 illas
524 563 772 614 inviseret,
804 575 923 615 quas
949 565 1036 605 sibi
1072 565 1306 605 commisit
1340 564 1592 616 Dominus,
1621 566 1701 606 ubi
1726 578 1810 618 per
1835 567 1896 606 bi—

251 634 393 674 duum
428 641 592 686 quater
623 635 929 676 concionatus
957 642 1027 676 est
1056 647 1231 687 magno
1259 648 1365 676 cum
1402 636 1580 687 fructu;
1615 638 1748 678 multi
1774 639 1898 678 enim

250 704 454 746 confessi
476 711 604 757 sunt,
633 712 677 746 et
698 707 857 757 plures
886 706 1104 758 fuissent,
1137 707 1228 747 nisi
1258 707 1419 747 sedula
1447 719 1561 748 cura
1590 708 1738 748 nostri
1770 709 1900 750 illum

250 776 310 816 ad
331 788 418 817 nos
440 777 578 817 citius
598 777 762 817 venire
784 778 1103 829 compulisset.
1127 778 1272 819 Venit
1293 777 1434 829 igitur
1457 789 1564 818 cum
1584 779 1731 819 altero
1760 779 1898 820 Patre

249 848 380 888 socio
416 848 475 889 ad
509 849 859 889 xenodochium
893 848 1096 900 Deniae,
1127 854 1178 890 ut
1213 849 1349 890 alteri
1382 849 1567 890 illorum
1597 850 1899 892 confiteretur

248 919 573 971 xenodochus,
605 920 683 972 qui
714 932 770 960 ea
798 925 935 960 nocte
967 932 994 960 a
1022 920 1304 972 quibusdam
1328 919 1578 972 juvenibus
1610 922 1669 961 ad
1699 928 1898 962 mortem

248 1002 395 1043 usque
422 991 677 1043 perductus
711 991 864 1032 fuerat
898 992 1171 1032 exitialibus
1207 992 1507 1041 vulneribus3
1543 993 1895 1045 confessusque,

248 1067 357 1102 ante
379 1061 557 1102 obitum
584 1063 874 1103 occisoribus
903 1063 1095 1104 obtenta
1124 1069 1194 1104 est
1221 1062 1387 1114 venia,
1411 1062 1643 1115 Paterque
1672 1076 1698 1104 a
1721 1064 1897 1105 Guber-

248 1140 413 1174 natore
435 1134 632 1174 obtinuit
652 1140 701 1174 ut
722 1134 972 1187 quemdam
988 1133 1232 1186 juvenem,
1258 1134 1315 1174 de
1339 1135 1421 1175 tali
1441 1142 1590 1175 morte
1611 1141 1896 1188 suspectum,

249 1216 277 1244 a
308 1205 511 1245 vinculis
546 1206 593 1245 in
627 1205 842 1246 libertate
875 1212 1153 1258 reponeret;
1191 1205 1317 1258 quod
1352 1205 1528 1247 facturn
1565 1212 1648 1247 est.
1687 1206 1897 1248 Alterius

248 1275 391 1316 etiam
421 1276 623 1317 hominis
658 1277 943 1329 libertatem,
977 1277 1056 1329 qui
1090 1282 1283 1329 propter
1311 1277 1438 1318 aliud
1466 1277 1686 1318 delictum
1718 1279 1897 1318 catenis

246 1346 434 1388 vinctus
456 1347 640 1399 aderat,
664 1347 817 1388 Patris
838 1348 1057 1400 precibus
1078 1348 1294 1400 permisit
1320 1347 1638 1389 Gubernator.

327 1416 472 1458 Allati
494 1424 601 1458 sunt
621 1418 729 1458 illuc
752 1425 851 1459 tum
873 1418 1123 1459 duodecim
1143 1418 1380 1470 homineS‚
1410 1418 1680 1459 triremibus
1708 1430 1768 1459 ex
1798 1431 1896 1459 sen-

247 1488 394 1528 tentia
411 1487 584 1540 judicis
604 1489 846 1541 destinati,
880 1502 1077 1543 quorum
1107 1490 1290 1531 animos
1311 1489 1450 1530 Pater
1478 1490 1662 1531 erudito
1695 1490 1897 1542 quodam

247 1570 463 1599 sermone
486 1560 546 1600 ad
567 1561 914 1601 confessionem
935 1562 1147 1613 attraxit,
1174 1561 1472 1613 confessique
1495 1568 1603 1602 sunt
1624 1573 1683 1601 ex
1704 1562 1795 1602 illis
1816 1562 1895 1601 ali-

247 1630 346 1681 qui,
370 1637 415 1670 et
434 1631 634 1672 fuissent
656 1644 839 1684 omnes,
862 1633 954 1673 nisi
974 1633 1110 1673 binos
1132 1643 1212 1672 eos
1235 1632 1453 1672 custodes
1481 1638 1890 1681 concatenassent;

244 1712 352 1741 cum
373 1701 433 1753 is,
458 1702 537 1754 qui
557 1703 863 1755 praecipuam
885 1716 1049 1744 curam
1071 1704 1257 1744 illorum
1277 1703 1488 1754 gerebat,
1519 1702 1701 1754 aliquos
1729 1702 1891 1743 dissol-

244 1774 406 1824 visset,
430 1775 707 1825 persuaderi
727 1787 967 1827 nunquam
983 1776 1134 1827 potuit
1155 1783 1204 1815 ut
1224 1775 1430 1826 reliquos
1452 1774 1744 1814 dissolveret.

326 1844 575 1886 Ordinavit
596 1846 738 1887 etiam
760 1847 807 1887 in
829 1859 884 1887 eo
916 1847 1102 1899 oppido,
1137 1846 1262 1898 quod
1289 1847 1407 1886 solet
1440 1852 1646 1886 statuere
1675 1857 1893 1897 quocum-

244 1927 333 1967 que
354 1917 722 1958 concionaturus
745 1919 855 1970 abit,
879 1924 929 1958 ut
952 1917 1237 1970 congregati
1259 1917 1397 1957 simul
1419 1928 1580 1957 omnes
1602 1916 1736 1968 pueri
1752 1916 1874 1957 domi

246 1987 363 2028 nicis
384 1988 547 2029 diebus
568 1995 613 2030 et
634 1989 767 2030 festis
789 1990 1054 2030 doctrinam
1074 1989 1344 2030 recitarent.

325 2058 507 2100 Deinde
535 2060 770 2102 dominico
798 2061 875 2102 illo
904 2062 998 2112 die,
1030 2060 1244 2101 Gandiae
1272 2058 1454 2099 Doctor
1483 2059 1717 2111 Baptista,
1755 2058 1894 2099 Pater

244 2136 419 2182 noster,
445 2132 756 2173 concionatus
786 2139 877 2184 est,
902 2133 1134 2173 instanter
1158 2132 1217 2172 ad
1238 2130 1285 2171 id
1306 2130 1455 2182 pridie
1477 2136 1687 2181 rogatus.
1717 2130 1893 2171 Eodem

245 2201 387 2242 etiam
407 2202 503 2254 die,
527 2209 716 2255 praeter
738 2215 923 2256 semper
945 2203 1224 2244 confitentes
1243 2234 1251 2253 ,
1275 2201 1408 2242 multi
1428 2202 1508 2242 alii
1530 2202 1654 2253 apud
1674 2213 1760 2242 nos
1788 2213 1893 2242 con-

245 2272 358 2313 fessi
378 2279 500 2314 sunt.
531 2274 663 2315 Tunc
693 2275 855 2327 etiam,
880 2275 1087 2327 peractis
1111 2274 1209 2326 jam
1239 2273 1521 2325 vespertinis
1548 2273 1700 2324 horis,
1724 2285 1895 2325 pompa

246 2343 469 2396 Corporis
490 2345 667 2386 Christi
689 2346 746 2387 de
768 2346 979 2398 Collegio
1002 2351 1182 2395 nostro,
1206 2356 1290 2396 per
1311 2344 1500 2384 scholae
1518 2344 1744 2384 ambitum
1764 2349 1808 2384 et
1829 2344 1893 2384 in-

246 2416 422 2456 teriora
444 2418 618 2468 spatia,
650 2429 849 2469 quorum
878 2419 1084 2470 parietes
1106 2415 1277 2468 pannis
1309 2415 1445 2466 tecti,
1476 2416 1726 2467 processit3
1759 2415 1895 2455 adde-

244 2486 358 2527 bant
378 2498 545 2539 nempe
569 2489 916 2530 solemnitatem
936 2498 1218 2529 numerosus
1234 2486 1393 2538 populi
1416 2497 1690 2534 concursuS‚
1714 2492 1895 2537 praete—

245 2569 328 2598 rea
370 2559 571 2611 equites,
618 2560 696 2612 qui
737 2572 843 2601 cum
879 2560 1012 2601 Duce
1051 2563 1397 2608 convenerant,
1437 2557 1576 2597 tubae
1611 2557 1808 2597 ductiles
1850 2564 1894 2598 et

247 2635 493 2670 cantorum
527 2631 676 2672 dulcis
711 2639 992 2683 concentus,
1025 2643 1080 2672 ac
1116 2630 1305 2671 tandem
1341 2628 1593 2669 latinorum
1630 2629 1893 2670 carminum

246 2702 539 2753 compositio,
564 2715 684 2755 quae
712 2705 869 2745 omnia
890 2704 1157 2745 alliciebant
1180 2702 1361 2742 animos
1384 2700 1501 2740 bene
1524 2701 1810 2751 compositos
1845 2708 1894 2740 ut

245 2770 347 2812 Deo
383 2775 829 2824 congratularentur
865 2785 1119 2825 omnesque
1155 2772 1330 2812 cultum
1367 2769 1647 2821 laudemque
1685 2776 1892 2822 praesta—

246 2848 351 2883 rent
379 2843 607 2885 Creatori.
638 2845 838 2885 Peracta
868 2845 966 2897 jam
1000 2855 1171 2897 pompa
1203 2841 1512 2882 concionatus
1544 2847 1614 2881 est
1650 2840 1698 2881 Ρ.
1733 2847 1893 2881 noster

245 2912 452 2955 breviter
474 2922 518 2956 et
540 2916 755 2965 dilucide,
779 2916 1128 2968 commovitque
1150 2914 1403 2955 multorum
1418 2911 1614 2964 animos,
1634 2912 1888 2964 praecipue

250 2983 463 3025 militurn.
