2074 3179
929 206 1011 243 AN.
1042 206 1125 243 1551
1766 206 1832 243 341

956 586 1091 641 XCI

281 815 326 849 1).
349 813 570 850 Adrianus
590 813 914 850 Adriaenssens

331 878 446 915 Patri
465 878 634 925 Ignatio
654 877 707 914 de
727 877 910 924 Loyola.

375 943 574 980 Lovanio
593 943 640 980 23
656 943 774 989 Junii
795 942 880 979 1551
905 943 928 978 ³.

1015 1080 1046 1131 ›z-

292 1225 457 1265 Gratia
478 1230 522 1264 et
542 1235 650 1275 pax,
676 1229 763 1264 etc.

292 1295 625 1336 Amantissime
652 1300 805 1346 pater,
826 1295 1202 1346 quandoquidem
1222 1300 1384 1334 sancta
1407 1293 1668 1333 obedientia
1685 1293 1731 1332 id
1753 1293 1843 1332 exi-

211 1367 302 1417 git,
333 1368 472 1417 paulo
493 1367 631 1406 latius
660 1366 863 1406 referam
890 1366 1122 1417 quomodo
1144 1378 1248 1406 mea
1268 1364 1520 1416 professio,
1547 1376 1637 1416 qua
1659 1364 1845 1416 quidem

212 1438 350 1478 valde
372 1437 590 1488 indignus
611 1449 728 1488 sum,
753 1443 994 1477 transacta
1016 1437 1088 1477 sit.

294 1508 415 1549 R.dUS
441 1508 499 1548 D.
532 1508 754 1549 Decanus
788 1514 832 1548 et
858 1507 1178 1548 Cancellarius
1206 1507 1218 1525 ²
1253 1515 1322 1548 est
1357 1507 1611 1558 spiritualis
1638 1512 1772 1558 pater
1801 1511 1846 1546 et

214 1580 456 1621 confessor
475 1580 624 1620 nostri
645 1579 805 1631 magni
825 1579 1071 1631 hospitalis
1091 1578 1392 1619 lovaniensis.
1422 1578 1505 1618 Est
1531 1578 1653 1618 enim
1681 1589 1847 1618 coeno-

214 1651 341 1691 bium
360 1651 600 1702 virginum
625 1662 756 1690 more
787 1649 1087 1701 hospitalium
1116 1650 1390 1701 provinciae
1418 1648 1553 1700 hujus
1574 1648 1602 1686 ⁵.
1634 1649 1756 1688 Hinc
1782 1647 1846 1688 fa-

216 1729 343 1762 ctum
378 1728 449 1762 est
482 1727 532 1762 ut
569 1720 739 1762 ibidem
771 1721 978 1762 facerem
1010 1721 1353 1773 professionem
1389 1719 1442 1760 30
1480 1719 1602 1771 maji.
1646 1718 1847 1760 Aliunde

216 1794 368 1834 dictus
388 1794 517 1833 locus
539 1793 651 1833 mihi
671 1793 914 1845 placuerit,
934 1793 1057 1844 quod
1077 1793 1295 1833 videlicet
1315 1792 1568 1844 hospitium
1589 1797 1659 1832 est
1677 1802 1847 1842 paupe-

218 1877 335 1906 rum.
355 1865 537 1905 Chorus
553 1865 712 1916 templi
733 1876 760 1903 a
781 1875 961 1904 summo
981 1876 1119 1904 mane
1138 1864 1363 1904 remansit
1380 1864 1581 1914 clausus,
1600 1875 1658 1903 ne
1678 1862 1847 1914 promi-

216 1947 381 1976 scuum
414 1937 585 1986 vulgus
618 1947 703 1975 nos
739 1936 975 1983 obrueret3
1013 1935 1179 1987 reliqui
1211 1934 1452 1987 praecipui
1489 1934 1728 1974 intrabant
1765 1945 1847 1984 per

217 2008 370 2059 ipsum
397 2007 686 2047 coenobium.
720 2006 842 2047 R.d1¹⁵
870 2006 928 2046 D.
957 2007 1177 2046 Decanus
1203 2006 1504 2046 devotissime
1531 2017 1729 2056 cumque
1754 2015 1846 2044 ma-

217 2078 401 2129 gnificis
432 2078 739 2129 ornamentiS,
772 2078 939 2129 calice,
964 2078 1180 2129 ampullis
1211 2083 1255 2117 et
1281 2089 1398 2129 pace
1431 2076 1668 2128 argenteis
1701 2082 1747 2116 et
1774 2076 1847 2116 de-

218 2150 396 2190 auratis
439 2148 738 2201 ejusdemque
773 2148 1021 2189 Societatis
1057 2149 1200 2189 armis
1234 2149 1420 2188 nomine
1450 2149 1563 2202 Jesu
1595 2147 1845 2199 insignitis,

218 2221 411 2261 Missam
431 2221 564 2271 legit,
597 2232 688 2272 qua
722 2232 828 2260 cum
861 2231 1035 2271 magna
1069 2220 1224 2260 cordis
1258 2220 1615 2272 compunctione
1649 2225 1746 2259 tam
1778 2230 1848 2259 ce·

217 2292 442 2332 lebrantis
465 2303 605 2343 quam
626 2292 893 2332 auditorum
917 2291 1062 2342 finita,
1081 2290 1203 2331 R.⁰¹11S
1218 2291 1276 2331 D.
1294 2291 1517 2331 Decanus
1534 2290 1687 2342 coepit
1707 2290 1849 2330 latine

216 2364 514 2414 concionari,
551 2368 596 2403 et
629 2368 735 2414 post
769 2363 1098 2403 salutationem
1130 2363 1215 2403 13.ae
1240 2362 1419 2403 Mariae
1450 2362 1507 2402 ob
1534 2362 1850 2413 praesentiam

220 2434 526 2486 plurimorum
558 2434 785 2474 laicorum
818 2434 1004 2485 repetiit
1039 2434 1251 2474 eamdem
1279 2432 1595 2486 [orationem]‚
1625 2432 1848 2485 perrexit-

222 2517 310 2558 que
330 2506 621 2557 germanice,
646 2505 783 2556 idque
805 2517 910 2545 cum
931 2516 1104 2556 magno
1126 2505 1292 2557 spiritu
1314 2511 1358 2545 et
1379 2505 1609 2545 charitate
1631 2510 1675 2544 et
1697 2516 1755 2544 ex
1786 2503 1848 2543 in-

219 2577 345 2618 timis
368 2579 431 2625 (ut
458 2576 720 2626 videbatur)
752 2577 935 2617 animae
961 2577 1243 2626 visceribus,
1274 2576 1489 2628 quodque
1514 2575 1671 2616 verbis
1701 2575 1849 2626 expri-

217 2659 346 2689 mere
366 2648 611 2699 nequibat,
634 2647 781 2687 variis
801 2647 1011 2698 gestibus
1033 2647 1279 2688 ostendere
1301 2647 1574 2696 conabatur,
1608 2645 1850 2686 incredibi-

274 2833 284 2852 ¹
324 2833 485 2860 Historia
501 2832 617 2864 vatia,
631 2832 698 2859 vol.
715 2839 736 2866 1,
752 2832 809 2859 sol.
824 2832 886 2859 214.

272 2880 287 2900 2
324 2880 480 2907 Ruardus
496 2880 620 2914 Taper.

274 2928 288 2948 ³
326 2928 603 2956 Praetermisisse
618 2927 672 2955 hic
688 2927 815 2962 aliquid
830 2928 966 2955 videtur
982 2927 1152 2961 librarius,
1167 2928 1254 2963 quod
1269 2928 1361 2955 hisee
1378 2928 1493 2955 verbis
1507 2928 1676 2962 expressit
1692 2927 1849 2960 Polanco,

223 2975 358 3008 Clzron„
371 2979 395 3003 t.
412 2983 446 3009 11,
462 2983 539 3010 pag.
555 2975 617 3009 284,
633 2983 664 3002 n.
680 2975 748 3002 242:
764 2975 945 3009 virginum
962 2976 1057 3003 enim
1083 2976 1297 3004 coenobium.
1327 2976 1534 3010 provinciae
1550 2975 1649 3002 illius
1672 2982 1778 3006 more,
1798 2974 1853 3001 ho-

219 3024 352 3057 spitale
367 3024 559 3051 dicebatur.
