<?xml version="1.0" encoding="UTF-8"?>
<!DOCTYPE html PUBLIC "-//W3C//DTD XHTML 1.0 Transitional//EN"
    "http://www.w3.org/TR/xhtml1/DTD/xhtml1-transitional.dtd">
<html xmlns="http://www.w3.org/1999/xhtml" xml:lang="en" lang="en">
 <head>
  <title>
</title>
<meta http-equiv="Content-Type" content="text/html;charset=utf-8" />
  <meta name='ocr-system' content='tesseract 3.04.00' />
  <meta name='ocr-capabilities' content='ocr_page ocr_carea ocr_par ocr_line ocrx_word'/>
</head>
<body>
  <div class='ocr_page' id='page_1' title='image "./litteraequadrime13lain_0666.png"; bbox 0 0 2074 3179; ppageno 0'>
   <div class='ocr_carea' id='block_1_1' title="bbox 252 163 1376 207">
    <p class='ocr_par' dir='ltr' id='par_1_1' title="bbox 252 163 1376 207">
     <span class='ocr_line' id='line_1_1' title="bbox 252 163 1376 207; baseline 0.003 -6"><span class='ocrx_word' id='word_1_1' title='bbox 252 163 323 201; x_wconf 72' lang='lat'>602</span> <span class='ocrx_word' id='word_1_2' title='bbox 760 165 986 203; x_wconf 80' lang='lat' dir='ltr'>LITTERAE</span> <span class='ocrx_word' id='word_1_3' title='bbox 1016 176 1376 207; x_wconf 84' lang='lat' dir='ltr'><strong>QUADRIMESTRES</strong></span> 
     </span>
    </p>
   </div>
   <div class='ocr_carea' id='block_1_2' title="bbox 251 262 1898 2315">
    <p class='ocr_par' dir='ltr' id='par_1_2' title="bbox 254 262 1888 458">
     <span class='ocr_line' id='line_1_2' title="bbox 254 262 1887 317; baseline 0.002 -15"><span class='ocrx_word' id='word_1_4' title='bbox 254 263 456 303; x_wconf 89' lang='lat' dir='ltr'>cationis</span> <span class='ocrx_word' id='word_1_5' title='bbox 476 263 636 315; x_wconf 91' lang='lat' dir='ltr'>templi</span> <span class='ocrx_word' id='word_1_6' title='bbox 656 262 808 303; x_wconf 80' lang='lat' dir='ltr'>Divae</span> <span class='ocrx_word' id='word_1_7' title='bbox 829 262 1007 303; x_wconf 89' lang='lat' dir='ltr'>Mariae</span> <span class='ocrx_word' id='word_1_8' title='bbox 1028 263 1084 303; x_wconf 87' lang='lat' dir='ltr'>de</span> <span class='ocrx_word' id='word_1_9' title='bbox 1105 263 1235 304; x_wconf 87' lang='lat' dir='ltr'>Rosa</span> <span class='ocrx_word' id='word_1_10' title='bbox 1255 264 1322 314; x_wconf 87' lang='lat' dir='ltr'>(ut</span> <span class='ocrx_word' id='word_1_11' title='bbox 1343 264 1540 316; x_wconf 84' lang='lat' dir='ltr'>dicunt),</span> <span class='ocrx_word' id='word_1_12' title='bbox 1564 277 1655 317; x_wconf 92' lang='lat' dir='ltr'>quo</span> <span class='ocrx_word' id='word_1_13' title='bbox 1676 273 1722 306; x_wconf 92' lang='lat' dir='ltr'>et</span> <span class='ocrx_word' id='word_1_14' title='bbox 1743 266 1791 306; x_wconf 90' lang='lat' dir='ltr'>in</span> <span class='ocrx_word' id='word_1_15' title='bbox 1817 278 1887 307; x_wconf 78' lang='lat' dir='ltr'>sa-</span> 
     </span>
     <span class='ocr_line' id='line_1_3' title="bbox 254 333 1888 378; baseline 0.002 -5"><span class='ocrx_word' id='word_1_16' title='bbox 254 333 442 373; x_wconf 90' lang='lat' dir='ltr'>crificiis</span> <span class='ocrx_word' id='word_1_17' title='bbox 463 339 508 374; x_wconf 92' lang='lat' dir='ltr'>et</span> <span class='ocrx_word' id='word_1_18' title='bbox 529 334 576 374; x_wconf 93' lang='lat' dir='ltr'>in</span> <span class='ocrx_word' id='word_1_19' title='bbox 598 334 905 374; x_wconf 84' lang='lat' dir='ltr'>concionibus</span> <span class='ocrx_word' id='word_1_20' title='bbox 927 345 982 374; x_wconf 91' lang='lat' dir='ltr'>ac</span> <span class='ocrx_word' id='word_1_21' title='bbox 1013 334 1383 376; x_wconf 77' lang='lat' dir='ltr'>confessionibus</span> <span class='ocrx_word' id='word_1_22' title='bbox 1412 342 1456 376; x_wconf 93' lang='lat' dir='ltr'>et</span> <span class='ocrx_word' id='word_1_23' title='bbox 1484 337 1888 378; x_wconf 86' lang='lat' dir='ltr'>communionibus</span> 
     </span>
     <span class='ocr_line' id='line_1_4' title="bbox 255 405 1885 458; baseline 0.001 -14"><span class='ocrx_word' id='word_1_24' title='bbox 255 405 443 456; x_wconf 89' lang='lat' dir='ltr'>utimur,</span> <span class='ocrx_word' id='word_1_25' title='bbox 462 405 722 445; x_wconf 80' lang='lat' dir='ltr'>accessisse</span> <span class='ocrx_word' id='word_1_26' title='bbox 743 405 865 454; x_wconf 90' lang='lat' dir='ltr'>illuc,</span> <span class='ocrx_word' id='word_1_27' title='bbox 890 417 1170 458; x_wconf 88' lang='lat' dir='ltr'>sacrumque</span> <span class='ocrx_word' id='word_1_28' title='bbox 1191 407 1363 447; x_wconf 80' lang='lat' dir='ltr'>Missae</span> <span class='ocrx_word' id='word_1_29' title='bbox 1383 408 1664 448; x_wconf 90' lang='lat' dir='ltr'>sacrificium</span> <span class='ocrx_word' id='word_1_30' title='bbox 1684 409 1885 449; x_wconf 83' lang='lat' dir='ltr'>audisse.</span> 
     </span>
    </p>

    <p class='ocr_par' dir='ltr' id='par_1_3' title="bbox 251 475 1893 886">
     <span class='ocr_line' id='line_1_5' title="bbox 333 475 1887 520; baseline 0.003 -5"><span class='ocrx_word' id='word_1_31' title='bbox 333 475 499 516; x_wconf 86' lang='lat' dir='ltr'>Itidem</span> <span class='ocrx_word' id='word_1_32' title='bbox 520 487 606 516; x_wconf 91' lang='lat' dir='ltr'>nec</span> <span class='ocrx_word' id='word_1_33' title='bbox 628 476 684 516; x_wconf 91' lang='lat' dir='ltr'>de</span> <span class='ocrx_word' id='word_1_34' title='bbox 706 477 1010 518; x_wconf 90' lang='lat' dir='ltr'>concionibus</span> <span class='ocrx_word' id='word_1_35' title='bbox 1031 478 1204 518; x_wconf 89' lang='lat' dir='ltr'>nostris</span> <span class='ocrx_word' id='word_1_36' title='bbox 1224 490 1488 519; x_wconf 88' lang='lat' dir='ltr'>sermonem</span> <span class='ocrx_word' id='word_1_37' title='bbox 1515 478 1782 520; x_wconf 91' lang='lat' dir='ltr'>habendum</span> <span class='ocrx_word' id='word_1_38' title='bbox 1811 480 1887 519; x_wconf 92' lang='lat' dir='ltr'>du-</span> 
     </span>
     <span class='ocr_line' id='line_1_6' title="bbox 256 547 1888 602; baseline 0.003 -16"><span class='ocrx_word' id='word_1_39' title='bbox 256 547 426 599; x_wconf 81' lang='lat' dir='ltr'>xerim,</span> <span class='ocrx_word' id='word_1_40' title='bbox 450 558 557 587; x_wconf 90' lang='lat' dir='ltr'>cum</span> <span class='ocrx_word' id='word_1_41' title='bbox 578 547 634 587; x_wconf 92' lang='lat' dir='ltr'>de</span> <span class='ocrx_word' id='word_1_42' title='bbox 655 547 728 587; x_wconf 92' lang='lat' dir='ltr'>his</span> <span class='ocrx_word' id='word_1_43' title='bbox 749 548 866 588; x_wconf 86' lang='lat' dir='ltr'>alias</span> <span class='ocrx_word' id='word_1_44' title='bbox 887 549 1238 601; x_wconf 81' lang='lat' dir='ltr'>scripserimUS,</span> <span class='ocrx_word' id='word_1_45' title='bbox 1262 560 1349 589; x_wconf 92' lang='lat' dir='ltr'>nec</span> <span class='ocrx_word' id='word_1_46' title='bbox 1370 550 1610 602; x_wconf 81' lang='lat' dir='ltr'>quippiam</span> <span class='ocrx_word' id='word_1_47' title='bbox 1639 550 1779 591; x_wconf 88' lang='lat' dir='ltr'>fuerit</span> <span class='ocrx_word' id='word_1_48' title='bbox 1809 551 1888 590; x_wconf 91' lang='lat' dir='ltr'>im-</span> 
     </span>
     <span class='ocr_line' id='line_1_7' title="bbox 257 617 1872 672; baseline 0.002 -15"><span class='ocrx_word' id='word_1_49' title='bbox 257 623 505 668; x_wconf 88' lang='lat' dir='ltr'>mutatum,</span> <span class='ocrx_word' id='word_1_50' title='bbox 529 618 611 658; x_wconf 89' lang='lat' dir='ltr'>sed</span> <span class='ocrx_word' id='word_1_51' title='bbox 631 618 720 659; x_wconf 89' lang='lat' dir='ltr'>hoc</span> <span class='ocrx_word' id='word_1_52' title='bbox 742 617 1032 671; x_wconf 88' lang='lat' dir='ltr'>adjunctum,</span> <span class='ocrx_word' id='word_1_53' title='bbox 1058 626 1107 660; x_wconf 94' lang='lat' dir='ltr'>ut</span> <span class='ocrx_word' id='word_1_54' title='bbox 1129 620 1270 660; x_wconf 90' lang='lat' dir='ltr'>etiam</span> <span class='ocrx_word' id='word_1_55' title='bbox 1291 632 1318 660; x_wconf 91' lang='lat' dir='ltr'>a</span> <span class='ocrx_word' id='word_1_56' title='bbox 1338 621 1537 672; x_wconf 88' lang='lat' dir='ltr'>prandio</span> <span class='ocrx_word' id='word_1_57' title='bbox 1565 622 1732 672; x_wconf 91' lang='lat' dir='ltr'>puellis</span> <span class='ocrx_word' id='word_1_58' title='bbox 1761 622 1872 662; x_wconf 84' lang='lat' dir='ltr'>solis</span> 
     </span>
     <span class='ocr_line' id='line_1_8' title="bbox 253 689 1893 743; baseline 0.002 -14"><span class='ocrx_word' id='word_1_59' title='bbox 253 700 373 740; x_wconf 90' lang='lat' dir='ltr'>quae</span> <span class='ocrx_word' id='word_1_60' title='bbox 393 689 440 729; x_wconf 92' lang='lat' dir='ltr'>in</span> <span class='ocrx_word' id='word_1_61' title='bbox 461 701 516 730; x_wconf 91' lang='lat' dir='ltr'>eo</span> <span class='ocrx_word' id='word_1_62' title='bbox 538 691 711 742; x_wconf 91' lang='lat' dir='ltr'>templo</span> <span class='ocrx_word' id='word_1_63' title='bbox 733 689 885 730; x_wconf 88' lang='lat' dir='ltr'>Rosae</span> <span class='ocrx_word' id='word_1_64' title='bbox 915 696 1082 742; x_wconf 88' lang='lat' dir='ltr'>agunt,</span> <span class='ocrx_word' id='word_1_65' title='bbox 1115 703 1309 731; x_wconf 89' lang='lat' dir='ltr'>numero</span> <span class='ocrx_word' id='word_1_66' title='bbox 1335 692 1659 743; x_wconf 85' lang='lat' dir='ltr'>septuaginta,</span> <span class='ocrx_word' id='word_1_67' title='bbox 1691 692 1893 734; x_wconf 88' lang='lat' dir='ltr'>habeam</span> 
     </span>
     <span class='ocr_line' id='line_1_9' title="bbox 253 761 1889 813; baseline 0.002 -13"><span class='ocrx_word' id='word_1_68' title='bbox 253 761 529 801; x_wconf 89' lang='lat' dir='ltr'>concionem</span> <span class='ocrx_word' id='word_1_69' title='bbox 550 773 693 802; x_wconf 91' lang='lat' dir='ltr'>unam</span> <span class='ocrx_word' id='word_1_70' title='bbox 712 761 894 802; x_wconf 88' lang='lat' dir='ltr'>festivis</span> <span class='ocrx_word' id='word_1_71' title='bbox 915 761 1092 812; x_wconf 86' lang='lat' dir='ltr'>diebus,</span> <span class='ocrx_word' id='word_1_72' title='bbox 1118 762 1242 813; x_wconf 90' lang='lat' dir='ltr'>quod</span> <span class='ocrx_word' id='word_1_73' title='bbox 1261 763 1497 813; x_wconf 86' lang='lat' dir='ltr'>publicam</span> <span class='ocrx_word' id='word_1_74' title='bbox 1517 763 1796 804; x_wconf 87' lang='lat' dir='ltr'>matutinam</span> <span class='ocrx_word' id='word_1_75' title='bbox 1815 775 1889 804; x_wconf 88' lang='lat' dir='ltr'>ne—</span> 
     </span>
     <span class='ocr_line' id='line_1_10' title="bbox 251 833 1195 886; baseline -0.001 -14"><span class='ocrx_word' id='word_1_76' title='bbox 251 838 439 884; x_wconf 87' lang='lat' dir='ltr'>queant,</span> <span class='ocrx_word' id='word_1_77' title='bbox 463 833 521 873; x_wconf 90' lang='lat' dir='ltr'>ob</span> <span class='ocrx_word' id='word_1_78' title='bbox 541 833 631 873; x_wconf 95' lang='lat' dir='ltr'>loci</span> <span class='ocrx_word' id='word_1_79' title='bbox 657 834 917 885; x_wconf 85' lang='lat' dir='ltr'>angustias,</span> <span class='ocrx_word' id='word_1_80' title='bbox 937 834 1195 886; x_wconf 85' lang='lat' dir='ltr'>percipere.</span> 
     </span>
    </p>

    <p class='ocr_par' dir='ltr' id='par_1_4' title="bbox 253 903 1894 1242">
     <span class='ocr_line' id='line_1_11' title="bbox 331 903 1894 958; baseline 0.002 -15"><span class='ocrx_word' id='word_1_81' title='bbox 331 904 435 958; x_wconf 88' lang='lat' dir='ltr'>Jam</span> <span class='ocrx_word' id='word_1_82' title='bbox 452 903 551 956; x_wconf 90' lang='lat' dir='ltr'>jam</span> <span class='ocrx_word' id='word_1_83' title='bbox 570 904 667 945; x_wconf 89' lang='lat' dir='ltr'>fere</span> <span class='ocrx_word' id='word_1_84' title='bbox 688 904 916 956; x_wconf 89' lang='lat' dir='ltr'>omnium,</span> <span class='ocrx_word' id='word_1_85' title='bbox 942 916 1048 946; x_wconf 92' lang='lat' dir='ltr'>cum</span> <span class='ocrx_word' id='word_1_86' title='bbox 1069 905 1359 957; x_wconf 89' lang='lat' dir='ltr'>plebeiorum</span> <span class='ocrx_word' id='word_1_87' title='bbox 1380 911 1425 945; x_wconf 90' lang='lat' dir='ltr'>et</span> <span class='ocrx_word' id='word_1_88' title='bbox 1446 906 1760 957; x_wconf 85' lang='lat' dir='ltr'>privatorum,</span> <span class='ocrx_word' id='word_1_89' title='bbox 1793 912 1894 946; x_wconf 89' lang='lat' dir='ltr'>tum</span> 
     </span>
     <span class='ocr_line' id='line_1_12' title="bbox 255 975 1890 1029; baseline 0.001 -14"><span class='ocrx_word' id='word_1_90' title='bbox 255 975 478 1015; x_wconf 89' lang='lat' dir='ltr'>nobilium</span> <span class='ocrx_word' id='word_1_91' title='bbox 501 987 556 1015; x_wconf 92' lang='lat' dir='ltr'>ac</span> <span class='ocrx_word' id='word_1_92' title='bbox 583 975 965 1028; x_wconf 86' lang='lat' dir='ltr'>magistratuum,</span> <span class='ocrx_word' id='word_1_93' title='bbox 996 976 1210 1017; x_wconf 88' lang='lat' dir='ltr'>favorem</span> <span class='ocrx_word' id='word_1_94' title='bbox 1241 977 1709 1029; x_wconf 84' lang='lat' dir='ltr'>benevolentiamque</span> <span class='ocrx_word' id='word_1_95' title='bbox 1740 979 1890 1017; x_wconf 91' lang='lat' dir='ltr'>conci-</span> 
     </span>
     <span class='ocr_line' id='line_1_13' title="bbox 253 1046 1894 1100; baseline 0.002 -14"><span class='ocrx_word' id='word_1_96' title='bbox 253 1047 437 1087; x_wconf 87' lang='lat' dir='ltr'>liamus.</span> <span class='ocrx_word' id='word_1_97' title='bbox 459 1046 631 1087; x_wconf 90' lang='lat' dir='ltr'>Mirum</span> <span class='ocrx_word' id='word_1_98' title='bbox 652 1047 699 1088; x_wconf 90' lang='lat' dir='ltr'>in</span> <span class='ocrx_word' id='word_1_99' title='bbox 729 1048 920 1088; x_wconf 90' lang='lat' dir='ltr'>modum</span> <span class='ocrx_word' id='word_1_100' title='bbox 948 1048 1256 1100; x_wconf 89' lang='lat' dir='ltr'>oblectantur,</span> <span class='ocrx_word' id='word_1_101' title='bbox 1290 1060 1395 1089; x_wconf 91' lang='lat' dir='ltr'>cum</span> <span class='ocrx_word' id='word_1_102' title='bbox 1422 1049 1542 1089; x_wconf 85' lang='lat' dir='ltr'>forte</span> <span class='ocrx_word' id='word_1_103' title='bbox 1572 1049 1801 1089; x_wconf 88' lang='lat' dir='ltr'>accedunt</span> <span class='ocrx_word' id='word_1_104' title='bbox 1834 1049 1894 1090; x_wconf 86' lang='lat' dir='ltr'>ad</span> 
     </span>
     <span class='ocr_line' id='line_1_14' title="bbox 254 1118 1891 1173; baseline 0.001 -14"><span class='ocrx_word' id='word_1_105' title='bbox 254 1118 516 1170; x_wconf 87' lang='lat' dir='ltr'>Collegium</span> <span class='ocrx_word' id='word_1_106' title='bbox 544 1126 777 1171; x_wconf 87' lang='lat' dir='ltr'>nostrum,</span> <span class='ocrx_word' id='word_1_107' title='bbox 810 1126 994 1160; x_wconf 88' lang='lat' dir='ltr'>tantum</span> <span class='ocrx_word' id='word_1_108' title='bbox 1024 1120 1237 1161; x_wconf 89' lang='lat' dir='ltr'>ordinem</span> <span class='ocrx_word' id='word_1_109' title='bbox 1258 1120 1491 1161; x_wconf 91' lang='lat' dir='ltr'>intuentes</span> <span class='ocrx_word' id='word_1_110' title='bbox 1522 1121 1733 1173; x_wconf 89' lang='lat' dir='ltr'>adeoque</span> <span class='ocrx_word' id='word_1_111' title='bbox 1760 1121 1891 1161; x_wconf 90' lang='lat' dir='ltr'>sedu—</span> 
     </span>
     <span class='ocr_line' id='line_1_15' title="bbox 253 1191 784 1242; baseline 0.002 -12"><span class='ocrx_word' id='word_1_112' title='bbox 253 1191 348 1231; x_wconf 91' lang='lat' dir='ltr'>lam</span> <span class='ocrx_word' id='word_1_113' title='bbox 367 1202 531 1231; x_wconf 89' lang='lat' dir='ltr'>curam</span> <span class='ocrx_word' id='word_1_114' title='bbox 551 1196 784 1242; x_wconf 85' lang='lat' dir='ltr'>gerentes.</span> 
     </span>
    </p>

    <p class='ocr_par' dir='ltr' id='par_1_5' title="bbox 254 1261 1893 1459">
     <span class='ocr_line' id='line_1_16' title="bbox 333 1261 1893 1316; baseline 0.001 -13"><span class='ocrx_word' id='word_1_115' title='bbox 333 1261 565 1303; x_wconf 90' lang='lat' dir='ltr'>Dominus</span> <span class='ocrx_word' id='word_1_116' title='bbox 597 1263 870 1305; x_wconf 89' lang='lat' dir='ltr'>Alexander</span> <span class='ocrx_word' id='word_1_117' title='bbox 900 1263 934 1316; x_wconf 91' lang='lat'>¹,</span> <span class='ocrx_word' id='word_1_118' title='bbox 964 1265 1037 1305; x_wconf 84' lang='lat' dir='ltr'>vir</span> <span class='ocrx_word' id='word_1_119' title='bbox 1070 1265 1264 1305; x_wconf 87' lang='lat' dir='ltr'>illustris</span> <span class='ocrx_word' id='word_1_120' title='bbox 1285 1270 1330 1305; x_wconf 89' lang='lat' dir='ltr'>et</span> <span class='ocrx_word' id='word_1_121' title='bbox 1357 1276 1600 1316; x_wconf 85' lang='lat' dir='ltr'>syncerus,</span> <span class='ocrx_word' id='word_1_122' title='bbox 1631 1270 1794 1305; x_wconf 91' lang='lat' dir='ltr'>sancte</span> <span class='ocrx_word' id='word_1_123' title='bbox 1825 1271 1893 1304; x_wconf 80' lang='lat' dir='ltr'>est</span> 
     </span>
     <span class='ocr_line' id='line_1_17' title="bbox 254 1334 1893 1388; baseline 0 -14"><span class='ocrx_word' id='word_1_124' title='bbox 254 1334 490 1385; x_wconf 87' lang='lat' dir='ltr'>pollicitus</span> <span class='ocrx_word' id='word_1_125' title='bbox 516 1334 736 1376; x_wconf 88' lang='lat' dir='ltr'>daturum</span> <span class='ocrx_word' id='word_1_126' title='bbox 763 1347 976 1387; x_wconf 92' lang='lat' dir='ltr'>operam,</span> <span class='ocrx_word' id='word_1_127' title='bbox 1007 1348 1098 1388; x_wconf 94' lang='lat' dir='ltr'>quo</span> <span class='ocrx_word' id='word_1_128' title='bbox 1129 1347 1215 1376; x_wconf 91' lang='lat' dir='ltr'>nos</span> <span class='ocrx_word' id='word_1_129' title='bbox 1243 1335 1429 1376; x_wconf 86' lang='lat' dir='ltr'>dilatari</span> <span class='ocrx_word' id='word_1_130' title='bbox 1460 1347 1707 1386; x_wconf 91' lang='lat' dir='ltr'>queamus,</span> <span class='ocrx_word' id='word_1_131' title='bbox 1739 1335 1893 1375; x_wconf 89' lang='lat' dir='ltr'>vicina</span> 
     </span>
     <span class='ocr_line' id='line_1_18' title="bbox 256 1406 1053 1459; baseline 0.004 -14"><span class='ocrx_word' id='word_1_132' title='bbox 256 1417 424 1458; x_wconf 90' lang='lat' dir='ltr'>nempe</span> <span class='ocrx_word' id='word_1_133' title='bbox 445 1411 636 1447; x_wconf 87' lang='lat' dir='ltr'>nostrae</span> <span class='ocrx_word' id='word_1_134' title='bbox 659 1406 880 1459; x_wconf 89' lang='lat' dir='ltr'>adjuncta</span> <span class='ocrx_word' id='word_1_135' title='bbox 902 1407 1053 1448; x_wconf 91' lang='lat' dir='ltr'>domo.</span> 
     </span>
    </p>

    <p class='ocr_par' dir='ltr' id='par_1_6' title="bbox 254 1477 1894 1660">
     <span class='ocr_line' id='line_1_19' title="bbox 335 1477 1894 1531; baseline 0 -13"><span class='ocrx_word' id='word_1_136' title='bbox 335 1477 425 1518; x_wconf 83' lang='lat' dir='ltr'>Sed</span> <span class='ocrx_word' id='word_1_137' title='bbox 447 1483 635 1518; x_wconf 88' lang='lat' dir='ltr'>caetera</span> <span class='ocrx_word' id='word_1_138' title='bbox 658 1478 857 1529; x_wconf 92' lang='lat' dir='ltr'>leviora,</span> <span class='ocrx_word' id='word_1_139' title='bbox 883 1491 1002 1531; x_wconf 91' lang='lat' dir='ltr'>quae</span> <span class='ocrx_word' id='word_1_140' title='bbox 1023 1480 1169 1519; x_wconf 89' lang='lat' dir='ltr'>multa</span> <span class='ocrx_word' id='word_1_141' title='bbox 1190 1486 1312 1529; x_wconf 90' lang='lat' dir='ltr'>sunt,</span> <span class='ocrx_word' id='word_1_142' title='bbox 1335 1479 1724 1530; x_wconf 85' lang='lat' dir='ltr'>praetermittam,</span> <span class='ocrx_word' id='word_1_143' title='bbox 1748 1479 1894 1518; x_wconf 86' lang='lat' dir='ltr'>maxi-</span> 
     </span>
     <span class='ocr_line' id='line_1_20' title="bbox 255 1549 1893 1602; baseline 0.001 -13"><span class='ocrx_word' id='word_1_144' title='bbox 255 1561 328 1589; x_wconf 92' lang='lat' dir='ltr'>me</span> <span class='ocrx_word' id='word_1_145' title='bbox 356 1561 463 1589; x_wconf 92' lang='lat' dir='ltr'>cum</span> <span class='ocrx_word' id='word_1_146' title='bbox 493 1561 590 1589; x_wconf 87' lang='lat' dir='ltr'>non</span> <span class='ocrx_word' id='word_1_147' title='bbox 614 1549 855 1601; x_wconf 91' lang='lat' dir='ltr'>patiantur</span> <span class='ocrx_word' id='word_1_148' title='bbox 881 1551 1071 1602; x_wconf 90' lang='lat' dir='ltr'>negotia</span> <span class='ocrx_word' id='word_1_149' title='bbox 1100 1561 1204 1590; x_wconf 89' lang='lat' dir='ltr'>mea</span> <span class='ocrx_word' id='word_1_150' title='bbox 1232 1550 1405 1590; x_wconf 89' lang='lat' dir='ltr'>diutius</span> <span class='ocrx_word' id='word_1_151' title='bbox 1435 1549 1523 1589; x_wconf 91' lang='lat' dir='ltr'>hac</span> <span class='ocrx_word' id='word_1_152' title='bbox 1552 1550 1598 1590; x_wconf 93' lang='lat' dir='ltr'>in</span> <span class='ocrx_word' id='word_1_153' title='bbox 1631 1561 1682 1590; x_wconf 87' lang='lat' dir='ltr'>re</span> <span class='ocrx_word' id='word_1_154' title='bbox 1715 1561 1893 1590; x_wconf 86' lang='lat' dir='ltr'>moram</span> 
     </span>
     <span class='ocr_line' id='line_1_21' title="bbox 254 1611 686 1660; baseline 0 0"><span class='ocrx_word' id='word_1_155' title='bbox 254 1620 426 1660; x_wconf 90' lang='lat' dir='ltr'>facere.</span> <span class='ocrx_word' id='word_1_156' title='bbox 684 1611 686 1615; x_wconf 54' lang='grc'>’</span> 
     </span>
    </p>

    <p class='ocr_par' dir='ltr' id='par_1_7' title="bbox 255 1692 1898 2089">
     <span class='ocr_line' id='line_1_22' title="bbox 335 1692 1897 1744; baseline -0.001 -12"><span class='ocrx_word' id='word_1_157' title='bbox 335 1692 433 1733; x_wconf 90' lang='lat' dir='ltr'>Nos</span> <span class='ocrx_word' id='word_1_158' title='bbox 455 1704 618 1733; x_wconf 90' lang='lat' dir='ltr'>omnes</span> <span class='ocrx_word' id='word_1_159' title='bbox 640 1705 733 1733; x_wconf 89' lang='lat' dir='ltr'>uno</span> <span class='ocrx_word' id='word_1_160' title='bbox 756 1705 835 1733; x_wconf 87' lang='lat' dir='ltr'>ore</span> <span class='ocrx_word' id='word_1_161' title='bbox 858 1701 902 1733; x_wconf 88' lang='lat' dir='ltr'>te</span> <span class='ocrx_word' id='word_1_162' title='bbox 925 1700 968 1733; x_wconf 92' lang='lat' dir='ltr'>et</span> <span class='ocrx_word' id='word_1_163' title='bbox 991 1705 1181 1734; x_wconf 87' lang='lat' dir='ltr'>oramus</span> <span class='ocrx_word' id='word_1_164' title='bbox 1202 1701 1246 1734; x_wconf 93' lang='lat' dir='ltr'>et</span> <span class='ocrx_word' id='word_1_165' title='bbox 1268 1695 1585 1742; x_wconf 88' lang='lat' dir='ltr'>obsecramus,</span> <span class='ocrx_word' id='word_1_166' title='bbox 1610 1704 1792 1744; x_wconf 85' lang='lat' dir='ltr'>semper</span> <span class='ocrx_word' id='word_1_167' title='bbox 1821 1704 1897 1732; x_wconf 89' lang='lat' dir='ltr'>ve-</span> 
     </span>
     <span class='ocr_line' id='line_1_23' title="bbox 256 1763 1898 1816; baseline -0.001 -13"><span class='ocrx_word' id='word_1_168' title='bbox 256 1764 466 1804; x_wconf 89' lang='lat' dir='ltr'>nerande</span> <span class='ocrx_word' id='word_1_169' title='bbox 487 1764 642 1815; x_wconf 88' lang='lat' dir='ltr'>Pater,</span> <span class='ocrx_word' id='word_1_170' title='bbox 666 1770 715 1804; x_wconf 90' lang='lat' dir='ltr'>ut</span> <span class='ocrx_word' id='word_1_171' title='bbox 737 1776 792 1804; x_wconf 92' lang='lat' dir='ltr'>eo</span> <span class='ocrx_word' id='word_1_172' title='bbox 815 1765 990 1804; x_wconf 89' lang='lat' dir='ltr'>amoris</span> <span class='ocrx_word' id='word_1_173' title='bbox 1012 1766 1260 1816; x_wconf 79' lang='lat' dir='ltr'>complexu</span> <span class='ocrx_word' id='word_1_174' title='bbox 1285 1776 1372 1805; x_wconf 92' lang='lat' dir='ltr'>nos</span> <span class='ocrx_word' id='word_1_175' title='bbox 1401 1771 1627 1816; x_wconf 91' lang='lat' dir='ltr'>perpetuo</span> <span class='ocrx_word' id='word_1_176' title='bbox 1659 1763 1823 1803; x_wconf 84' lang='lat' dir='ltr'>foveas</span> <span class='ocrx_word' id='word_1_177' title='bbox 1854 1770 1898 1802; x_wconf 92' lang='lat' dir='ltr'>et</span> 
     </span>
     <span class='ocr_line' id='line_1_24' title="bbox 258 1834 1898 1888; baseline -0.001 -13"><span class='ocrx_word' id='word_1_178' title='bbox 258 1835 580 1886; x_wconf 84' lang='lat' dir='ltr'>amplectaris,</span> <span class='ocrx_word' id='word_1_179' title='bbox 604 1847 697 1887; x_wconf 91' lang='lat' dir='ltr'>quo</span> <span class='ocrx_word' id='word_1_180' title='bbox 726 1835 976 1886; x_wconf 88' lang='lat' dir='ltr'>hactenus,</span> <span class='ocrx_word' id='word_1_181' title='bbox 1007 1848 1065 1876; x_wconf 89' lang='lat' dir='ltr'>ne</span> <span class='ocrx_word' id='word_1_182' title='bbox 1092 1848 1298 1888; x_wconf 92' lang='lat' dir='ltr'>unquam</span> <span class='ocrx_word' id='word_1_183' title='bbox 1321 1836 1470 1876; x_wconf 90' lang='lat' dir='ltr'>nostri</span> <span class='ocrx_word' id='word_1_184' title='bbox 1498 1834 1685 1876; x_wconf 81' lang='lat' dir='ltr'>excidat</span> <span class='ocrx_word' id='word_1_185' title='bbox 1706 1834 1830 1886; x_wconf 85' lang='lat' dir='ltr'>apud</span> <span class='ocrx_word' id='word_1_186' title='bbox 1852 1840 1898 1874; x_wconf 90' lang='lat' dir='ltr'>te</span> 
     </span>
     <span class='ocr_line' id='line_1_25' title="bbox 257 1904 1897 1963; baseline 0 -18"><span class='ocrx_word' id='word_1_187' title='bbox 257 1907 499 1946; x_wconf 90' lang='lat' dir='ltr'>memoria.</span> <span class='ocrx_word' id='word_1_188' title='bbox 524 1905 690 1946; x_wconf 86' lang='lat' dir='ltr'>Gratia</span> <span class='ocrx_word' id='word_1_189' title='bbox 711 1906 800 1946; x_wconf 91' lang='lat' dir='ltr'>Dei</span> <span class='ocrx_word' id='word_1_190' title='bbox 820 1907 989 1956; x_wconf 86' lang='lat' dir='ltr'>nostri,</span> <span class='ocrx_word' id='word_1_191' title='bbox 1014 1906 1256 1963; x_wconf 33' lang='lat' dir='ltr'>et&#39;Christi</span> <span class='ocrx_word' id='word_1_192' title='bbox 1276 1907 1408 1960; x_wconf 88' lang='lat' dir='ltr'>Jesu,</span> <span class='ocrx_word' id='word_1_193' title='bbox 1434 1906 1709 1957; x_wconf 78' lang='lat' dir='ltr'>salvatoriS,</span> <span class='ocrx_word' id='word_1_194' title='bbox 1734 1911 1777 1946; x_wconf 91' lang='lat' dir='ltr'>et</span> <span class='ocrx_word' id='word_1_195' title='bbox 1801 1904 1897 1957; x_wconf 85' lang='lat' dir='ltr'>Spi—</span> 
     </span>
     <span class='ocr_line' id='line_1_26' title="bbox 255 1976 1897 2029; baseline -0.001 -12"><span class='ocrx_word' id='word_1_196' title='bbox 255 1977 373 2017; x_wconf 88' lang='lat' dir='ltr'>ritus</span> <span class='ocrx_word' id='word_1_197' title='bbox 401 1976 583 2028; x_wconf 86' lang='lat' dir='ltr'>Sancti,</span> <span class='ocrx_word' id='word_1_198' title='bbox 614 1978 833 2028; x_wconf 88' lang='lat' dir='ltr'>rectoris,</span> <span class='ocrx_word' id='word_1_199' title='bbox 867 1978 926 2017; x_wconf 92' lang='lat' dir='ltr'>sit</span> <span class='ocrx_word' id='word_1_200' title='bbox 961 1989 1144 2029; x_wconf 89' lang='lat' dir='ltr'>semper</span> <span class='ocrx_word' id='word_1_201' title='bbox 1180 1978 1226 2017; x_wconf 87' lang='lat' dir='ltr'>in</span> <span class='ocrx_word' id='word_1_202' title='bbox 1261 1978 1522 2018; x_wconf 85' lang='lat' dir='ltr'>visceribus</span> <span class='ocrx_word' id='word_1_203' title='bbox 1556 1977 1741 2017; x_wconf 82' lang='lat' dir='ltr'>animae</span> <span class='ocrx_word' id='word_1_204' title='bbox 1775 1982 1897 2025; x_wconf 73' lang='lat' dir='ltr'>tuae,</span> 
     </span>
     <span class='ocr_line' id='line_1_27' title="bbox 256 2049 728 2089; baseline 0 0"><span class='ocrx_word' id='word_1_205' title='bbox 256 2049 396 2089; x_wconf 83' lang='lat' dir='ltr'>Pater</span> <span class='ocrx_word' id='word_1_206' title='bbox 418 2049 728 2089; x_wconf 88' lang='lat' dir='ltr'>observande.</span> 
     </span>
    </p>

    <p class='ocr_par' dir='ltr' id='par_1_8' title="bbox 336 2120 1063 2174">
     <span class='ocr_line' id='line_1_28' title="bbox 336 2120 1063 2174; baseline 0.001 -14"><span class='ocrx_word' id='word_1_207' title='bbox 336 2120 609 2171; x_wconf 87' lang='lat' dir='ltr'>Ferrariae,</span> <span class='ocrx_word' id='word_1_208' title='bbox 632 2122 658 2161; x_wconf 84' lang='grc'>9</span> <span class='ocrx_word' id='word_1_209' title='bbox 678 2120 776 2162; x_wconf 86' lang='lat' dir='ltr'>Cal.</span> <span class='ocrx_word' id='word_1_210' title='bbox 799 2121 924 2174; x_wconf 86' lang='lat' dir='ltr'>Junii</span> <span class='ocrx_word' id='word_1_211' title='bbox 950 2121 1063 2161; x_wconf 72' lang='lat'>1552.</span> 
     </span>
    </p>

    <p class='ocr_par' dir='ltr' id='par_1_9' title="bbox 336 2191 684 2232">
     <span class='ocr_line' id='line_1_29' title="bbox 336 2191 684 2232; baseline 0.003 -14"><span class='ocrx_word' id='word_1_212' title='bbox 336 2191 435 2232; x_wconf 69' lang='lat' dir='ltr'><strong>T.a⁰</strong></span> <span class='ocrx_word' id='word_1_213' title='bbox 455 2192 579 2232; x_wconf 57' lang='lat' dir='ltr'>Rflae</span> <span class='ocrx_word' id='word_1_214' title='bbox 599 2191 684 2232; x_wconf 65' lang='lat' dir='ltr'>Pjs</span> 
     </span>
    </p>

    <p class='ocr_par' dir='ltr' id='par_1_10' title="bbox 340 2263 1412 2315">
     <span class='ocr_line' id='line_1_30' title="bbox 340 2263 1412 2315; baseline 0.002 -12"><span class='ocrx_word' id='word_1_215' title='bbox 340 2263 565 2315; x_wconf 86' lang='lat' dir='ltr'>Indignus</span> <span class='ocrx_word' id='word_1_216' title='bbox 586 2263 707 2304; x_wconf 84' lang='lat' dir='ltr'>filius</span> <span class='ocrx_word' id='word_1_217' title='bbox 728 2264 773 2303; x_wconf 92' lang='lat' dir='ltr'>in</span> <span class='ocrx_word' id='word_1_218' title='bbox 797 2263 987 2304; x_wconf 89' lang='lat' dir='ltr'>Christo</span> <span class='ocrx_word' id='word_1_219' title='bbox 1009 2264 1211 2305; x_wconf 88' lang='lat' dir='ltr'>Domino</span> <span class='ocrx_word' id='word_1_220' title='bbox 1234 2272 1412 2315; x_wconf 88' lang='lat' dir='ltr'>nostro,</span> 
     </span>
    </p>
   </div>
   <div class='ocr_carea' id='block_1_3' title="bbox 1116 2420 1693 2473">
    <p class='ocr_par' dir='ltr' id='par_1_11' title="bbox 1116 2420 1693 2473">
     <span class='ocr_line' id='line_1_31' title="bbox 1116 2420 1693 2473; baseline -0.003 -13"><span class='ocrx_word' id='word_1_221' title='bbox 1116 2421 1324 2473; x_wconf 72' lang='lat' dir='ltr'>JOANNES</span> <span class='ocrx_word' id='word_1_222' title='bbox 1354 2420 1693 2460; x_wconf 80' lang='lat' dir='ltr'><strong>PELLETARIUS.</strong></span> 
     </span>
    </p>
   </div>
   <div class='ocr_carea' id='block_1_4' title="bbox 320 2561 730 2590">
    <p class='ocr_par' dir='ltr' id='par_1_12' title="bbox 320 2561 730 2590">
     <span class='ocr_line' id='line_1_32' title="bbox 320 2561 730 2590; baseline 0 0"><span class='ocrx_word' id='word_1_223' title='bbox 320 2564 327 2582; x_wconf 82' lang='lat'><strong>¹</strong></span> <span class='ocrx_word' id='word_1_224' title='bbox 369 2561 568 2590; x_wconf 78' lang='lat' dir='ltr'>Alexander</span> <span class='ocrx_word' id='word_1_225' title='bbox 584 2561 730 2590; x_wconf 75' lang='lat' dir='ltr'>Fieschi.</span> 
     </span>
    </p>
   </div>
  </div>
 </body>
</html>
