2074 3179
228 166 302 203 522
744 165 971 202 Ln'TERAE
998 176 1358 208 QUADRIMESTRES

228 264 411 315 damus,
435 276 461 303 a
483 275 590 316 qua,
614 270 664 303 ut
686 274 713 302 a
735 262 934 303 caeteris
955 261 1051 302 fere
1072 262 1282 313 praelegi
1311 261 1479 312 solitis,
1504 261 1552 301 in
1581 260 1767 313 publico
1789 271 1877 312 gy-

228 335 413 375 mnasio
430 334 527 386 jam
548 346 723 375 vacare
744 339 962 385 coeptum
983 340 1066 373 est.
1089 332 1271 373 Verum
1293 333 1427 373 nobis
1446 332 1575 373 Deus
1595 331 1873 372 benedictus

229 406 417 447 interim
437 406 717 457 magistrum
739 405 902 445 deesse
923 404 1084 444 noluit.
1114 402 1235 443 Nam
1261 402 1398 454 hujus
1426 403 1610 454 collegii
1633 402 1730 454 jam
1763 403 1873 442 olim

229 477 603 518 studiosissimus
620 476 830 516 medicus
847 475 1037 527 quidam
1055 474 1402 526 octogenarius,
1419 485 1526 514 cum
1539 474 1758 525 logicam,
1775 479 1876 513 tum

229 555 445 589 caeteras
481 555 621 597 artes,
656 546 843 599 juvenis
875 546 922 586 in
948 546 1039 586 hac
1071 545 1390 586 Universitate
1423 550 1673 597 perpetuos
1704 543 1876 595 viginti

230 631 382 661 annos
409 619 669 672 professus,
701 623 866 670 sponte
896 628 980 657 sua
1011 617 1219 657 oblatam
1249 616 1384 656 nobis
1415 616 1664 656 lectionem
1695 615 1875 666 logices

230 692 474 744 praelegit,
496 702 652 743 quam,
672 690 815 730 etiam
831 689 1070 740 decrepita
1087 694 1256 739 aetate,
1277 687 1496 728 diuturna
1519 687 1873 736 exercitatione,

230 763 457 804 memoria
481 768 607 802 tenet
629 762 848 812 nulloque
868 760 1060 812 negotio
1083 771 1188 800 eam
1207 770 1295 799 nos
1322 759 1472 799 docet.

310 834 598 874 Exercemus
619 843 803 884 quoque
825 837 870 872 et
890 831 1244 871 familiariorem
1261 830 1396 870 nobis
1411 828 1650 870 reddimus
1666 829 1877 880 linguam

230 906 427 946 latinam
454 905 577 956 stylo
605 904 780 955 optimo
819 903 1005 943 dicendi
1032 908 1077 943 et
1112 902 1312 942 lectione
1346 902 1578 942 bonorum
1612 901 1875 941 authorum.

230 977 441 1029 Reliquis
471 976 598 1016 domi
625 975 851 1015 fratribus
879 974 1104 1026 epistolae
1132 973 1392 1014 familiares
1420 973 1682 1023 Ciceronis,
1706 971 1880 1012 Teren-

230 1048 324 1089 tius
354 1055 399 1088 et
427 1047 754 1088 Grammatica
781 1045 1084 1098 Despauterii
1114 1045 1465 1097 praeleguntur,
1497 1044 1665 1096 quibus
1696 1043 1880 1084 accedit

230 1119 421 1160 assidua
443 1118 803 1159 scribendarum
823 1118 1130 1169 epistolarum
1158 1116 1449 1157 exercitatio.
1481 1115 1691 1166 Quorum
1718 1113 1878 1155 Domi-

229 1204 318 1232 nus
339 1191 541 1243 Gaspar‚
566 1189 850 1239 Patavinus‚
875 1195 920 1229 et
946 1188 1228 1229 Laurentius
1258 1187 1442 1238 Surdis‚
1472 1185 1736 1237 Romanus,
1765 1187 1878 1226 boni

229 1270 275 1304 et
294 1262 495 1304 modesti
516 1262 841 1303 adolescentes
863 1260 1134 1312 ingeniique
1155 1272 1249 1300 non
1264 1259 1507 1312 postremi,
1527 1270 1673 1310 usque
1695 1270 1749 1298 eo
1771 1269 1877 1310 pro-

228 1335 464 1383 fecerunt,
488 1340 539 1374 ut
558 1333 787 1385 paulatim
809 1332 1001 1372 minimo
1024 1330 1293 1382 adjumento
1316 1330 1540 1371 authores
1561 1330 1750 1380 linguae
1770 1329 1872 1369 lati·

228 1418 318 1446 nae
347 1405 646 1456 vulgariores
668 1404 929 1456 intelligere
951 1403 1192 1455 incipiant.
1217 1401 1500 1443 Thaddaeus
1520 1413 1633 1441 vero
1657 1400 1879 1441 Senensis

231 1485 275 1518 et
295 1477 503 1531 Joannes
525 1475 654 1517 Setta
679 1474 705 1527 ¹,
730 1476 883 1516 adhuc
912 1475 1110 1526 tirones,
1142 1474 1367 1526 optimam
1396 1473 1451 1513 de
1480 1484 1528 1512 se
1557 1471 1699 1512 futuri
1726 1471 1880 1523 profe-

233 1555 338 1590 ctus
381 1548 786 1600 exspectationem
826 1547 1081 1587 concitant.
1125 1545 1254 1586 Deus
1288 1545 1585 1594 mitissimus,
1624 1543 1793 1583 author
1825 1554 1881 1583 ac

229 1625 544 1660 conservator
576 1619 728 1659 omnis
763 1619 893 1669 boni,
924 1618 1098 1669 dirigat
1127 1629 1340 1669 operam,
1378 1615 1583 1656 studium
1617 1622 1660 1655 et
1697 1625 1884 1655 omnem

233 1691 432 1743 denique
461 1691 799 1742 cogitationem
829 1695 1043 1729 nostram
1071 1689 1130 1729 ad
1165 1688 1351 1728 laudem
1379 1695 1423 1728 et
1451 1687 1652 1738 gloriam
1686 1685 1883 1726 sanctis-

231 1763 338 1803 simi
357 1763 563 1803 nominis
585 1763 657 1802 sui
680 1768 724 1802 et
746 1761 951 1813 proximi
971 1761 1236 1800 utilitatem.
1261 1760 1428 1800 Amen.

311 1834 513 1883 Patavii,
542 1833 590 1873 18
609 1832 808 1873 Kalend.
831 1832 1048 1886 Januarii
1072 1830 1188 1871 1552.

309 1905 384 1947 Ex
405 1912 659 1957 praecepto
682 1903 776 1945 R.di
796 1903 846 1944 P.
871 1903 1092 1943 Andreae
1114 1901 1394 1943 Galvanelli.

310 1977 440 2018 Tuus
463 1976 685 2028 indignus
707 1975 848 2027 filius,

1212 2118 1422 2171 JOANNES
1453 2116 1661 2157 CANCER.

312 2334 696 2386 Superscm'ptz'o:
726 2336 753 2382 †
783 2334 845 2375 Al
868 2333 1011 2374 Molto
1032 2332 1134 2373 R.<³0
1164 2331 1214 2372 Ρ.
1246 2332 1276 2371 il
1306 2330 1354 2371 P.
1384 2330 1444 2371 M.
1477 2329 1584 2370 Don
1611 2329 1794 2380 Ignatio
1825 2329 1882 2369 de

231 2406 436 2458 Loyola,
461 2405 707 2457 Preposito
731 2405 851 2446 della
875 2404 1125 2456 Compag.a
1147 2403 1193 2443 di
1214 2402 1378 2453 Giesu,
1403 2401 1446 2442 A
1468 2401 1554 2442 Sta
1581 2400 1730 2441 Maria
1759 2400 1880 2440 della

232 2476 419 2528 Strada,
445 2488 672 2529 appresso
695 2488 722 2516 a
743 2475 829 2517 S.t0
850 2475 1030 2526 Marco,
1054 2475 1100 2515 in
1122 2474 1286 2514 Roma.

313 2547 428 2588 Alia
449 2559 618 2588 manu:
641 2547 694 2599 Q.
718 2548 791 2598 52,
816 2560 881 2587 xv
903 2547 948 2587 di
968 2545 1370 2587 Xssre-Padova

314 2620 379 2659 Et
399 2618 522 2659 alia:
548 2618 603 2670 Q.
629 2626 673 2658 et
696 2618 752 2658 A.
777 2618 836 2659 V.

287 2777 297 2797 ¹
338 2778 437 2805 Alias
452 2785 554 2812 saepe
567 2777 716 2811 Joannes
731 2777 819 2804 dela
838 2777 930 2804 Seta.
