2074 3179
851 216 934 253 AN.
960 215 1057 251 *15:32¹
1701 211 1777 248 6052

144 310 383 351 hominum
409 311 678 358 multitudo,
707 312 1162 362 adhortarenturque
1191 309 1250 349 ad
1278 308 1636 360 poenitentiam,
1664 320 1768 347 con-

143 381 300 421 ciones
335 380 497 421 fierent
527 381 748 433 deinceps
778 383 825 422 in
859 383 973 422 locis
1001 387 1095 422 tres
1130 385 1208 420 aut
1239 385 1453 431 quatuor,
1492 383 1642 429 aptae⁴
1663 378 1770 417 huic

143 452 373 501 institut0‚
392 458 443 491 ut
459 452 515 492 de
535 459 699 502 morte,
713 452 901 504 judicio,
927 453 1099 493 saeculi
1115 451 1339 499 vanitate,
1364 448 1770 500 poenitentiaeque

142 523 310 564 fructu.
334 523 524 574 Egressi
551 523 693 574 igitur
714 531 819 564 sunt
848 525 936 564 hoc
965 523 1120 563 animo
1148 521 1408 572 Collegium
1437 526 1650 560 nostrum
1674 519 1769 559 bini

142 600 187 633 et
212 594 321 644 bini,
353 605 550 645 quorum
576 594 667 634 duo
695 595 892 646 flagellis
922 605 1090 634 carnes
1121 603 1230 632 suas
1259 603 1407 643 usque
1435 591 1493 630 ad
1528 589 1771 641 sanguinis·

142 664 415 705 effusionem
444 665 712 716 afficientes,
751 666 938 705 tandem
966 664 1088 716 quod
1123 667 1465 714 proposuerant
1501 661 1767 709 effecerunt,

143 747 214 775 me
236 735 421 787 quidem
441 736 602 776 inscio.
628 735 863 776 Successit
880 742 1057 785 tamen,
1076 734 1177 775 Deo
1194 733 1557 781 faventeszelus.
1581 730 1769 782 Specta-

142 807 298 846 culum
319 807 461 856 enim,
484 807 592 846 licet
612 818 802 857 novum,
826 806 1147 858 gratissimum
1163 804 1248 844 fuit
1269 804 1372 854 illis,
1397 803 1475 854 qui
1495 803 1770 853 incorrupto

142 883 249 917 sunt
269 878 442 928 palato,
467 877 824 917 admirationem
846 878 999 917 attulit
1021 875 1268 924 universis,
1292 875 1545 914 multorum
1564 873 1770 913 furorem

142 948 438 999 compressit,
463 947 586 988 haud
603 949 766 1000 paucis
784 947 958 999 profuit
975 948 1033 987 ad
1050 947 1295 996 virtutem;
1313 945 1414 985 Deo
1431 944 1621 985 tandem
1639 944 1769 983 obse-

141 1024 333 1068 quutum
355 1025 439 1067 est,
463 1025 512 1059 ut
533 1030 793 1070 speramus,
814 1020 890 1059 cui
910 1020 1058 1059 honor
1081 1024 1125 1058 et
1141 1018 1308 1069 gloria.

220 1089 306 1129 His
331 1095 532 1141 quatuor
558 1091 794 1130 mensibus
822 1090 1013 1130 admissi
1041 1095 1147 1129 sunt
1178 1090 1225 1129 in
1254 1088 1536 1129 Societatem
1563 1086 1771 1137 theologi

142 1166 256 1210 tres;
279 1171 474 1211 quorum
498 1160 587 1200 duo
609 1161 840 1201 Gandiarn
863 1161 1061 1213 profecti
1078 1167 1207 1207 sunt:
1231 1171 1352 1200 unus
1371 1158 1564 1199 Ruviols
1587 1157 1597 1176 ¹
1616 1157 1768 1209 appel-

142 1232 283 1281 latus3
313 1232 429 1271 alter
463 1243 577 1271 vero
604 1232 902 1281 Vincentius,
939 1232 1017 1283 qui
1051 1243 1199 1282 nuper
1233 1235 1429 1271 venerat
1463 1228 1766 1278 Salmantica,

142 1302 221 1342 ubi
240 1302 504 1353 theologiae
524 1303 767 1343 studuerat
789 1303 968 1343 duobus
986 1303 1120 1342 annis
1138 1309 1182 1342 et
1204 1302 1251 1342 in
1267 1287 1434 1341 litteris
1449 1300 1635 1351 graecis
1651 1299 1770 1339 fece<¹

141 1379 213 1413 rat
233 1373 435 1424 aliquem
456 1384 779 1425 progressum,
808 1380 1001 1425 uterque
1024 1374 1188 1413 doctus
1210 1372 1483 1413 adolescens
1503 1377 1547 1411 et
1569 1370 1773 1422 optimae

141 1444 253 1494 spei.
285 1444 485 1494 Tertius,
516 1444 703 1484 nomine
735 1444 969 1493 Cavaller,
1000 1443 1095 1495 jam
1123 1445 1263 1495 paulo
1293 1442 1534 1493 grandior,
1567 1441 1773 1481 nondum

141 1521 296 1554 tamen
318 1515 550 1555 excedens
571 1515 853 1566 vigesimum
870 1516 1083 1566 quintum
1105 1526 1294 1564 annum,
1320 1513 1499 1553 audivit
1513 1518 1610 1552 tres
1627 1523 1776 1551 annos

142 1585 431 1636 theologiae;
457 1585 648 1626 totidem
670 1592 749 1626 aut
771 1587 926 1637 plures
949 1598 997 1625 se
1027 1585 1238 1626 exercuit
1265 1585 1312 1624 in
1332 1584 1409 1624 via
1433 1582 1683 1635 spirituali3
1703 1582 1775 1621 vir

142 1657 303 1708 optimi
321 1656 482 1709 judicii
504 1663 548 1697 et
569 1659 741 1697 multae
761 1658 963 1697 virtutis.
986 1656 1246 1708 Optaverat
1265 1657 1387 1695 hunc
1405 1656 1549 1695 multo
1567 1662 1776 1705 ternpore

142 1725 190 1767 P.
214 1728 356 1778 Miro;
379 1728 460 1768 sed
481 1729 569 1778 ille,
594 1729 757 1768 volens
778 1729 907 1779 prius
928 1740 1026 1768 rem
1049 1728 1188 1767 altius
1212 1726 1491 1778 expendere,
1516 1731 1559 1765 et
1586 1724 1775 1776 impedi-

143 1805 218 1838 tus
238 1806 388 1839 matre
409 1805 699 1849 aegrotante,
725 1800 799 1839 cui
819 1800 985 1839 unicus
1006 1806 1105 1839 erat
1136 1799 1273 1847 filius,
1303 1797 1480 1837 distulit
1512 1797 1777 1847 ingressum

145 1881 288 1920 usque
310 1870 370 1909 ad
389 1882 612 1921 praesens
629 1876 832 1922 tempus,
853 1882 944 1922 quo
960 1870 1089 1910 Deus
1106 1870 1376 1909 misericors
1394 1867 1574 1919 majora
1593 1867 1635 1906 ei
1652 1866 1777 1906 dedit

146 1952 258 1980 suae
282 1941 541 1980 vocationis
562 1941 713 1992 signa,
738 1948 781 1981 et
809 1942 997 1981 unicum
1024 1941 1187 1980 matris
1216 1940 1598 1991 impedimentum
1623 1938 1775 1977 abstu-

142 2012 213 2063 lit,
237 2012 421 2052 sublata
442 2012 520 2052 illa
542 2013 589 2051 in
610 2013 805 2052 coelum.
829 2013 930 2064 Ipse
960 2013 1100 2063 igitur
1122 2013 1286 2052 volens
1307 2023 1361 2051 ac
1384 2010 1532 2050 libens
1558 2009 1690 2061 petiit
1710 2020 1777 2048 re-

144 2083 235 2134 cipi
256 2083 302 2122 in
323 2088 538 2122 nostrum
558 2094 824 2133 numerum3
849 2084 973 2134 quod
994 2083 1072 2123 ubi
1095 2093 1371 2122 concessum
1394 2081 1458 2121 illi
1484 2081 1570 2120 suit
1591 2092 1618 2120 a
1638 2079 1777 2119 Patre

146 2153 431 2194 provinciali
452 2153 481 2203 ⁶²,
505 2154 745 2194 decretum
767 2160 836 2194 est
859 2165 1042 2206 quoque
1063 2154 1122 2193 ab
1143 2153 1307 2193 eodem
1328 2158 1377 2192 ut
1397 2152 1659 2192 mitteretur
1681 2149 1775 2190 Sal-

143 2226 398 2265 manticam
419 2225 613 2264 daturus
636 2225 787 2276 magis
812 2237 1005 2276 operam
1022 2225 1194 2265 divinis
1215 2224 1381 2264 litteris
1400 2222 1580 2263 duobus
1598 2228 1679 2262 aut
1700 2222 1777 2261 tri-

143 2296 228 2335 bus
250 2296 400 2343 annis,
437 2296 532 2335 suis
564 2296 801 2347 impensis,
831 2302 880 2336 ut
910 2296 956 2336 in
983 2296 1121 2336 vinea
1152 2295 1343 2335 Domini
1368 2293 1577 2346 proferat
1612 2292 1778 2333 deinde

145 2366 323 2406 fructus
344 2366 599 2406 uberiores.

226 2437 409 2488 Agente
426 2437 567 2477 etiam
584 2437 672 2477 hoc
689 2437 827 2477 Patre
843 2436 1143 2488 Provinciali‚
1160 2437 1422 2488 recepimus
1438 2436 1484 2475 in
1496 2434 1777 2475 Societatem

146 2516 357 2548 nostram
379 2509 723 2548 adolescentem
745 2509 1009 2560 quindecim
1030 2520 1178 2549 annos
1204 2514 1381 2558 natum,
1406 2512 1609 2556 acutum,
1642 2505 1688 2545 in
1709 2505 1778 2544 lit-

145 2579 256 2619 teris
277 2579 629 2619 humanioribus
652 2580 768 2619 satis
789 2580 1035 2630 eruditum,
1060 2586 1104 2620 et
1121 2580 1167 2620 in
1189 2579 1433 2619 dialectica
1451 2577 1547 2617 suis
1563 2576 1778 2616 omnibus

146 2650 476 2702 condiscipulis
498 2649 642 2689 ferme
663 2650 942 2691 doctiorem:
966 2651 1038 2690 his
1055 2650 1270 2690 omnibus
1287 2661 1394 2689 cum
1410 2652 1630 2700 pensaret
1652 2652 1776 2686 aeta-

147 2722 206 2761 tis
225 2721 492 2772 grandioris
514 2720 760 2771 defectum,
785 2721 1017 2761 admissus
1035 2727 1104 2761 est
1124 2721 1171 2761 in
1188 2721 1462 2772 religionem
1483 2731 1509 2758 a
1525 2718 1660 2758 nobis
1676 2728 1777 2769 spe-

146 2792 358 2833 rantibus
378 2792 505 2831 illum
527 2791 626 2831 fore
647 2792 832 2843 qualem
855 2798 1051 2832 naturae
1072 2792 1244 2831 indicia
1266 2790 1560 2842 promittunt.

201 2977 209 2996 ¹
250 2976 339 3004 Vide
354 2983 473 3010 supra,
489 2983 566 3010 pag.
581 2976 642 3002 468.

202 3025 214 3043 ·—'
252 3024 421 3051 Antonius
437 3023 476 3049 de
493 3023 615 3050 Araoz.
