2074 3179
248 127 321 165 <206
764 126 990 162 LITTERAE
1018 137 1377 169 QUADRIMESTRES

251 225 448 265 dovicus
483 224 542 264 ad
575 224 788 276 Januarii
819 223 1103 275 principium
1139 216 1402 264 orationem
1435 224 1616 272 habuit,
1658 224 1716 264 ad
1751 236 1890 276 quam

251 294 534 335 audiendam
556 295 744 335 ducenti
765 294 1104 346 propemodum
1131 295 1221 334 viri
1243 295 1396 347 hique,
1420 301 1470 335 ut
1492 295 1787 346 videbantur,
1813 307 1890 335 no-

252 367 442 407 biliores
464 372 801 406 convenerunt.
827 365 981 417 Quam
1010 372 1169 406 autem
1197 366 1402 406 omnium
1432 366 1621 406 auribus
1649 366 1789 406 fuerit
1819 378 1891 406 ac-

252 443 388 489 cepta
411 437 669 478 maximum
698 437 933 477 silentium
956 436 1214 488 indicabat,
1246 437 1497 489 praecipue
1526 438 1634 489 quia
1656 436 1792 488 hujus
1813 436 1890 477 So-

253 509 438 550 cietatis
459 509 721 549 institutum
752 508 1044 560 continebat;
1078 520 1198 560 quae
1225 519 1301 548 res
1331 520 1437 548 cum
1462 520 1545 560 per
1573 520 1622 548 se
1651 508 1709 548 sit
1731 508 1891 548 auditu

246 579 611 631 jucundissima,
650 579 814 620 modus
846 578 1030 619 dicendi
1063 584 1108 619 et
1142 579 1369 619 sermonis
1399 579 1632 630 elegantia
1666 578 1892 631 majorem

252 651 558 692 attentionem
575 651 662 691 sibi
679 650 999 702 comparabat.
1020 650 1214 690 Postero
1232 650 1305 690 die
1327 650 1522 702 quisque
1544 661 1653 690 suas
1670 650 1894 690 lectiones

252 729 322 763 est
345 734 617 774 aggressus.

331 794 563 834 Numerus
584 793 978 834 scholasticorum
999 793 1068 833 sic
1089 800 1288 844 augetur
1311 793 1358 833 in
1379 793 1477 833 dies
1499 799 1548 833 ut
1569 793 1764 844 singulis
1787 793 1892 833 heb-

252 865 530 906 domadibus
566 865 708 917 aliqui
743 864 1224 916 superadjungantur.
1253 864 1392 905 Pueri
1420 872 1527 905 sunt
1555 864 1785 916 ingeniosi
1817 865 1893 904 ad-

249 937 462 988 modum,
496 937 559 988 pii
581 948 636 976 ac
660 936 895 988 religiosi,
919 942 969 976 ut
991 936 1046 976 de
1068 942 1266 988 utroque
1295 937 1413 976 bene
1435 947 1697 988 speremus,
1727 941 1771 976 et
1798 934 1894 986 jam

252 1009 360 1048 licet
382 1019 607 1059 magnum
628 1008 870 1060 profectus
900 1008 1156 1059 vestigium
1183 1019 1391 1048 cernere.
1424 1007 1551 1047 Dant
1581 1019 1772 1059 operam
1799 1007 1894 1047 illo-

249 1091 355 1119 rum
377 1086 709 1131 praeceptores
731 1085 781 1119 ut
806 1091 910 1119 cum
942 1079 1109 1119 litteris
1139 1085 1236 1119 tum
1265 1079 1402 1119 bonis
1423 1079 1630 1119 moribus
1651 1079 1893 1119 instituan-

252 1158 327 1191 tur
345 1163 401 1191 ac
419 1151 706 1202 erudiantur,
727 1151 896 1191 crebro
913 1162 997 1190 sua
1013 1156 1210 1203 peccata
1227 1150 1552 1202 confiteantur,
1572 1150 1895 1190 christianam-

254 1234 344 1274 que
367 1221 630 1262 doctrinam
652 1222 887 1273 ediscant3
912 1233 1031 1273 quae
1052 1228 1102 1262 ut
1124 1222 1338 1262 tenacius
1369 1233 1531 1262 eorum
1558 1221 1811 1262 memoriae
1833 1221 1894 1260 in-

256 1293 452 1345 figatur,
486 1294 683 1345 singulis
720 1293 882 1333 diebus
909 1293 980 1333 bis
1020 1299 1273 1345 antequam
1314 1293 1502 1333 domum
1538 1292 1812 1343 discedant,
1850 1292 1897 1331 in

253 1365 546 1416 psalmorum
565 1364 756 1405 modum
776 1362 785 1382 ¹
808 1364 1029 1415 recitant3
1057 1376 1132 1405 res
1155 1365 1342 1405 omnino
1363 1364 1497 1405 nobis
1518 1364 1769 1416 voluptati,
1793 1364 1896 1403 reli-

252 1437 465 1488 quisque,
491 1436 568 1488 qui
589 1436 679 1476 hoc
702 1435 953 1487 aliquando
972 1436 1148 1487 videre,
1172 1436 1232 1476 ad
1252 1436 1473 1488 pietatem
1495 1436 1812 1475 incitamento.

335 1508 466 1548 Haec
488 1515 615 1558 sunt,
650 1508 698 1549 P.
723 1507 845 1559 Κάρ,
876 1520 995 1560 quae
1017 1521 1140 1549 nunc
1171 1508 1418 1548 scribenda
1441 1512 1716 1557 occurrunt,
1748 1518 1897 1558 parva

253 1579 465 1631 quidem,
491 1580 573 1620 sed
594 1591 714 1631 quae
740 1580 921 1632 majora
949 1580 1272 1632 polliceantur.
1308 1578 1441 1630 Quod
1468 1579 1507 1618 si
1538 1579 1670 1630 plura
1704 1591 1729 1618 a
1762 1578 1898 1617 nobis

252 1651 585 1702 exspectabas,
610 1651 782 1702 frigida
799 1658 993 1703 pectora
1015 1651 1275 1700 accusabis,
1302 1662 1420 1702 quae
1442 1649 1623 1690 utinam
1647 1648 1897 1700 aliquando

253 1722 565 1762 incendantur
587 1734 641 1761 ac
664 1722 1008 1763 inflammentur
1031 1723 1108 1762 illo
1131 1723 1238 1773 igne
1260 1721 1421 1762 Sancti
1448 1720 1662 1773 Spiritus.

334 1792 430 1834 Nos
452 1804 696 1844 speramus
718 1793 886 1834 suturis
907 1793 1060 1834 Deum
1087 1793 1345 1833 feliciorem
1373 1792 1591 1832 daturum
1612 1802 1897 1841 successum3

254 1865 377 1916 quod
400 1870 449 1904 ut
473 1876 795 1916 assequamur,
819 1871 888 1916 tu,
913 1865 987 1911 P.‚
1012 1876 1098 1905 nos
1130 1865 1349 1908 minimos
1371 1870 1475 1904 tuos
1499 1864 1544 1903 in
1566 1863 1752 1903 Christo
1780 1862 1900 1903 filios

254 1935 301 1975 in
331 1936 422 1975 tuis
452 1936 764 1976 sanctissimis
795 1936 1086 1976 orationibus
1113 1948 1169 1976 ac
1200 1935 1445 1976 sacrificiis
1475 1934 1575 1974 Deo
1605 1934 1897 1974 commenda.

336 2007 511 2048 Datum
532 2008 801 2048 Florentiae
822 2008 971 2060 pridie
993 2007 1214 2048 calendas
1237 2006 1348 2058 Maji
1374 2006 1489 2046 1552.

336 2079 387 2119 T.
412 2079 465 2119 R.
490 2079 539 2119 P.
564 2080 785 2120 minimus
808 2080 854 2120 in
876 2080 1062 2121 Christo
1085 2091 1276 2129 servus,

1328 2223 1425 2263 LEo
1456 2222 1627 2262 L1Lius.

338 2420 450 2460 Alsa
472 2432 639 2459 manu:
661 2421 731 2460 Ex
753 2420 1005 2461 Florentia.

312 2568 321 2587 ¹
365 2568 508 2595 alternis
525 2568 667 2595 vicibus.
