2074 3179
824 204 907 240 AN.
939 202 1029 240 1552
1675 201 1743 237 ‹325›

202 301 567 353 Superscrz'ptio.
593 300 694 340 R.d0
715 301 761 340 in
783 299 969 340 Christo
992 298 1118 338 Patri
1135 296 1255 336 Dno.
1276 296 1458 347 Ignatio
1475 295 1530 335 de
1547 296 1739 346 Loyola,

117 374 390 426 Praeposito
412 371 631 413 Generali
650 371 896 412 Societatis
911 370 1034 422 Jesu.
1059 368 1196 420 Apud
1209 366 1434 407 Sanctum
1446 366 1672 416 Marcum,
1699 368 1743 405 in

119 445 312 486 aedibus
332 443 483 484 Divae
504 442 681 483 Mariae
698 444 753 483 de
774 441 957 483 Strada.
980 440 1171 480 Romae.

200 516 259 556 Di
279 522 429 567 porto,
454 515 620 565 cinque
640 514 839 553 baiochi.

202 587 350 626 Alaun
374 585 423 637 J.
449 585 540 625 Ple.
577 585 698 625 Vr'to:
718 585 867 638 Jesus.
896 584 1009 623 1552.
1034 583 1239 633 Pariggi.
1264 581 1332 621 De
1356 581 1559 620 Roberto
1588 582 1743 630 §lays-

123 659 271 708 sonio,
294 657 350 696 de
371 656 396 695 4
417 657 472 696 de
495 657 700 707 maggio.

217 727 476 776 Vestigium
497 738 627 766 cerae
650 728 820 766 rubrae
841 730 883 765 et
904 725 1073 774 se'gz'lll.

817 1151 1056 1204 CXLVI

200 1387 246 1423 P.
270 1386 532 1424 Theodorus
551 1386 779 1429 Peltanus,

245 1450 314 1488 Ex
331 1450 653 1488 commissione
674 1451 815 1488 Patris
834 1451 1003 1488 Nicolai
1022 1450 1263 1492 Bobadilla,

293 1515 414 1554 Patri
431 1516 601 1563 Ignatio
620 1515 673 1553 de
690 1516 874 1563 Loyola.

363 1581 564 1628 Neapoli,
585 1582 608 1617 Γ)
627 1580 730 1618 Maii
750 1580 841 1617 1552
860 1581 884 1616 ¹.

892 1736 989 1812 Iffis

206 1933 369 1973 Gratia
391 1939 436 1972 et
454 1944 548 1984 pax
569 1932 755 1972 Domini
776 1932 923 1972 nostri
951 1933 1061 1984 Jesu
1084 1932 1255 1972 Christi
1277 1933 1323 1971 in
1343 1932 1476 1972 nobis
1499 1938 1541 1971 et
1562 1943 1645 1983 per
1666 1945 1750 1971 nos

127 2005 168 2042 in
191 2002 291 2042 dies
313 2008 557 2054 augeatur.
582 2003 747 2043 Amen.

205 2074 265 2114 Ut
291 2084 379 2124 ego
409 2074 702 2124 superiorum
736 2085 960 2123 meorum,
990 2080 1034 2113 et
1061 2074 1125 2113 1111
1152 2080 1259 2114 tuae
1286 2074 1532 2123 voluntati,
1571 2084 1750 2113 morem

125 2156 360 2195 geramus,
392 2143 492 2184 R.de
521 2144 567 2183 in
593 2144 673 2184 X.⁰
701 2144 766 2194 R,
804 2156 943 2195 quam
975 2144 1075 2184 fieri
1108 2150 1261 2195 potest
1291 2144 1751 2195 compendiosissime

125 2215 363 2255 narraturi
384 2226 557 2265 sumus,
582 2226 714 2266 quae,
734 2214 830 2265 jam
851 2215 956 2254 inde
984 2227 1010 2254 a
1026 2215 1265 2268 Januario,
1289 2227 1470 2255 summa
1491 2214 1579 2255 Dei
1606 2216 1750 2255 muni-

127 2287 333 2337 ficentia,
369 2297 452 2338 per
481 2285 593 2325 vilia
620 2286 736 2326 haec
770 2297 854 2325 sua
882 2286 1189 2326 instrumenta
1219 2286 1405 2337 operari
1439 2286 1630 2337 dignata
1665 2293 1750 2335 est,

128 2358 274 2397 obiter
307 2363 569 2408 repetentes
595 2368 714 2407 quae
736 2357 782 2396 in
802 2355 1000 2397 diversis
1030 2356 1206 2397 itineris
1234 2357 1383 2397 nostri
1410 2357 1548 2407 locis,
1578 2368 1752 2407 magno

128 2428 216 2468 Dei
236 2427 476 2477 beneficio,
499 2427 646 2478 nobiS,
669 2427 777 2467 licet
797 2427 1016 2478 indignis,
1040 2439 1265 2468 concessa
1284 2434 1404 2468 sunt.

208 2499 364 2539 Prima
395 2499 537 2549 igitur
566 2503 717 2549 nocte,
748 2498 871 2538 Urbe
894 2497 991 2550 jam
1021 2499 1234 2549 digressi,
1258 2511 1351 2539 non
1370 2499 1531 2550 pauci,
1556 2499 1754 2538 fratrum

129 2577 398 2610 nostrorum
418 2569 465 2609 in
484 2569 647 2620 primis
677 2569 993 2620 concionibus,
1016 2576 1114 2610 tum
1143 2570 1283 2609 etiam
1309 2570 1397 2621 piis
1425 2570 1752 2610 admonitioni—

129 2642 230 2691 bus,
254 2640 472 2692 permoti,
509 2638 637 2679 Patri
664 2645 825 2680 nostro
854 2640 1073 2680 Andreae
1103 2639 1130 2691 ²,
1153 2640 1331 2680 itineris
1362 2641 1608 2680 insolentia
1637 2642 1748 2680 mul-

130 2719 226 2751 tum
257 2710 528 2761 defatigato,
552 2709 752 2750 confessi
773 2716 902 2761 sunt;
926 2711 1047 2750 idem
1064 2711 1277 2761 proxima
1305 2722 1360 2750 ac
1382 2711 1518 2750 tertia
1549 2723 1573 2750 a
1598 2711 1755 2762 priore

184 2873 192 2891 ¹
235 2870 481 2904 Autographae
496 2869 663 2896 Theodori
678 2869 815 2896 litterae
830 2870 951 2896 suntin
967 2869 1090 2904 duplici
1108 2870 1185 2898 solio
1201 2878 1254 2897 nn.
1276 2870 1310 2897 82
1330 2875 1363 2897 ct
1383 2871 1530 2899 83.—Est
1558 2877 1591 2899 et
1614 2879 1756 2905 apogra—

131 2916 245 2950 phum,
262 2924 381 2948 manu,
396 2920 431 2942 ut
447 2915 593 2947 videtur,
610 2915 723 2942 Patris
736 2915 895 2942 Andreae
912 2916 950 2942 de
966 2915 1093 2947 Frusis.
1107 2916 1139 2943 in
1156 2917 1210 2944 fol.
1225 2917 1259 2943 97
1273 2921 1305 2944 et
1321 2917 1355 2944 98
1370 2917 1504 2945 Codicis
1521 2919 1599 2946 1551.

185 2963 199 2982 2
237 2963 272 2990 P.
289 2963 445 2990 Andreas
470 2963 509 2989 de
532 2962 659 2990 Oviedo
675 2962 839 2990 fratribus
862 2961 927 2988 iter
951 2963 1129 2996 agentibus
1150 2964 1344 2998 praefectus
1359 2968 1392 2992 et
1409 2965 1512 2993 futuri
1538 2966 1755 3001 Neapolitani

135 3010 278 3045 Collegii
299 3010 433 3037 Rector.

327 3067 374 3103 T.
400 3079 423 3102 1.
1526 3083 1573 3115 40
