2074 3179
284 152 354 188 728
808 149 1036 187 LITTERAE
1063 139 1421 193 QuADmMEsTREs

283 246 359 288 Ad
380 247 499 287 haec
521 246 673 287 effecit
693 253 743 287 ut
764 252 933 287 octavo
963 258 1146 299 quoque
1173 247 1246 288 die
1275 249 1438 288 altaris
1465 255 1812 290 sacramentum
1840 250 1933 290 fre*-

284 323 583 370 quentarent.
609 317 745 368 Quod
772 329 916 369 quum
944 318 1035 359 nisi
1062 319 1381 360 consentiente
1402 319 1623 360 Antistite
1650 320 1804 361 facere
1833 333 1927 362 non

283 395 523 441 poterant,
546 388 644 429 D.11²
665 388 867 429 Michael
887 389 1200 430 sollicitarunt
1220 396 1269 430 ut
1290 391 1412 431 illius
1438 391 1774 432 intercessione
1800 398 1924 444 pote—

286 466 384 500 stas
408 460 497 500 illis
520 460 651 500 fieret
672 466 842 501 octavo
863 472 1048 513 quoque
1069 460 1142 501 die
1164 463 1555 503 communicandi.
1579 463 1774 504 Illustris
1791 475 1926 516 quae-

286 532 395 572 dam
435 539 654 572 matrona
686 531 745 572 D.
790 532 1049 573 Melchiora
1078 531 1390 585 Vintimiglia,
1424 536 1776 585 consanguinea
1806 534 1927 576 Mar-

286 603 468 643 chionis
501 603 749 654 Iracensis,
796 615 915 644 uxor
949 603 1006 644 D.
1046 604 1363 656 Berenghelii,
1400 605 1627 657 praefecti
1667 607 1927 647 triremium

287 674 563 724 Sicularum,
595 686 715 726 quae
736 675 1017 716 monialibus
1037 675 1129 716 illis
1154 675 1518 717 familiarissime
1546 677 1711 723 utitur,
1734 678 1930 718 summis

285 745 506 797 precibus
535 758 562 786 a
589 746 648 786 D.
664 752 705 772 ¹²0
731 746 960 786 Michaele
981 746 1219 787 contendit
1242 760 1298 787 ne
1329 748 1580 788 conciones
1600 749 1843 800 incoeptas
1864 750 1932 789 in«

285 817 581 869 termitteret‚
614 817 858 869 proposita
887 817 1009 858 illius
1037 825 1298 859 conventus
1324 819 1602 860 admiranda
1631 820 1834 872 quadam
1860 832 1927 861 re-

285 889 570 940 pentinaque
592 889 640 929 in
670 889 835 929 melius
864 889 1251 941 commutatione,
1275 902 1416 942 quam
1444 891 1628 941 iisdem,
1661 892 1826 943 quibus
1853 903 1927 932 ex—

286 966 390 1001 orta
424 960 598 1012 fuerat,
638 961 943 1002 concionibus
977 961 1230 1002 fovendam
1263 963 1649 1015 retinendamque
1686 964 1928 1013 censebat3

286 1033 478 1084 insuper
499 1032 599 1072 fore
619 1039 690 1083 ut,
714 1033 792 1073 illo
822 1034 1111 1073 monasterio
1138 1034 1410 1074 melioribus
1430 1035 1612 1085 legibus
1639 1041 1682 1075 et
1705 1035 1930 1075 institutis

287 1110 564 1155 temperato,
584 1104 765 1156 reliqua
786 1104 873 1144 sibi
889 1104 1002 1145 illud
1014 1111 1255 1156 tamquam
1271 1111 1436 1157 typum
1448 1106 1697 1158 quemdam
1711 1113 1755 1146 et
1774 1118 1928 1146 exem-

284 1175 388 1227 plar
408 1175 533 1227 quod
554 1175 808 1226 imitentur,
832 1176 1055 1227 quoniam
1075 1176 1217 1217 totius
1234 1177 1438 1217 civitatis
1459 1184 1528 1217 est
1550 1178 1927 1227 celeberrimum,

284 1247 372 1288 sibi
392 1247 450 1287 ob
477 1248 640 1287 oculos
659 1253 852 1299 ponant.
882 1247 1096 1300 Denique
1122 1247 1331 1288 futurum
1359 1255 1408 1289 ut
1435 1249 1738 1289 concionibus
1771 1255 1815 1289 et
1847 1250 1926 1289 via

286 1319 375 1358 ista
397 1318 631 1369 spirituali
655 1318 789 1359 brevi
809 1319 1100 1368 conficiatur,
1125 1320 1249 1371 quod
1270 1320 1401 1360 multi
1430 1320 1609 1360 nobiles
1640 1326 1779 1371 atque
1811 1320 1929 1360 adeo

284 1390 522 1442 principes
543 1390 689 1430 multa
711 1390 760 1430 vi
780 1402 839 1430 ne
860 1390 1066 1442 incipere
1087 1391 1275 1442 quidem
1296 1398 1564 1443 potuerunt.
1589 1391 1819 1432 Dominus
1840 1392 1929 1431 hoc

284 1473 402 1513 opus
424 1462 471 1501 in
492 1473 626 1502 suam
648 1462 852 1513 gloriam
872 1461 1063 1513 dirigat.

364 1532 419 1573 R.
443 1532 494 1573 P.
518 1533 577 1573 D.
599 1533 789 1584 Paulus,
813 1539 1002 1584 praeter
1026 1545 1178 1585 grave
1200 1535 1315 1574 satis
1343 1540 1387 1574 et
1417 1546 1666 1576 onerosum
1688 1535 1831 1575 totius
1851 1547 1929 1574 no—

288 1610 415 1645 strae
437 1604 604 1645 domus
621 1610 665 1645 et
680 1604 886 1645 familiae
903 1605 1131 1656 regimen,
1149 1611 1338 1657 praeter
1354 1607 1524 1647 multas
1541 1612 1585 1646 et
1603 1606 1931 1655 creberrimas,

283 1675 450 1727 quibus
481 1676 781 1727 distrahitur,
807 1676 1147 1728 confessiones,
1177 1677 1406 1717 hactenus
1434 1689 1617 1729 semper
1645 1678 1692 1717 in
1715 1677 1928 1718 doctrina

285 1746 544 1787 christiana
566 1741 764 1797 singulis
786 1747 950 1787 diebus
971 1747 1172 1799 veneris,
1196 1748 1391 1799 epistola
1413 1748 1509 1788 divi
1528 1747 1661 1789 Pauli
1681 1747 1741 1788 ad
1761 1747 1931 1788 Roma-

281 1831 368 1859 nos
390 1818 588 1869 singulis
610 1819 858 1859 dominicis
878 1831 973 1859 non
993 1819 1282 1860 infructuose
1299 1820 1520 1872 perrexit.

363 1889 637 1930 Studiorum
657 1896 928 1930 nostrorum
948 1902 1143 1930 munera
1164 1892 1291 1931 nulla
1312 1891 1556 1931 solitorum
1586 1891 1799 1931 laborum
1830 1892 1928 1931 dili-

280 1961 562 2013 gentiaeque
584 1962 864 2002 remissione
881 1973 908 2001 a
925 1962 1310 2013 praeceptoribus
1327 1968 1621 2013 exercentur,
1640 1974 1735 2002 non
1753 1962 1930 2014 absque

280 2034 427 2073 multa
452 2031 699 2084 Juvenum,
734 2045 842 2074 cum
870 2034 918 2074 in
947 2033 1161 2074 doctrina
1194 2040 1291 2074 tum
1324 2034 1371 2074 in
1406 2034 1586 2086 spiritu,
1615 2033 1927 2085 promotione.

280 2104 414 2145 Nunc
435 2105 676 2156 Pro-regis
694 2111 998 2157 exspectatur
1016 2105 1263 2157 adventus,
1282 2117 1389 2157 quo,
1408 2117 1591 2145 necnon
1610 2105 1664 2145 R.
1689 2105 1738 2145 P.
1763 2105 1820 2145 D.
1839 2104 1929 2145 Na—

282 2176 387 2226 tali,
412 2182 576 2216 nostra
603 2176 759 2216 studia
787 2176 925 2217 novis
955 2182 999 2217 et
1026 2176 1305 2217 lectionibus
1333 2182 1376 2217 et
1411 2176 1672 2217 rationibus
1700 2176 1928 2216 instaura-

281 2247 469 2288 buntur.
494 2246 635 2300 Spem
665 2247 968 2300 concepimus
997 2248 1044 2288 in
1071 2247 1274 2288 Domino
1303 2248 1614 2288 certissimam
1642 2259 1719 2288 res
1748 2247 1931 2288 felicius

282 2319 428 2359 multo
467 2330 632 2359 eorum
656 2319 924 2371 praesentia
953 2330 1307 2370 progressuras.
1340 2318 1475 2369 Quod
1505 2319 1762 2370 opitulante
1795 2318 1931 2358 nobis

282 2389 487 2430 Domino
523 2396 567 2430 et
602 2390 807 2441 gratiam
844 2402 975 2430 suam
1005 2390 1259 2430 liberaliter
1298 2390 1568 2441 indulgente
1604 2389 1847 2439 succedat,
1880 2395 1929 2428 ut

283 2462 375 2502 tuis
396 2474 483 2503 nos
506 2462 843 2514 impetraturus
864 2462 1083 2514 precibus
1103 2462 1481 2513 reliquorumque
1503 2462 1549 2501 in
1571 2461 1760 2501 Christo
1781 2460 1929 2500 Reve-

283 2532 541 2574 rendorum
568 2534 762 2574 Patrum
792 2533 1270 2584 charissimorumque
1300 2533 1513 2582 fratrum,
1552 2532 1630 2583 qui
1665 2531 1768 2571 istic
1803 2537 1932 2578 sunt,

282 2605 580 2646 confidimus.

369 2677 504 2718 Vale.
529 2676 773 2726 Panormi,
798 2676 843 2717 V
866 2677 954 2717 cal.
977 2675 1237 2728 Septembr.
1262 2686 1384 2714 anno
1412 2674 1525 2714 1552.

367 2748 422 2788 R.
446 2747 496 2789 P.
520 2748 573 2788 T.
598 2748 820 2800 indignus
842 2747 888 2787 in
911 2747 1097 2788 Christo
1119 2746 1256 2797 filius,

1282 2889 1492 2942 JOANNEs
1513 2888 1768 2929 Roofflzms.
