2074 3179
898 203 934 240 Α
944 214 979 239 Ν.
1012 201 1102 238 1552
1739 196 1810 229 (³03

254 884 299 920 P.
320 883 619 931 Hieronymus
639 882 892 921 Domenech

300 949 420 986 Patri
439 948 608 996 Ignatio
627 948 681 985 de
699 947 882 994 Loyola.

345 1013 564 1059 Valentia,
587 1013 628 1051 31
653 1013 756 1050 Maii
773 1011 864 1049 1552
883 1012 908 1047 ¹.

980 1186 1006 1230 ἦ,

260 1363 526 1403 Admodum
547 1363 839 1403 observande
860 1363 907 1402 in
928 1361 1113 1403 Christo
1134 1361 1286 1401 Pater.

260 1433 425 1473 Gratia
446 1440 490 1473 et
509 1445 605 1485 pax
625 1433 813 1474 Domini
833 1434 980 1473 nostri
996 1433 1106 1485 Jesu
1121 1432 1294 1472 Christi
1311 1429 1512 1470 abundet
1528 1428 1808 1473 invcordibus

181 1505 367 1544 nostris.
392 1504 558 1544 Amen.

258 1575 400 1628 Juxta
421 1575 622 1615 formam
639 1588 665 1615 a
681 1575 731 1615 Ρ.
752 1575 810 1615 V.
829 1574 1184 1627 praescriptam,
1204 1573 1405 1613 referam
1423 1572 1587 1623 paucis
1603 1583 1672 1621 ea,
1694 1581 1813 1621 quae

184 1646 412 1686 Dominus
432 1658 517 1686 sua
538 1645 860 1686 misericordia
881 1646 1099 1697 dignatus
1116 1652 1184 1684 est
1207 1643 1387 1684 efficere
1403 1655 1485 1694 per
1503 1653 1614 1682 suos
1631 1640 1814 1681 infimos

182 1729 346 1757 servos
373 1716 510 1768 hujus
536 1718 673 1769 parvi
701 1717 895 1768 Collegii
922 1716 1175 1764 Valentini,
1206 1715 1385 1755 exactis
1416 1720 1615 1766 quatuor
1642 1713 1806 1752 mensi-

181 1788 288 1838 bus;
312 1800 402 1839 quo
423 1788 504 1828 P.ti
531 1788 636 1828 Vsse
661 1794 706 1828 et
726 1787 842 1837 Deo,
876 1788 934 1827 ad
962 1786 1092 1838 cujus
1119 1786 1317 1837 gloriam
1346 1786 1501 1825 omnia
1528 1783 1805 1831 referantur,

182 1858 510 1910 obtemperem.

263 1928 433 1970 Sumus
453 1929 500 1970 in
520 1929 609 1970 hoc
631 1929 838 1980 Collegio
860 1929 1084 1969 tredecim
1105 1935 1184 1968 aut
1205 1927 1583 1980 quatuordecim3
1610 1937 1807 1978 quorum

182 2009 385 2052 quatuor
405 2007 512 2040 sunt
532 2001 817 2045 sacerdotes,
841 2012 924 2040 sex
945 2000 1228 2049 scholastici,
1254 1999 1417 2050 reliqui
1438 1998 1644 2047 Collegio
1666 1997 1806 2036 inser-

181 2071 328 2111 viunt.
351 2071 424 2111 Ex
444 2071 738 2111 scholasticis
759 2071 849 2111 duo
870 2083 1033 2111 sacrae
1055 2071 1320 2121 theologiae
1349 2070 1461 2109 dant
1488 2079 1692 2120 operam,
1717 2067 1808 2107 duo

181 2142 530 2193 philosophiae,
567 2142 644 2193 qui
678 2142 810 2182 brevi
843 2142 1148 2193 peripatetico
1185 2141 1340 2181 cursui
1377 2140 1515 2180 finem
1552 2140 1805 2190 imponent:

181 2224 299 2253 unus
321 2213 609 2263 dialecticae,
633 2213 750 2253 alius
770 2225 884 2253 vero
905 2213 1192 2262 rhetoricae;
1221 2213 1299 2264 qui
1320 2223 1500 2262 omnes,
1535 2210 1706 2251 Christi
1733 2210 1806 2249 be-

183 2283 370 2334 neficio,
403 2283 448 2323 in
478 2283 575 2323 dies
602 2284 753 2334 magis
785 2284 831 2323 in
865 2284 1030 2335 spiritu
1060 2289 1104 2324 et
1123 2283 1291 2323 litteris
1321 2282 1583 2333 proficiunt,
1619 2281 1806 2332 suisque

183 2354 684 2395 communicationibus
711 2361 755 2395 et
782 2355 886 2395 aliis
912 2355 957 2395 in
986 2355 1196 2395 eamdem
1223 2354 1513 2394 academiam
1539 2352 1804 2393 confluenti-

181 2425 269 2465 bus
290 2431 396 2465 sunt
417 2426 630 2476 exemplo
651 2432 696 2466 et
717 2426 1028 2466 admirationi.

262 2495 543 2536 Sacerdotes
570 2508 699 2546 vero,
729 2497 984 2537 secundum
1009 2497 1190 2547 gratiae
1217 2496 1612 2547 dispensationem
1638 2495 1703 2534 eis
1731 2495 1807 2534 da-

180 2572 291 2617 tam,
315 2566 427 2606 dant
448 2578 640 2618 operam
653 2573 703 2606 ut
718 2567 810 2607 sint
826 2568 930 2607 usui
945 2568 1160 2618 proximo
1176 2568 1223 2607 in
1240 2567 1311 2607 his
1326 2567 1592 2619 praecipue,
1611 2577 1730 2617 quae
1748 2565 1806 2604 ad

181 2636 316 2688 hujus
337 2636 584 2677 Societatis
603 2637 865 2677 institutum
884 2638 1129 2689 pertinent.
1154 2637 1330 2678 Diebus
1350 2636 1596 2677 dominicis
1617 2644 1662 2676 et
1676 2636 1808 2676 festis

180 2707 306 2747 haud
326 2719 502 2758 parvus
524 2708 764 2747 hominum
789 2719 1027 2756 numerus,
1050 2715 1093 2748 et
1121 2708 1371 2760 praecipue
1398 2707 1805 2755 scholasticorum,

181 2778 237 2817 ad
255 2790 340 2818 nos
362 2779 542 2818 accedit
564 2778 623 2819 ad
640 2778 967 2829 confitendum
987 2792 1010 2819 e
1027 2779 1192 2831 quibus
1205 2791 1299 2819 non
1315 2778 1453 2830 pauci
1469 2778 1718 2830 aliquando
1739 2790 1806 2818 re-

180 2856 442 2896 vertuntur,
466 2849 677 2890 frustrati
693 2861 776 2890 suo
793 2849 1024 2890 desiderio
1041 2856 1230 2902 propter
1249 2850 1453 2901 inopiam
1470 2849 1805 2890 confessorum.

240 3009 247 3027 ¹
289 3009 536 3042 Autographae
552 3010 583 3036 in
600 3009 723 3043 duplici
740 3009 818 3036 solio
833 3017 887 3036 nn.
900 3010 949 3036 '224
966 3014 997 3036 et
1011 3010 1071 3036 295.
