2074 3179
834 196 914 232 Ax.
946 195 1036 232 1550
1435 208 1440 213 ’
1684 194 1753 232 185

887 651 989 704 LV

194 880 457 919 Laurentius
478 881 733 919 ssusnardus

241 946 358 983 Patri
380 947 535 992 Joanni
553 947 605 984 de
629 947 833 984 Polanco.

289 1011 531 1057 Florentia,
556 1012 597 1048 17
618 1011 782 1055 Martii,
806 1011 896 1047 1550
918 1011 940 1045 ¹.

882 1182 978 1258 nis

200 1360 367 1401 Gratia
388 1366 432 1401 et
453 1372 547 1412 pax
567 1360 757 1400 Domini
776 1358 831 1399 N.
860 1359 971 1412 Jesu
998 1359 1171 1399 Christi
1198 1358 1256 1397 sit
1284 1369 1466 1408 semper
1489 1357 1748 1397 nobiscum.

198 1431 297 1471 Etsi
318 1443 485 1471 vereor
507 1437 557 1471 ut
583 1442 656 1470 me
686 1430 800 1470 satis
829 1429 1013 1480 deceat,
1038 1441 1157 1480 quae
1179 1428 1353 1469 caeteri
1375 1428 1638 1468 charissimi
1662 1428 1748 1469 fra-

118 1509 214 1542 tres
234 1503 398 1543 melius
419 1514 492 1542 me
521 1503 666 1542 multo
686 1501 857 1541 facturi
884 1506 1005 1551 sunt,
1031 1500 1090 1540 ad
1117 1506 1161 1540 te
1183 1500 1481 1551 praesertim,
1506 1499 1645 1539 Pater
1666 1499 1750 1540 Re-

119 1573 336 1623 verende,
359 1573 563 1613 scribere
581 1585 637 1612 ac
658 1572 862 1612 maxime
880 1582 986 1611 cum
1004 1582 1214 1611 mearum
1235 1570 1406 1610 virium
1421 1582 1515 1610 non
1535 1570 1594 1610 sit
1616 1582 1748 1620 onus,

118 1651 274 1685 tamen
295 1645 403 1696 quia
423 1644 506 1684 tibi
525 1643 650 1684 haud
670 1642 923 1694 injucunda
945 1653 1063 1694 quae
1085 1642 1318 1693 scripsero
1340 1641 1495 1681 futura
1517 1642 1748 1691 existimo,

119 1716 324 1756 breviter
357 1714 592 1755 discessus
628 1714 777 1755 nostri
810 1713 993 1754 felicem
1028 1713 1316 1753 Florentiam
1349 1724 1493 1764 usque
1533 1719 1751 1752 eventum

119 1787 330 1837 aperiam
355 1785 383 1826 ⁶².
415 1785 533 1827 Cum
565 1785 624 1826 ad
655 1784 927 1837 oppidulum
948 1784 1074 1834 illud,
1111 1795 1248 1836 quem
1277 1783 1399 1833 (sic)
1430 1783 1752 1824 Roncilionem

118 1863 316 1907 vocant,
348 1857 746 1909 pervenissemus,
780 1856 934 1908 ibique
967 1861 1104 1896 nocte
1132 1856 1210 1895 illa
1237 1855 1380 1895 futuri
1409 1867 1637 1905 essemus,
1668 1856 1752 1895 sub

116 1929 283 1969 horam
304 1940 478 1969 coenae
501 1929 548 1969 in
568 1927 809 1980 podiolum
836 1926 1070 1979 quoddam
1090 1926 1216 1978 quod
1237 1926 1488 1978 hospitiolo
1511 1927 1575 1966 illi
1592 1927 1639 1966 in
1660 1938 1751 1978 quo

117 2011 304 2040 eramus
331 1999 532 2051 adjacet,
556 1999 730 2051 prodii:
761 1998 928 2050 ibique,
961 2009 1068 2038 cum
1096 2009 1336 2038 sermones
1359 1998 1626 2049 spirituales
1648 2009 1753 2037 cum

117 2071 320 2122 quodam
358 2071 461 2112 viro
502 2070 677 2122 optimo
714 2069 991 2119 conferrem,
1029 2069 1159 2120 petiit
1194 2067 1324 2119 cujas
1359 2081 1509 2109 essem
1545 2075 1588 2108 et
1623 2068 1753 2120 quus

119 2142 309 2182 ordinis.
332 2141 399 2182 Ibi
420 2148 529 2182 tunc
551 2141 715 2193 paucis
737 2140 808 2190 (ut
827 2140 957 2191 potui
987 2146 1032 2180 et
1060 2140 1193 2189 scivi)
1216 2139 1483 2180 Institutum
1505 2138 1754 2179 Societatis

118 2214 294 2265 aperui,
319 2218 364 2253 et
385 2224 503 2265 quae
525 2212 572 2252 in
592 2212 722 2252 India
742 2217 1018 2262 gererentur
1040 2223 1099 2250 ex
1114 2217 1247 2262 parte
1268 2211 1522 2251 declaravi.
1543 2210 1660 2251 Cum
1679 2210 1753 2250 ille

119 2285 270 2336 magis
298 2296 353 2324 ac
383 2284 537 2335 magis
564 2293 679 2334 erga
708 2281 992 2323 Societatem
1023 2282 1143 2322 affici
1173 2282 1431 2332 videretur,
1455 2281 1565 2333 petii
1593 2288 1642 2321 ut
1669 2293 1754 2321 nos

118 2355 333 2407 precibus
361 2355 458 2395 suis
485 2353 747 2405 adjuvaret.
782 2353 912 2394 Tunc
942 2354 1017 2393 ille
1052 2365 1154 2393 sese
1192 2354 1311 2393 ultro
1342 2353 1529 2402 obtulit,
1569 2358 1613 2392 et
1648 2364 1753 2392 cum

119 2427 248 2467 illum
267 2425 327 2467 ad
347 2426 652 2466 charissimos
673 2424 844 2465 fratres
865 2424 1165 2465 adduxissem
1187 2431 1235 2464 ut
1257 2436 1350 2464 una
1372 2435 1478 2463 cum
1500 2424 1589 2463 illis
1616 2424 1752 2463 collo-

177 2537 187 2557 1
229 2536 316 2565 Tota
333 2537 548 2572 autographa
565 2538 598 2564 in
612 2537 692 2564 solio
707 2537 787 2564 olim
801 2537 845 2568 ¹29,
858 2544 946 2564 num.
960 2537 986 2564 9.

172 2584 186 2603 2
225 2584 389 2612 Nicolaus
403 2584 600 2618 Gaudanus,
616 2584 821 2611 Laurentius
837 2584 1044 2617 Busnardus,
1061 2584 1208 2617 Joanncs
1228 2585 1296 2618 (qui
1319 2588 1352 2611 et
1374 2584 1524 2618 Joanico,
1540 2583 1706 2616 joannino
1722 2587 1754 2610 et

120 2631 292 2660 Giovanni
307 2633 437 2667 piceolo
454 2632 654 2664 dicebatur).
669 2631 884 2666 Thaddaeus,
897 2632 1033 2666 quidam
1048 2632 1204 2666 Baptista
1218 2637 1251 2658 et
1268 2636 1398 2666 septem
1411 2632 1469 2658 alii
1481 2631 1647 2658 Venetias
1662 2631 1752 2658 missi

121 2679 183 2706 hoc
199 2687 312 2707 mense
328 2679 453 2707 Martio
469 2680 561 2707 fuere
573 2683 609 2706 ut
623 2679 766 2713 Collegii
779 2679 901 2706 Veneti
914 2680 1137 2707 fundamenta
1149 2684 1323 2713 ponerent.
1337 2679 1424 2706 Vide
1436 2679 1604 2711 PoLAnco,
1619 2678 1755 2707 Chrorr..

120 2729 142 2753 t.
158 2734 189 2759 11,
203 2734 281 2761 pag.
295 2727 340 2761 60,
357 2735 446 2754 num.
463 2727 513 2754 135
524 2730 557 2754 et
570 2730 643 2754 not.
663 2727 687 2754 1.
704 2726 746 2753 Hi
758 2727 935 2754 duodecim
950 2728 983 2754 in
999 2727 1082 2754 duas
1096 2731 1227 2754 turmas
1243 2727 1415 2754 distributi
1428 2729 1516 2760 sunt,
1532 2733 1677 2760 quarum
1687 2733 1753 2753 una

120 2775 180 2801 sub
196 2774 337 2802 Nicolao
354 2774 518 2802 Gaudano
533 2774 721 2801 Lauretum
735 2774 834 2808 petiit
850 2774 1030 2807 (ΡοιΑΝςο,
1054 2774 1074 2801 l.
1097 2776 1148 2807 c.)‚
1173 2775 1248 2801 inde
1274 2774 1450 2801 Anconam
1473 2777 1507 2801 et
1530 2774 1671 2800 Ancona
1694 2780 1754 2807 per

121 2828 213 2848 mare
233 2821 397 2849 Venetias
411 2822 572 2856 petitura:
589 2822 699 2849 altera
715 2829 797 2849 vero
812 2823 873 2849 sub
887 2823 956 2849 alio
968 2822 1118 2855 NicoIao,
1132 2822 1163 2849 in
1176 2830 1241 2856 qua
1254 2822 1460 2854 Busnardus.
1474 2821 1629 2855 Joannes,
1643 2820 1754 2847 Thad-

121 2868 225 2896 daeus
242 2873 274 2896 et
290 2869 450 2904 Baptista
465 2873 575 2903 erant,
592 2869 684 2896 viam
700 2869 818 2903 tenuit,
835 2877 920 2904 quae
936 2869 1044 2897 Roma
1058 2877 1119 2904 per
1135 2869 1400 2903 Ronciglionem‚
1414 2868 1624 2902 viterbium,
1641 2867 1753 2895 Bolse-

122 2922 214 2946 nam.
231 2916 585 2950 ,aquampendentem,
603 2915 767 2943 Sanctum
782 2916 979 2949 Querieum,
998 2917 1124 2944 Bonum
1146 2916 1372 2950 Conventum,
1399 2916 1505 2944 Senas
1526 2919 1559 2943 et
1575 2915 1750 2950 Poggium.

122 2961 333 2991 Florentiam
351 2964 452 2991 ducit.
471 2963 567 2991 Hanc
583 2965 766 2991 secundam
781 2968 929 2992 turmam
944 2965 1175 2992 comitabatur
1197 2965 1318 2992 Petrus
1342 2964 1382 2991 de
1398 2964 1540 3000 Ayllon,
1555 2963 1752 2991 Bononiam.

123 3014 152 3035 ut
175 3009 321 3044 videtur,
334 3011 525 3039 destinatus
540 3010 722 3045 (POLANco,
740 3012 757 3039 l.
772 3020 814 3043 c.,
831 3020 906 3046 pag.
920 3012 963 3043 511.
980 3018 1047 3040 not.
1065 3013 1101 3045 1).
