2074 3179
258 191 329 228 666
771 189 1001 226 LITTERAE
1027 199 1386 229 QUADmMESTRES

340 287 491 339 Hujus
512 286 862 338 condiscipulus
883 285 1088 337 quidam,
1112 296 1254 337 eques
1274 286 1458 337 nobilis,
1482 286 1671 326 natione
1692 286 1896 326 cathala=

259 370 365 410 nus,
389 359 464 399 cui
485 370 653 398 nornen
679 364 749 398 est
765 357 932 397 Petrus
948 356 1177 407 Cabrera,
1200 357 1437 398 multoties
1457 368 1542 398 nos
1559 356 1828 397 sollicitavit
1848 365 1897 398 ut

261 431 568 482 reciperetur,
592 429 868 469 adolescens
898 427 1152 477 modestus,
1182 428 1297 468 satis
1325 434 1508 478 acutus,
1537 427 1833 468 verecundus
1853 434 1898 469 et

266 502 466 553 quietus,
490 511 546 540 ac
565 499 741 551 judicio
767 505 1029 551 praestans.
1052 499 1294 539 Hactenus
1320 511 1419 540 rem
1448 499 1713 539 distulimus
1743 498 1898 550 explo÷

261 577 424 612 rantes
445 583 506 612 an
527 578 679 612 mater
700 571 848 623 ipsius
868 571 1008 611 vellet
1028 576 1078 610 ut
1099 576 1310 610 maneret
1330 570 1377 610 in
1398 570 1606 621 Collegio
1625 569 1896 616 Gandiensi.

260 655 367 684 cum
393 649 704 695 praeceptore
739 653 842 692 SUO,
872 641 1265 693 quemadmodum
1293 641 1391 691 agit
1411 640 1681 691 Valentiae;
1716 652 1834 692 quae
1860 641 1899 681 si

258 714 486 755 reluctari
506 720 701 766 perstat,
725 719 770 754 et
791 713 866 753 ille
887 714 1153 764 ingressum
1169 712 1410 763 religionis
1431 717 1583 763 urget,
1604 717 1653 752 ut
1672 712 1900 752 hactenus

260 786 386 836 fecit,
410 785 601 826 tandem
621 784 875 836 recipietur
899 783 924 824 ¹.

339 856 476 897 Alius
499 856 642 897 etiam
662 856 831 897 horum
853 856 1218 908 condiscipulus,
1244 854 1459 895 acumine
1480 854 1657 905 ingenii
1685 859 1730 893 et
1751 853 1900 893 erudi«

259 929 387 969 tione
409 940 640 980 superans
661 927 1017 979 quatuordecim
1041 938 1205 977 annos,
1230 926 1400 978 quibus
1420 925 1628 966 nondum
1654 930 1793 965 natus
1814 932 1898 974 est,

261 999 491 1051 singulari
513 999 718 1051 quadam
744 999 977 1039 modestia
998 1010 1085 1039 nos
1114 1004 1253 1050 urget
1274 1005 1323 1038 ut
1345 998 1511 1038 saltem
1538 1009 1645 1037 cum
1666 1002 1899 1048 quartum-

260 1071 495 1111 decimum
528 1070 740 1121 attigerit
768 1082 964 1120 annum,
997 1081 1102 1110 eum
1132 1070 1178 1110 in
1210 1074 1425 1109 nostrum
1455 1068 1687 1120 gremium
1706 1067 1900 1118 recipia-

259 1154 386 1194 mus;
405 1148 450 1182 et
471 1153 579 1182 cum
599 1142 806 1193 aliquam
827 1142 883 1182 de
906 1141 996 1181 hoc
1019 1141 1287 1192 conceperit
1310 1151 1456 1192 spem,
1479 1140 1552 1180 bis
1572 1139 1617 1179 in
1641 1139 1713 1179 die
1733 1150 1821 1178 nos
1836 1138 1901 1177 vi-

260 1215 335 1266 sit,
367 1220 418 1254 ut
433 1213 505 1254 sui
520 1225 615 1254 non
639 1213 990 1263 obliviscamur,
1011 1212 1121 1253 dum
1150 1211 1262 1252 illud
1287 1218 1469 1263 tempus
1485 1216 1583 1251 tam
1608 1210 1746 1250 avide
1770 1221 1903 1261 prae2

261 1286 478 1326 stolatus.

340 1356 639 1397 Adolescens
659 1356 851 1407 quidam
872 1356 1133 1403 catalanus‚
1158 1355 1424 1395 Monserrat
1444 1354 1631 1394 nomine
1652 1352 1682 1403 ²,
1710 1353 1905 1394 robusto

263 1439 480 1480 corpore,
518 1427 728 1479 ingenio,
755 1426 932 1479 judicio
961 1439 1018 1467 ac
1047 1426 1307 1467 eruditione
1334 1432 1607 1478 praestans,
1639 1425 1902 1475 theologus,

261 1499 373 1539 dum
394 1504 558 1550 ageret
580 1499 822 1549 exercitia,
851 1498 1092 1538 constituit
1120 1509 1192 1538 me
1215 1498 1349 1549 sequi
1378 1497 1487 1537 hinc
1510 1495 1902 1547 proficiscentem.

261 1571 363 1610 Erit
384 1570 462 1610 hic
493 1570 702 1610 decimus
734 1575 928 1621 quartus
956 1575 1036 1609 aut
1064 1568 1274 1609 decimus
1300 1569 1489 1620 quintus
1517 1567 1779 1618 theologus,
1809 1565 1902 1617 qui„

262 1642 456 1681 absente
485 1640 625 1681 Patre
661 1641 864 1690 Mirone,
902 1640 962 1680 ad
991 1651 1077 1680 nos
1107 1646 1423 1679 accesserunt.
1461 1638 1609 1679 Abest
1644 1644 1800 1677 autem
1829 1637 1906 1676 ille

260 1713 408 1753 ferme
430 1724 620 1752 annum.

341 1784 475 1824 Alios
495 1784 840 1835 praetermitto,
866 1783 944 1834 qui
971 1782 1154 1833 ingredi
1176 1783 1426 1822 voluerunt
1454 1788 1498 1821 et
1519 1788 1569 1821 ut
1598 1791 1898 1831 assequeren-

260 1861 335 1895 tur
356 1855 514 1895 conati
536 1860 665 1905 sunt;
699 1855 781 1895 sed
801 1866 860 1894 ex
881 1854 1038 1894 multis
1059 1854 1267 1905 potiores
1289 1853 1518 1904 eligimus.
1545 1852 1725 1893 Cedant
1748 1852 1903 1890 omnia

261 1927 305 1965 in
329 1926 529 1977 gloriam
551 1925 778 1966 authoris.
1045 1959 1051 1965 ,

343 1997 521 2049 Scripsi
542 1997 660 2037 alias
682 2002 888 2048 emptam
917 1996 1061 2036 fuisse
1089 2008 1115 2035 a
1144 1995 1281 2035 nobis
1313 1995 1516 2046 domum,
1548 1995 1594 2035 in
1616 2007 1707 2047 qua
1737 1993 1906 2045 ageba«

262 2081 382 2120 mus,
407 2068 532 2109 mille
556 2068 740 2108 ducatis
768 2068 923 2108 minus
947 2067 1314 2119 quinquaginta;
1348 2067 1471 2106 hanc
1493 2066 1630 2106 modo
1659 2065 1900 2111 solvimusV

264 2140 375 2180 hinc
396 2139 504 2180 inde
526 2139 735 2190 acceptis
757 2138 1081 2190 eleemosynis,
1106 2137 1506 2189 Archiepiscopus
1533 2136 1799 2177 numeravit
1819 2141 1904 2175 ter*

320 2344 328 2362 ¹
370 2342 429 2370 “El
447 2346 521 2369 otro
535 2341 774 2369 hermano'fue
792 2341 940 2368 tambien
961 2342 1000 2368 de
1024 2340 1155 2375 grande
1171 2340 1333 2375 ejernplo,
1349 2339 1498 2367 llamado
1513 2338 1588 2366 Don
1604 2339 1714 2366 Pedro
1729 2338 1769 2365 de
1786 2337 1909 2365 Cabre-

263 2398 314 2421 13,
327 2398 391 2426 que
406 2392 567 2417 entonces
582 2397 623 2416 en
638 2390 673 2417 Ia
690 2388 878 2423 Compafiia
893 2396 928 2416 se
944 2389 992 2415 les
1008 2388 1164 2422 quedaba
1187 2388 1218 2414 el
1242 2387 1319 2414 Don
1335 2389 1355 2414 a
1370 2388 1420 2414 los
1437 2394 1499 2421 que
1522 2387 1552 2414 le
1569 2387 1685 2414 tenian
1707 2394 1748 2412 en
1763 2386 1793 2412 el
1809 2385 1906 2419 siglo.

263 2437 336 2465 Era
357 2440 430 2465 este
446 2437 620 2464 caballero
635 2437 705 2472 hij0
721 2436 760 2463 de
778 2437 827 2463 los
842 2436 1034 2463 Vizcondes
1059 2436 1098 2462 de
1125 2434 1250 2468 Cabra,
1273 2442 1355 2462 casa
1378 2434 1570 2461 nobilisima
1586 2441 1625 2460 cn
1641 2433 1828 2467 Cataluna,
1845 2439 1908 2466 que

264 2486 410 2519 despues
424 2492 460 2512 se
474 2485 655 2519 incorporo
671 2492 712 2511 en
727 2485 761 2511 la
778 2484 832 2511 dcl
847 2484 1042 2511 Almirante
1059 2483 1099 2510 de
1116 2482 1273 2515 Castilla,
1289 2489 1384 2509 mozo
1399 2482 1497 2508 noble
1513 2489 1554 2508 en
1569 2481 1672 2516 linaje
1686 2489 1709 2516 y
1722 2482 1796 2507 mas
1810 2480 1908 2507 noble

264 2535 280 2558 ς·
296 2533 431 2560 illustre
446 2539 508 2567 por
523 2540 562 2559 su
575 2532 706 2566 grande
723 2531 868 2565 religion
885 2539 904 2565 y
920 2530 1056 2565 virtud3
1073 2538 1135 2564 que
1151 2530 1296 2564 despues
1312 2530 1343 2556 el
1358 2530 1422 2556 afro
1438 2529 1477 2556 de
1494 2528 1578 2561 1558,
1601 2530 1620 2555 a
1642 2529 1692 2555 los
1706 2527 1741 2555 2-1
1755 2528 1795 2554 de
1810 2527 1909 2555 Octu-

263 2581 335 2614 bre,
350 2579 406 2607 fue
421 2579 543 2607 martir
558 2580 597 2606 de
615 2580 650 2606 la
665 2579 818 2613 caridad‚
834 2578 1007 2606 sirviendo
1024 2580 1044 2605 a
1059 2579 1109 2605 los
1124 2577 1307 2612 apestados
1322 2584 1363 2603 en
1378 2577 1408 2603 el
1431 2575 1570 2610 Colegio
1585 2575 1624 2602 de
1639 2574 1768 2603 Murcia
1779 2597 1786 2608 ,
1802 2575 1908 2602 donde

265 2635 325 2655 era
339 2627 508 2661 Ministro,
525 2627 671 2662 dejando
691 2626 986 2654 extraordinarios
1001 2626 1165 2661 ejemplos
1182 2625 1221 2652 de
1236 2623 1354 2651 virtud
1378 2631 1417 2651 en
1441 2631 1480 2651 su
1503 2627 1645 2658 muerte,
1670 2630 1712 2650 no
1733 2624 1773 2650 de
1793 2630 1908 2650 menos

265 2674 465 2702 edificacion
481 2675 520 2701 de
538 2675 588 2701 los
602 2682 665 2708 que
682 2674 786 2701 habia
801 2673 922 2708 dejado
937 2681 977 2700 en
992 2681 1030 2700 su
1046 2673 1144 2704 vida,
1166 2679 1226 2706 por
1252 2672 1360 2698 haber
1383 2670 1523 2705 querido
1549 2671 1725 2698 dedicarse
1749 2670 1853 2697 hasta
1876 2670 1908 2696 la

265 2725 396 2749 muerte
412 2725 431 2750 a
447 2722 559 2749 servir
575 2724 594 2749 a
610 2729 667 2749 sus
681 2722 865 2749 hermanos
878 2730 900 2757 y
916 2721 1080 2756 projimos
1096 2721 1127 2747 el
1143 2727 1205 2754 que
1227 2719 1331 2746 habia
1345 2727 1367 2754 y
1382 2718 1523 2753 pudiera
1545 2725 1600 2745 ser
1623 2717 1761 2745 servido
1775 2725 1795 2751 y
1810 2724 1909 2751 rega-

265 2769 343 2796 lado
359 2769 398 2795 de
414 2768 557 2796 muchos
573 2776 614 2795 en
629 2769 660 2795 el
675 2768 816 2802 mundo;
833 2775 914 2803 pero
935 2768 1089 2795 acertolo
1104 2774 1144 2794 en
1160 2770 1258 2794 tener
1271 2772 1333 2800 por
1354 2772 1475 2799 mayor
1497 2766 1616 2800 regalo
1636 2773 1658 2801 y
1673 2765 1782 2792 honra
1796 2765 1827 2791 el
1842 2771 1910 2790 ser-

265 2817 320 2843 vir
336 2824 376 2843 en
390 2817 423 2844 la
436 2823 518 2843 casa
533 2816 573 2843 de
589 2816 672 2844 Dios
687 2824 750 2851 que
766 2823 807 2843 no
822 2823 877 2843 ser
892 2815 1030 2843 servido
1046 2815 1143 2842 fuera
1159 2814 1260 2841 della.
1271 2834 1285 2847 ,‚
1300 2812 1464 2840 Historia
1480 2813 1523 2840 de
1538 2813 1572 2840 la
1580 2812 1783 2848 sundacion
1794 2818 1819 2846 y
1831 2814 1911 2846 pro-

265 2871 388 2895 gresos
401 2864 458 2890 del
482 2863 615 2897 Colegio
631 2864 723 2891 dela
740 2863 933 2898 Campania
950 2863 992 2890 de
1005 2862 1114 2897 Jesus
1136 2862 1178 2889 de
1201 2861 1272 2888 San
1294 2853 1402 2887 Pablo
1416 2861 1459 2887 de
1484 2859 1649 2887 Valencia
1662 2881 1671 2892 ,
1691 2859 1821 2886 escrita
1840 2858 1906 2885 ano

267 2913 309 2937 ale
323 2911 419 2944 1712,
434 2919 462 2938 c.
478 2912 523 2938 11.

320 2959 334 2977 2
373 2958 411 2986 Ρ.
433 2959 605 2986 Antonius
619 2958 823 2986 Monserrat.
838 2958 871 2985 Is
886 2965 952 2993 pau
973 2965 991 2985 o
1010 2962 1088 2993 post
1112 2956 1322 2985 Societatem
1336 2956 1510 2990 ingressus
1535 2959 1586 2982 est
1611 2958 1645 2982 et
1669 2954 1819 2982 novitius
1833 2953 1908 2987 fuit,

267 3005 329 3031 sub
346 3004 381 3031 P.
397 3004 581 3033 Francisco
597 3007 638 3033 de
655 3006 769 3041 Borja,
787 3005 958 3040 Septimar
989 3006 1027 3032 is.
1042 3005 1129 3032 Vide
1147 3004 1271 3031 Cartas
1286 3004 1327 3030 de
1345 3003 1417 3030 San
1433 3002 1597 3036 Ignacio,
1611 3006 1634 3029 t.
1651 3009 1684 3036 v,
1698 3001 1836 3036 passim.
