2074 3179
247 120 326 156 480
771 117 994 154 LITTERAE
1020 127 1380 160 QUADRtMEsrREs

989 569 1176 625 CXVI

336 800 383 836 P.
405 799 565 837 Petrus
586 798 790 838 canisius

384 865 505 903 Patri
524 865 694 913 Ignatio
714 864 767 903 de
787 865 973 914 Loyola.

431 931 714 979 Ingolstadio‚
735 931 758 968 2
776 931 976 978 Januarii
999 931 1090 968 1552
1111 931 1134 967 ¹.

995 1121 1176 1176 JEsus

353 1287 519 1328 Gratia
540 1291 584 1326 et
604 1298 698 1338 pax
720 1285 909 1325 Domini
930 1285 1088 1326 Nostri
1109 1284 1221 1337 Jesu
1237 1284 1411 1326 Christi
1429 1287 1475 1326 in
1496 1285 1629 1325 nobis
1651 1290 1695 1325 et
1716 1297 1798 1337 per
1818 1296 1907 1325 nos

271 1360 318 1399 in
341 1359 439 1399 dies
461 1363 705 1409 augeatur.
728 1356 896 1397 Amen.

352 1430 564 1471 Scribam
576 1429 635 1469 ad
651 1434 695 1468 te
713 1427 768 1468 de
786 1434 986 1480 quatuor
999 1428 1249 1481 mensibus,
1266 1434 1316 1469 ut
1333 1428 1564 1469 voluntati
1576 1434 1682 1468 tuae
1693 1439 1902 1480 paream,

274 1502 374 1542 R.de
402 1501 555 1551 Pater,
579 1506 856 1541 narraturus
878 1511 933 1539 ea
949 1499 1187 1540 succincte
1204 1511 1323 1552 quae
1340 1510 1513 1550 magno
1528 1499 1617 1539 Dei
1639 1499 1788 1539 nostri
1809 1510 1907 1538 mu-

273 1586 385 1614 nere
407 1573 512 1613 inde
545 1584 571 1611 a
600 1571 852 1623 septembri
873 1582 1099 1611 concessa
1121 1577 1227 1611 sunt
1256 1571 1403 1622 nobis,
1428 1576 1478 1611 ut
1506 1571 1689 1610 lucrum
1716 1570 1902 1622 quidem

274 1644 463 1697 aliquod
490 1643 640 1684 videri
668 1648 807 1695 queat
841 1642 1100 1694 spirituale,
1133 1642 1215 1682 sed
1245 1642 1433 1682 omnino
1461 1642 1683 1693 exiguum
1715 1641 1842 1693 illud,
1867 1641 1907 1681 si

276 1728 383 1757 cum
401 1716 599 1756 aliorum
619 1714 814 1754 Patrum
835 1719 878 1754 et
898 1713 1120 1754 Fratrum
1140 1713 1328 1765 scriptis
1350 1713 1636 1754 conferatur.

355 1787 490 1827 Initio
511 1786 734 1826 lectiones
755 1797 935 1836 sacrae,
956 1796 1073 1836 quas
1095 1785 1142 1825 in
1157 1785 1246 1825 hac
1264 1785 1506 1825 academia
1528 1785 1615 1825 soli
1631 1784 1905 1836 profitemur

279 1859 456 1899 Doctor
476 1858 696 1898 Nicolaus
718 1856 974 1897 Goudanus
996 1862 1039 1896 et
1063 1867 1169 1908 egO,
1201 1862 1532 1909 praeterquam
1559 1856 1682 1908 quod
1713 1868 1903 1897 consue-

277 1938 379 1970 tum
416 1930 621 1970 habuere
662 1940 946 1979 successum,
989 1929 1099 1980 quia
1133 1928 1348 1982 Christus
1383 1928 1627 1980 adspirare
1666 1927 1902 1979 dignatur,

277 2002 419 2042 etiam
441 2000 747 2053 frequentiori
770 2005 813 2040 et
834 2000 1145 2040 constantiori
1165 2011 1306 2051 quam
1326 2000 1454 2051 prius
1477 2000 1706 2040 bonorum
1728 1999 1908 2040 audito-

277 2085 381 2113 rum
402 2084 598 2112 numero
619 2072 870 2112 decoratae
891 2071 1091 2111 fuerunt.
1114 2070 1363 2121 Aethicam
1384 2082 1500 2111 vero
1521 2072 1767 2112 lectionem
1788 2083 1909 2112 com-

279 2145 501 2184 mendant
530 2156 635 2184 cum
666 2142 861 2183 studiosi
883 2149 1020 2194 atque
1046 2141 1275 2194 magistri,
1307 2154 1504 2194 quorum
1533 2143 1699 2194 ingens
1729 2143 1910 2184 accedit

282 2228 519 2266 numerus,
544 2227 649 2255 cum
670 2215 760 2266 ipsi
786 2226 968 2266 quoque
989 2214 1281 2266 professores
1309 2219 1448 2266 atque
1470 2215 1700 2266 doctores,
1731 2215 1809 2266 qui
1829 2227 1907 2255 no-

279 2288 460 2328 biscum
483 2298 624 2337 agere
646 2292 902 2338 coeperunt
921 2298 1015 2326 non
1032 2286 1175 2328 semel
1192 2292 1242 2326 ut
1262 2286 1427 2326 horam
1441 2286 1689 2338 profitendi
1709 2298 1910 2327 commo-

277 2359 473 2409 diorem,
499 2370 617 2410 quae
645 2357 757 2409 ipsis
779 2357 1039 2409 deberetur,
1066 2357 1123 2398 ad
1151 2358 1515 2409 praelegendam
1545 2358 1776 2398 aethicam
1800 2370 1909 2398 ven-

281 2430 506 2470 dicemus.

361 2501 467 2555 Jam
488 2506 537 2540 ut
559 2501 770 2541 omittam
792 2501 1014 2541 lectiones
1035 2500 1313 2552 ordinarias,
1337 2501 1614 2552 praesertim
1641 2501 1687 2540 in
1709 2511 1912 2552 evange—

283 2573 384 2614 licis
406 2579 449 2613 et
471 2572 740 2624 apostolicis
760 2571 789 2624 ⁴²,
813 2572 1035 2624 privatim
1056 2583 1240 2625 quoque
1261 2572 1498 2623 docemus,
1528 2571 1609 2612 sed
1630 2572 1694 2612 ita
1725 2578 1775 2612 ut
1802 2572 1915 2612 nulli

282 2645 543 2695 denegetur
564 2644 623 2684 ad
645 2644 762 2684 haec
784 2643 1015 2684 audienda
1043 2644 1188 2694 locus,
1213 2655 1331 2695 quae
1358 2643 1560 2698 maxime
1592 2643 1651 2683 ad
1677 2644 1911 2695 explican-

339 2807 349 2826 ¹
390 2806 635 2841 Apographum
650 2806 683 2833 in
697 2805 787 2833 foliis
803 2805 835 2833 12
849 2809 882 2833 et
899 2805 931 2833 13
946 2805 1078 2833 Codicis
1094 2806 1209 2834 1551.—
1218 2806 1465 2841 Autographas
1488 2805 1613 2834 CanIsii
1636 2807 1770 2834 litteras
1799 2807 1916 2834 nullibi

281 2854 395 2881 adhuc
411 2854 561 2887 reperire
577 2854 755 2886 valuimtis;
773 2861 876 2887 quare
893 2854 970 2888 quid
986 2854 1019 2881 in
1035 2854 1083 2881 eis
1098 2853 1275 2888 Polancus,
1288 2858 1324 2881 ut
1339 2854 1412 2889 ejus
1426 2854 1529 2882 moris
1545 2857 1637 2887 erat,
1655 2854 1843 2882 immutarit
1857 2862 1916 2881 seu

284 2901 486 2935 emendarit,
502 2901 579 2934 quid
594 2901 773 2935 addiderit,
790 2901 913 2935 quidve
929 2902 1166 2936 suppresserit,
1183 2901 1333 2930 indicare
1349 2903 1535 2937 nequimus.

340 2949 354 2968 2
391 2948 429 2976 In
443 2948 626 2983 Evangelii
641 2953 672 2976 et
685 2949 916 2984 epistolarum,
934 2949 1029 2977 Pauli
1044 2950 1257 2984 praesertim,
1274 2949 1497 2985 expositione.
