2074 3179
216 179 264 217 58
723 180 951 218 LITTERAE
978 191 1340 224 QUADRIMESTRES

207 275 447 316 Christum
469 277 763 317 subeundum
785 278 882 328 apti
903 278 1075 318 simus?
1096 277 1181 329 At,
1217 290 1275 318 ne
1296 277 1434 318 nimis
1455 279 1762 319 exardescere
1783 280 1848 319 vi*

206 346 338 398 dear,
363 359 470 388 cum
491 348 579 388 sim
599 348 814 399 frigidus,
838 349 898 389 ad
922 361 1023 389 rem
1044 348 1248 389 redeam.

287 417 495 471 Septimo
516 418 619 459 Kal.
644 419 847 469 Sextilis,
871 432 990 460 unas
1008 432 1035 460 a
1052 420 1281 471 Magistro
1302 420 1492 461 Simone
1512 422 1692 462 litteras
1714 433 1845 462 acce-

205 490 373 542 pimus,
398 490 564 542 quibus
585 495 786 541 quatuor
807 502 866 531 ex
887 490 1112 531 fratribus
1134 492 1407 532 accersebat
1432 498 1481 532 ut
1509 493 1568 533 ad
1589 493 1846 545 Aethiopes

206 561 516 613 mitterentur,
547 562 625 613 qui
652 573 851 613 regnum
871 562 1157 614 Manicongo
1178 563 1403 614 incolunt,
1424 575 1620 615 quorum
1640 564 1848 605 maxima

206 644 318 684 pars
347 641 418 673 est
451 633 703 684 baptizata.
733 633 824 674 Sed
851 645 958 674 cum
986 634 1195 674 nondum
1227 634 1318 675 sint
1348 634 1562 675 doctrina
1592 635 1847 676 christiana

205 703 484 755 confirmati,
514 705 738 756 multique
765 704 993 754 infideles,
1023 711 1072 745 ut
1093 706 1153 746 ad
1180 705 1319 746 fidem
1340 705 1514 747 Christi
1540 706 1851 758 deducantur„

203 786 316 826 rege
337 775 609 816 Lusitaniae
626 782 826 828 petente,
849 776 935 817 hos
957 777 1128 817 fratres
1152 777 1200 818 P.
1230 776 1391 818 Simon
1411 778 1652 818 constituit
1668 779 1847 818 mitten-

204 846 304 887 dos:
342 846 599 898 Georgium
633 848 758 899 Vaz,
798 848 1188 900 Christophorum
1218 848 1423 899 Ribeiro‚
1455 849 1683 902 Jacobum
1712 848 1846 899 Diaz‚

204 929 367 959 omnes
394 918 693 970 Sacerdotes,
728 926 773 960 et
799 919 1033 960 Didacum
1062 920 1121 960 do
1148 919 1361 960 Soveral.
1390 920 1561 961 Nescio
1589 920 1748 961 verbis
1774 933 1849 961 ex·

203 989 408 1041 primere
437 1002 577 1042 quam
604 990 679 1030 ille
715 991 815 1031 dies
846 991 905 1031 sit
932 991 1105 1042 dignus
1132 996 1418 1043 memoratu,
1452 997 1562 1043 quot
1589 991 1851 1032 celebratus

204 1061 429 1113 lacrymis
449 1060 651 1102 fratrum
674 1062 929 1114 discessus,
962 1075 1057 1103 non
1086 1063 1211 1114 quod
1231 1063 1295 1102 illi
1317 1062 1499 1103 abirent
1521 1063 1603 1103 sed
1621 1062 1745 1114 quod
1762 1063 1851 1114 ipsi

204 1138 451 1173 manerent
470 1145 478 1173 z
514 1133 675 1173 videre
711 1140 811 1174 erat
845 1133 1028 1174 fervida
1065 1134 1282 1186 suspiria,
1321 1134 1520 1186 denique
1557 1134 1851 1174 alacritatem

205 1203 490 1243 abeuntium.
525 1203 646 1255 Quid
673 1206 842 1256 plura?‚
872 1206 1038 1257 multa,
1070 1217 1189 1257 quae
1216 1205 1290 1245 hic
1325 1205 1623 1256 contigerunt
1655 1205 1849 1257 aliisque

202 1274 251 1314 in
265 1274 396 1326 locis,
415 1275 627 1315 nonnulli
642 1275 814 1316 fratres
829 1276 970 1317 latius
987 1282 1211 1317 enarrant
1232 1288 1316 1327 per
1332 1276 1526 1327 litteras;
1545 1277 1723 1317 idcirco
1741 1279 1851 1317 nolo

204 1357 308 1386 esse
334 1347 522 1398 longior
554 1359 642 1387 nec
669 1353 851 1400 tempus
886 1348 946 1388 ad
972 1348 1062 1388 hoc
1091 1348 1205 1388 mihi
1229 1348 1515 1388 conceditur.
1546 1348 1677 1388 Haec
1707 1348 1849 1388 latine

204 1417 372 1469 scripsi
407 1418 503 1458 stili
534 1418 787 1459 exercendi
821 1419 1006 1470 gratia:
1035 1419 1124 1459 hoc
1152 1420 1277 1459 enim
1304 1424 1485 1460 tantum
1512 1419 1851 1471 grammaticos

206 1489 355 1530 decet.

283 1560 355 1601 De
375 1567 537 1602 nostro
560 1562 758 1613 collegio
775 1562 889 1602 nihil
911 1568 980 1602 est
1003 1563 1125 1614 quod
1146 1562 1351 1603 scribam
1370 1568 1705 1614 praeterquam
1726 1564 1849 1614 quod

203 1643 341 1672 nemo
359 1639 430 1673 est
448 1634 526 1685 qui
545 1645 683 1685 opem
698 1633 833 1674 ferat.
852 1633 970 1673 Fere
989 1645 1152 1674 omnes
1170 1634 1403 1674 obsistunt
1420 1639 1682 1685 magnates,
1709 1645 1850 1685 penes

204 1714 323 1754 quos
342 1710 413 1744 est
433 1705 650 1756 pecunia,
676 1705 925 1745 consilium
947 1711 990 1744 et
1013 1705 1104 1744 alia
1129 1704 1409 1755 hujusmodi.
1432 1704 1535 1745 Rex
1557 1710 1714 1744 tamen
1730 1716 1844 1744 sem-

203 1785 287 1826 per
306 1781 465 1816 manet
485 1776 532 1816 in
555 1776 720 1817 officio.
743 1776 889 1828 Atqui
912 1788 1073 1816 omnes
1101 1788 1263 1816 sumus
1291 1777 1339 1816 in
1365 1787 1468 1828 spe,
1493 1776 1601 1816 licet
1620 1776 1849 1827 paulatim

203 1857 260 1886 ac
280 1847 423 1898 lente,
448 1859 565 1899 opus
584 1848 824 1900 procedat.
855 1846 961 1888 Non
982 1848 1105 1888 enim
1127 1848 1173 1887 in
1194 1848 1381 1887 homine
1403 1846 1681 1888 confidimus
1702 1847 1784 1888 sed
1802 1848 1849 1887 in

202 1915 321 1969 Deo,
346 1918 445 1970 qui,
472 1902 525 1959 ‚Ut
551 1919 749 1970 animos,
779 1919 845 1959 sic
873 1920 1076 1971 parietes
1112 1919 1392 1959 aedificabit.
1429 1918 1590 1971 Itaque
1627 1919 1849 1970 antiquus

202 1989 353 2030 hostis
388 2002 550 2031 omnes
590 2003 701 2031 suos
736 1997 932 2031 conatus
969 1991 1156 2031 adhibet
1196 1996 1246 2031 ut
1292 1991 1570 2042 temporalia
1605 1989 1842 2042 impediat,

203 2062 391 2113 quando
412 2062 676 2114 spiritualia
696 2063 851 2103 minus
872 2064 1019 2111 valet;
1044 2074 1193 2115 neque
1220 2061 1330 2102 dum
1357 2062 1472 2102 satis
1500 2068 1746 2103 contentus
1766 2061 1843 2102 ho-

203 2133 405 2173 minibus
427 2134 814 2185 adversantibus,
839 2135 1180 2174 monachorum
1207 2134 1349 2174 etiam
1372 2133 1554 2174 animos
1575 2134 1661 2174 sibi
1682 2132 1844 2174 adver-

202 2216 283 2244 sus
299 2216 388 2245 nos
405 2205 646 2245 concitare
663 2206 877 2257 intentat,
897 2205 979 2246 sed
999 2217 1093 2246 non
1110 2205 1290 2254 efficiet,
1314 2205 1535 2256 quoniam
1555 2205 1595 2245 si
1614 2205 1743 2245 Deus
1760 2216 1849 2255 pro,

202 2276 353 2328 nobis,
378 2277 482 2328 quis
504 2285 668 2317 contra
688 2288 776 2317 nos
798 2275 829 2317 ¹?

283 2347 460 2388 Vierao
493 2360 579 2388 nos
601 2360 729 2400 aquy
750 2360 837 2400 por
857 2348 1189 2400 impedimento
1212 2360 1239 2388 a
1255 2347 1347 2388 hua
1370 2347 1573 2388 cisterna
1595 2359 1684 2399 que
1705 2346 1841 2386 fazia-

202 2431 318 2470 mos,
343 2431 430 2470 por
450 2425 583 2471 parte
605 2419 690 2459 dos
712 2419 871 2460 frades
887 2419 943 2459 de
966 2418 1113 2460 Santa
1135 2419 1256 2460 Cruz
1274 2420 1316 2470 (a
1339 2420 1448 2471 qual
1463 2431 1513 2459 se
1533 2418 1608 2459 faz
1624 2430 1682 2459 ao
1702 2419 1843 2470 longo

202 2491 266 2531 do
289 2502 423 2530 muro
444 2502 558 2542 pera
581 2490 742 2531 colher
773 2503 831 2531 en
861 2502 916 2542 sy
937 2502 965 2530 a
986 2502 1130 2542 agoa,
1155 2502 1243 2542 que
1264 2503 1356 2531 ven
1385 2491 1510 2542 polla
1538 2501 1625 2530 rua
1650 2489 1843 2539 dereita)

202 2573 294 2602 con
315 2573 437 2613 pena
459 2561 515 2602 de
537 2561 884 2610 excomunhao;
910 2561 1174 2602 areceando
1196 2573 1249 2602 as
1268 2561 1466 2602 latrinas
1486 2572 1574 2612 que
1596 2571 1646 2599 se
1667 2560 1746 2611 aly
1767 2571 1842 2600 am

202 2632 259 2672 de
282 2632 427 2683 fazer,
459 2644 547 2684 que
572 2632 673 2672 lhes
694 2631 848 2672 fariao
870 2632 946 2672 laa
967 2643 1073 2672 maa
1096 2632 1399 2684 companhia,
1423 2643 1448 2671 e
1469 2631 1538 2670 asi
1560 2643 1587 2671 a
1605 2636 1731 2670 terra
1752 2641 1842 2681 que

202 2709 336 2744 estaa
357 2704 558 2752 lancada
580 2703 636 2743 de
658 2703 763 2743 fora
780 2703 839 2744 do
859 2715 1010 2754 muro,
1033 2715 1121 2755 que
1139 2703 1348 2743 correria
1364 2714 1453 2742 con
1474 2714 1526 2742 as
1547 2701 1843 2741 enxurradas

205 2787 230 2814 e
252 2774 353 2814 lhes
375 2774 494 2814 faria
517 2774 662 2815 muito
686 2775 824 2814 dano.
850 2774 1006 2814 Forao
1029 2775 1070 2814 la
1094 2786 1120 2813 o
1142 2773 1292 2814 Padre
1313 2774 1424 2813 Luis
1446 2772 1682 2822 Goncalez
1702 2785 1726 2812 e
1747 2772 1839 2812 Ma-

258 2958 267 2978 ¹
308 2957 490 2992 Hucusque
507 2957 755 2992 grammaticus
771 2959 823 2985 hic
850 2959 881 2985 in
904 2958 1081 2985 scribendo
1096 2958 1200 2985 latine
1216 2965 1251 2985 se
1266 2957 1438 2991 exercuit;
1460 2964 1546 2991 quae
1562 2959 1750 2991 sequuntur
1764 2956 1840 2983 lusi·

200 3009 284 3033 tana
300 3005 391 3033 fecit.
