2074 3179
907 176 990 213 ΑΝ.
1021 175 1118 212 1552
1757 174 1829 210 079

195 282 350 316 rerent
384 275 679 327 pauperibus,
711 274 769 314 ad
796 279 975 314 tantam
1001 272 1206 323 inopiam
1233 271 1458 320 redactis3
1490 275 1533 309 et
1561 270 1719 310 inveni
1746 282 1825 310 eos

198 347 313 386 satis
333 352 588 398 promptos,
620 346 697 397 qui
723 356 836 385 sane
864 343 1115 384 liberaliter
1136 342 1196 382 ad
1222 352 1408 382 menses
1438 340 1611 392 aliquot
1632 340 1739 381 huic
1762 341 1824 380 in—

196 416 439 457 commodo
474 421 831 467 prospexerunt.
864 414 981 455 Cum
1014 414 1061 454 in
1090 412 1293 465 quadam
1333 411 1560 451 concione
1594 423 1824 462 pauperes

194 486 616 537 commendassem,
641 498 694 526 ea
717 487 950 536 absoluta,
976 485 1034 525 ad
1054 483 1392 524 sublevandam
1413 493 1671 534 pauperum
1693 481 1824 522 mise-

194 560 313 599 riam
329 558 471 609 aliqui
482 569 702 609 pannum,
722 557 930 597 nonnulli
946 561 1116 603 vestes,
1135 554 1212 595 alii
1227 555 1382 605 telam,
1401 552 1590 605 quidam
1606 552 1821 598 farinam,

194 629 412 681 permulti
433 640 615 680 panem,
647 627 819 668 caeteri
840 638 1055 667 nummos
1082 632 1219 677 atque
1240 625 1286 665 id
1312 636 1461 676 genus
1489 624 1635 664 multa
1664 624 1821 663 attule-

196 706 316 741 runt.
341 700 534 751 Insuper
554 700 684 739 viros
705 698 932 750 quosdam
952 703 996 738 et
1017 697 1253 747 mulieres,
1277 696 1455 736 nobiles
1472 694 1607 746 juxta
1631 706 1685 734 ac
1702 694 1820 745 pias,

196 771 470 822 rogavimus
491 777 540 811 ut
560 781 790 821 pauperes
811 775 855 809 et
875 768 1082 809 infirmos
1099 767 1348 819 aliquando
1369 767 1640 815 visitarent,
1661 777 1822 806 conso-

194 844 403 882 larentur
424 848 468 881 et
491 841 556 881 eis
577 840 900 891 subvenirent3
924 839 1047 891 quod
1067 839 1277 879 fecerunt
1294 844 1338 878 et
1355 838 1508 878 adhuc
1525 848 1632 877 cum
1648 847 1821 887 magna

196 913 425 953 charitate
446 918 491 952 et
507 912 825 952 consolatione
846 916 1151 963 exequuntur.
1175 910 1296 950 Hinc
1317 909 1515 949 materia
1535 907 1757 947 laudandi
1778 915 1822 947 et

196 983 500 1024 benedicendi
519 983 774 1023 Dominum
793 982 926 1022 nobis
942 982 1094 1032 datur,
1115 982 1192 1033 qui
1207 992 1389 1032 semper
1410 991 1495 1032 pro
1514 991 1597 1019 sua
1614 979 1820 1018 bonitate

195 1054 411 1094 subvenit
432 1054 660 1101 omnibus,
681 1053 759 1104 qui
779 1060 969 1103 sperant
989 1053 1036 1092 in
1058 1053 1172 1104 ipso.

275 1124 604 1175 Superioribus
637 1124 799 1164 diebus
833 1123 1143 1164 decreverunt
1176 1122 1613 1163 Reverendissimus
1641 1121 1820 1161 Vicele-

195 1201 354 1247 gatus,
396 1195 613 1246 Episcopi
647 1196 868 1237 Vicarius
902 1202 946 1235 et
985 1195 1117 1235 multi
1156 1194 1233 1234 alii
1271 1194 1497 1245 primates
1536 1191 1822 1232 monasteria

196 1266 425 1318 quaedam
453 1266 722 1316 reformare,
746 1267 949 1318 mihique
975 1266 1097 1306 hanc
1124 1265 1420 1317 provinciam
1450 1264 1748 1314 delegarunt,
1773 1270 1822 1302 ut

194 1338 360 1377 horum
389 1337 587 1377 alterum
614 1338 927 1388 instituerem,
952 1344 995 1378 et
1017 1338 1063 1377 in
1090 1338 1237 1377 altero
1266 1336 1596 1385 concionarer;
1621 1335 1666 1374 in
1699 1334 1823 1385 quod

194 1408 381 1459 quidem
403 1420 571 1448 munus
593 1409 833 1460 hucusque
854 1409 1041 1449 incubui
1063 1414 1106 1448 et
1128 1408 1301 1457 adhuc,
1326 1406 1428 1447 Deo
1450 1406 1668 1458 propitio,
1698 1405 1745 1445 in
1766 1416 1821 1444 eo

194 1490 465 1530 persevero,
488 1490 582 1518 non
603 1479 702 1519 sine
722 1490 896 1530 magna
918 1478 1239 1519 aedificatione
1261 1477 1599 1518 monacharum
1620 1482 1664 1516 et
1680 1476 1823 1516 totius

194 1550 416 1590 civitatis.
440 1550 490 1589 In
518 1550 618 1590 istis
645 1550 941 1590 monasteriis
969 1556 1013 1590 et
1040 1550 1086 1590 in
1113 1550 1284 1602 populo
1306 1549 1466 1589 videre
1498 1554 1567 1588 est
1597 1555 1822 1599 quantum

192 1621 325 1660 brevi
353 1626 561 1672 tempore
588 1621 868 1661 recesserint
896 1632 923 1661 a
944 1621 1153 1672 pristinis
1180 1620 1388 1660 moribus
1416 1626 1460 1659 et
1488 1618 1822 1659 consuetudine

192 1703 355 1742 prava.
385 1690 490 1731 Non
524 1703 763 1732 cessamus
791 1703 925 1732 orare
960 1691 1181 1731 Divinam
1212 1690 1558 1742 providentiam
1592 1695 1635 1729 et
1665 1696 1820 1740 poten<

193 1762 306 1802 tiam
326 1767 374 1802 ut
395 1763 594 1803 liberare
615 1762 874 1803 Ecclesiam
896 1774 1029 1803 suam
1046 1762 1262 1813 dignetur
1286 1774 1312 1801 a
1328 1761 1469 1802 tantis
1486 1761 1637 1811 malis,
1657 1761 1820 1812 quibu<

195 1844 315 1873 nunc
337 1833 622 1873 obvolvitur.

270 1903 488 1944 Nonnulli
510 1904 851 1955 adolescentes,
875 1905 952 1955 qui
975 1904 1073 1956 jam
1103 1904 1327 1944 exercitia
1356 1903 1584 1953 fecerant,
1621 1903 1821 1954 ingressi

193 1980 299 2014 sunt
320 1973 534 2015 diversas
553 1975 820 2026 religiones,
845 1975 967 2027 quod
988 1976 1141 2015 minus
1163 1976 1259 2027 apti
1290 1975 1559 2015 viderentur
1582 1974 1640 2014 ad
1668 1972 1820 2014 Socie-

190 2045 299 2085 tatis
329 2051 518 2085 nostrae
544 2045 819 2086 institutum.
861 2046 1058 2097 Aliquae
1087 2058 1270 2097 quoque
1301 2046 1512 2096 virgines
1547 2045 1822 2085 monialium

193 2116 478 2156 monasteria
499 2116 740 2167 ingressae
756 2124 879 2167 sunt,
898 2129 984 2158 nec
1006 2117 1172 2157 desunt
1194 2129 1311 2169 quae
1330 2116 1481 2157 adhuc.
1503 2116 1625 2156 idem
1646 2116 1821 2156 deside—

192 2192 319 2237 rent,
343 2199 401 2226 ex
423 2199 512 2238 quo
534 2188 756 2239 colligere
779 2194 849 2228 est
871 2195 1072 2240 quantus
1094 2189 1152 2228 sit
1172 2188 1332 2228 fervor
1352 2188 1542 2228 virtutis
1563 2187 1611 2227 in
1627 2187 1730 2227 illis.

270 2257 491 2309 Superest
508 2264 556 2298 ut
577 2269 720 2298 unum
742 2258 979 2310 adjiciam,
1004 2259 1129 2311 quod
1150 2271 1242 2299 non
1264 2259 1509 2309 indignum
1530 2259 1679 2298 relatu
1698 2257 1821 2297 vide-

192 2336 279 2368 tur.
304 2328 461 2380 Nuper
487 2329 534 2369 in
555 2329 759 2380 quodam
785 2330 888 2370 loco
911 2336 1046 2370 extra
1074 2330 1315 2370 civitatem
1343 2330 1475 2369 multi
1501 2329 1703 2369 mendici
1728 2328 1820 2368 fue-

193 2405 301 2439 runt
332 2400 624 2450 congregati,
647 2400 723 2440 ubi
748 2406 793 2440 et
814 2401 967 2441 adhuc
988 2407 1116 2451 sunt,
1142 2407 1186 2441 et
1215 2400 1384 2441 ibidem
1413 2400 1723 2451 eleemosynis
1749 2411 1818 2439 su-

191 2476 477 2521 stentantur3
515 2477 612 2510 tum
645 2470 834 2522 quidam
871 2483 929 2511 ex
957 2471 1139 2512 civibus
1171 2471 1408 2523 primariis
1442 2471 1501 2511 ad
1528 2471 1574 2511 id
1613 2470 1818 2522 deputati

194 2547 418 2581 venerunt
449 2541 508 2581 ad
536 2553 630 2592 me,
661 2542 830 2582 obnixe
858 2548 1083 2593 rogantes
1111 2548 1161 2582 ut
1181 2554 1412 2594 pauperes
1446 2542 1549 2582 illos
1576 2542 1747 2593 populo
1773 2542 1820 2581 in

191 2612 415 2652 concione
432 2612 833 2663 commendarem;
858 2613 982 2664 quod
1004 2625 1109 2653 cum
1124 2612 1362 2663 fecissem,
1387 2613 1526 2653 iidem
1546 2623 1728 2664 quoque
1746 2624 1819 2652 me

190 2683 497 2723 obsecrarunt
525 2689 575 2722 ut
602 2683 851 2734 aliquando
881 2683 940 2723 ad
971 2694 1050 2723 eos
1078 2684 1145 2723 ire
1171 2695 1265 2723 non
1301 2694 1547 2734 gravarer,
1583 2688 1628 2723 et
1657 2683 1715 2722 ad
1744 2683 1819 2734 pie

189 2753 534 2804 christianeque
568 2753 821 2793 vivendum
853 2754 1081 2794 hortarer.
1113 2754 1273 2806 Itaque
1299 2754 1461 2794 diebus
1495 2753 1628 2794 festis
1663 2766 1716 2794 eo
1752 2754 1817 2794 ire

189 2825 336 2877 soleo,
367 2830 410 2863 et
443 2824 510 2864 eis
541 2824 588 2863 in
615 2824 907 2864 hebdomada
941 2826 1082 2864 semel
1119 2832 1198 2865 aut
1226 2825 1415 2875 iterum,
1451 2825 1575 2876 quod
1607 2831 1677 2865 est
1704 2825 1818 2877 ipsis

189 2901 483 2946 pergratum,
514 2895 781 2935 concionor.
805 2894 974 2935 Paucis
995 2895 1163 2935 abhinc
1191 2895 1352 2936 diebus
1373 2895 1426 2935 R.
1450 2895 1498 2936 P.
1532 2895 1751 2936 Andreas
1772 2902 1815 2936 et

190 2977 280 3017 ego
304 2965 542 3017 coepimus
564 2965 723 3006 audire
750 2978 914 3016 eorum
936 2966 1269 3016 confessiones,
1293 2973 1336 3007 et
1367 2967 1633 3007 venerabile
1661 2979 1814 3008 sacra-
