2074 3179
882 196 962 232 AN.
996 194 1079 231 1551
1723 190 1792 225 437

177 295 424 348 aliquando
446 294 518 346 pie
540 293 830 333 exhortatur.
854 290 985 341 Quod
1016 290 1121 329 11661
1143 288 1400 328 christiana
1423 286 1651 325 charitate
1674 286 1794 324 cxci·

176 372 299 408 tatus
322 366 480 416 faciat,
503 364 684 404 accedit
701 369 856 403 tamen
873 361 1018 411 Regia
1037 360 1325 409 aliorumque
1342 362 1614 407 magnatum
1635 356 1794 395 volun-

178 444 263 488 135,
289 449 406 489 quae
428 436 671 476 confirmat
693 440 830 486 atque
852 438 986 483 urget
1008 432 1053 471 id
1077 430 1198 482 quod
1221 441 1305 469 sua
1326 434 1489 479 sponte
1510 426 1647 466 Pater
1668 426 1794 466 facit.

182 509 300 548 Hinc
322 508 462 548 etiam
489 507 664 546 factum
691 511 775 555 est,
799 510 847 544 ut
876 514 1036 543 omnes
1063 503 1205 552 leges,
1229 511 1344 551 quas
1370 498 1595 550 praefecti
1623 497 1796 537 adoles-

176 579 385 619 centibus
413 577 748 630 praescripturi
779 581 926 624 erant,
956 573 1004 613 P.
1041 571 1221 613 Claudii
1248 570 1440 611 arbitrio
1467 569 1543 609 vel
1571 568 1796 620 approba-

176 658 349 701 rentur,
372 651 447 689 vel
468 653 879 689 commutarentur.

256 721 391 761 Petiit
421 732 604 772 quoque
635 719 691 759 ab
713 718 875 758 eodem
897 717 1033 757 Patre
1061 714 1393 756 Serenissimus
1421 713 1535 761 Rex,
1560 718 1603 751 et
1624 712 1799 750 instant

179 793 474 833 vehementer
497 790 764 841 consiliarii,
788 795 837 829 ut
859 794 1109 840 componat
1126 786 1313 838 aliquod
1334 783 1660 836 compendium
1683 782 1799 822 chri-

178 865 438 904 stianorum
460 863 746 913 dogmatum,
779 866 823 900 et
844 859 1046 900 maxime
1068 859 1156 898 illis
1178 858 1233 897 de
1255 845 1407 905 rebus,
1432 855 1487 895 de
1516 854 1682 906 quibus
1710 853 1798 892 hoc

179 942 385 986 tempore
407 934 524 973 inter
543 933 798 973 catholicos
815 937 859 971 et
880 931 1144 970 haereticos
1161 927 1540 976 controvertitur,
1561 925 1681 977 quod
1698 936 1800 976 pro-

177 1011 398 1056 ponatur,
423 1016 527 1044 cum
549 1003 762 1043 omnibus
790 1002 1029 1053 regiarum
1052 999 1401 1052 provinciarum
1422 997 1680 1047 Parochiis,
1704 1002 1800 1035 tum

178 1076 426 1127 praecipue
448 1075 548 1114 istis
570 1073 958 1122 adolescentibus,
982 1078 1030 1111 ut
1051 1071 1269 1111 nimirum
1286 1070 1423 1109 finem
1440 1069 1582 1117 illum,
1607 1067 1680 1107 cui
1702 1066 1799 1106 des-

177 1148 406 1197 tinantur,
444 1152 570 1185 recte
607 1149 935 1195 assequantur,
974 1143 1012 1182 si
1049 1142 1125 1182 ubi
1160 1141 1399 1192 religionis
1433 1145 1621 1179 nostrae
1657 1137 1800 1178 cardo

178 1223 406 1267 versatur,
429 1216 635 1267 perfecte
653 1215 888 1266 solideque
907 1213 1166 1254 didicerint.
1193 1212 1277 1253 Cui
1299 1211 1511 1263 petitioni
1536 1222 1629 1250 non
1650 1210 1799 1261 potuit

179 1289 395 1328 resistere
422 1287 574 1335 Pater,
605 1285 685 1325 sed
710 1298 767 1325 ne
796 1285 1069 1325 satisfacere
1096 1285 1325 1323 hactenus
1354 1283 1411 1321 ob
1440 1281 1801 1332 occupationum

180 1360 377 1399 aliarum
397 1357 751 1406 multitudinem,
778 1368 804 1396 a
825 1356 992 1406 quibus
1011 1355 1088 1394 ubi
1108 1355 1222 1394 liber
1245 1353 1454 1393 nonnihil
1476 1352 1628 1402 fuerit,
1653 1356 1803 1391 sumet

179 1431 424 1470 molestum
446 1430 620 1480 absque
651 1428 790 1467 dubio
819 1433 863 1467 et
884 1426 1114 1466 difficilem
1144 1426 1291 1475 illum,
1322 1424 1404 1464 sed
1430 1430 1586 1463 tamen
1616 1422 1799 1463 utilissi-

178 1513 317 1552 mum,
343 1499 617 1540 conficiendi
645 1498 909 1549 compendii
934 1497 1154 1537 laborem.
1178 1496 1283 1536 Non
1304 1507 1470 1547 parum
1500 1505 1682 1545 quoque
1712 1493 1801 1532 fru—

181 1578 281 1612 ctus
303 1572 425 1623 cepit
446 1572 568 1611 idem
588 1569 709 1610 Rdus
734 1569 783 1609 P.
809 1569 1030 1609 Claudius
1052 1569 1098 1607 in
1119 1566 1426 1606 familiaribus
1447 1577 1552 1605 cum
1574 1564 1804 1615 professo-

180 1643 306 1683 ribus
324 1643 518 1694 aliquot,
539 1648 582 1681 et
599 1640 877 1693 quibusdam
894 1639 1020 1689 aliis,
1041 1638 1305 1689 colloquiis,
1332 1648 1529 1688 quorum
1552 1636 1805 1676 confessio-

182 1726 263 1754 nes
286 1714 423 1753 etiam
446 1713 639 1753 audivit.

261 1784 351 1825 Sed
372 1783 491 1823 RduS
517 1794 698 1835 quoque
720 1782 769 1822 P.
802 1782 1023 1822 Nicolaus
1054 1782 1109 1821 de
1137 1781 1300 1831 Lanoy
1326 1791 1420 1819 non
1450 1779 1742 1830 negligenter
1763 1784 1806 1817 et

185 1861 380 1895 venatur
408 1864 451 1895 et
478 1854 662 1905 arripit,
703 1859 927 1905 quantum
958 1858 1110 1904 potest
1137 1863 1220 1903 per
1253 1850 1619 1890 domesticarum
1650 1860 1806 1889 rerum

182 1926 632 1966 administrationem
649 1931 692 1964 et
712 1925 948 1976 publicum
965 1923 1160 1963 docendi
1181 1933 1363 1971 munus,
1383 1921 1438 1961 de
1456 1920 1670 1972 proximo
1691 1920 1807 1959 bene

182 1996 389 2037 merendi
410 1997 696 2036 occasiones.
719 1995 871 2035 Habet
897 1994 1035 2034 etiam
1064 2005 1173 2034 suos
1193 1993 1310 2032 filios
1332 1992 1611 2043 spirituales,
1637 2003 1808 2042 eosque

183 2068 353 2119 partim
369 2067 522 2117 Italos,
542 2067 710 2118 partim
724 2066 998 2116 Germanos,
1020 2076 1136 2116 quos
1152 2064 1199 2103 in
1215 2062 1585 2103 confessionibus
1601 2062 1803 2101 instruit.

184 2140 372 2179 1110111111
399 2138 608 2178 nonnulli
626 2137 673 2177 in
700 2137 788 2176 hoc
822 2136 1141 2176 sacratissimo
1169 2134 1289 2174 festo
1319 2132 1500 2173 Natalis
1521 2132 1726 2183 Domini,
1762 2132 1809 2171 in

188 2211 357 2261 templo
393 2208 791 2259 praedicatorum,
829 2207 972 2247 multo
999 2207 1170 2258 populo
1198 2205 1429 2255 adstante,
1461 2203 1808 2245 sanctissimam

186 2281 557 2321 communionem
577 2279 818 2319 nobiscum
839 2289 1100 2330 suscepere.

265 2352 456 2392 Fratres
477 2351 618 2391 etiam
639 2361 800 2390 omnes
822 2349 1099 2398 charissimi,
1121 2347 1509 2400 quandocumque
1531 2358 1637 2399 spes
1655 2347 1808 2398 aliqua

184 2423 363 2463 fructus
385 2422 597 2473 affulget,
621 2433 725 2462 cum
745 2421 971 2473 proximis
991 2420 1285 2460 venientibus
1306 2425 1385 2459 aut
1406 2418 1701 2459 manentibus
1718 2418 1810 2457 ala-

186 2504 289 2533 cres
310 2499 354 2534 et
375 2498 615 2545 promptos
637 2492 696 2532 ad
715 2492 762 2532 id
781 2504 883 2532 sese
904 2490 1169 2531 ostendunt.

266 2564 337 2604 Ex
356 2565 527 2616 populo
553 2563 833 2604 Germanico
855 2563 957 2603 ideo
985 2563 1136 2602 minor
1163 2562 1343 2602 fructus
1370 2562 1597 2601 hactenus
1627 2567 1696 2600 est
1717 2560 1807 2600 col-

187 2637 348 2687 lectus,
373 2635 497 2687 quod
517 2646 653 2674 nemo
674 2635 792 2674 inter
813 2646 898 2674 nos
921 2635 992 2684 sit,
1017 2634 1094 2685 qui
1114 2633 1317 2685 potuerit
1338 2644 1498 2672 semen
1525 2631 1810 2672 christianae

187 2707 374 2758 pietatis
394 2706 640 2756 seminare;
664 2717 906 2757 speramus
927 2711 1083 2745 tamen
1103 2716 1197 2745 non
1218 2705 1282 2744 ita
1303 2704 1447 2744 multo
1468 2708 1574 2754 post
1601 2707 1811 2753 tempore

187 2778 434 2818 nonnullos
456 2789 514 2817 ex
534 2777 668 2817 nobis
688 2776 734 2816 in
754 2777 906 2816 lucem
926 2776 1207 2828 prodituros,
1239 2775 1317 2826 qui
1344 2785 1524 2814 summo
1555 2778 1726 2813 conatu
1753 2773 1812 2812 ad

188 2849 234 2888 id
255 2860 304 2888 se
320 2848 417 2900 jam
438 2853 737 2899 praeparant.
760 2847 855 2887 Nec
877 2847 1141 2887 dubitamus
1163 2846 1382 2896 (Domino
1402 2844 1620 2897 propitio)
1643 2844 1698 2884 de
1719 2855 1811 2883 ma-

188 2930 281 2970 gno
302 2919 474 2969 fructu,
498 2919 697 2971 populus
718 2918 840 2958 enim
860 2918 935 2958 hic
955 2923 1125 2957 natura
1149 2917 1312 2967 bonus,
1342 2922 1387 2956 et
1409 2914 1468 2956 ad
1494 2915 1716 2967 pietatem
1736 2927 1813 2955 ve—

192 2991 430 3031 hementer
451 3001 713 3042 propensus
733 3000 834 3029 esse
856 2989 1053 3029 videtur.
1079 2988 1233 3039 Atque
1254 2986 1310 3027 de
1331 2987 1434 3027 aliis
1456 2986 1588 3027 haec.
