2074 3179
217 138 288 174 390
731 139 956 176 LITTERAE
983 151 1343 183 QUADRIMESTRES

941 592 1130 645 XCIX

291 818 337 856 P.
359 818 563 856 Andreas
580 819 633 856 de
652 819 805 856 Frusis

337 884 459 920 Patri
478 884 648 931 Ignatio
669 885 720 922 de
741 885 925 932 Loyola.

384 950 605 995 Venetiis‚
630 950 645 987 1
668 950 939 998 Sep1embris
959 952 1045 989 1551
1070 953 1093 987 ¹.

986 1126 1084 1202 ulis

300 1303 465 1344 Gratia
487 1310 531 1344 et
552 1316 646 1355 pax
668 1311 756 1345 etc.

300 1376 360 1416 Ut
380 1382 634 1428 praecepto
655 1376 704 1417 P.
729 1376 782 1416 T.
806 1388 891 1428 pro
918 1377 1043 1417 Virili
1073 1383 1207 1429 parte
1234 1389 1505 1429 pareamus,
1537 1389 1858 1429 quaecumque

218 1447 337 1487 scitu
359 1446 502 1498 digna
523 1447 594 1487 his
617 1453 818 1499 quatuor
838 1448 1067 1500 proximis
1087 1448 1345 1499 mensibus,
1371 1448 1556 1489 Christo
1579 1448 1853 1501 adjuvante,

219 1518 293 1558 hic
313 1530 396 1570 per
416 1530 503 1558 nos
532 1524 639 1559 acta
670 1525 798 1569 sunt,
829 1531 970 1571 quam
997 1520 1275 1560 brevissime
1306 1519 1405 1560 fieri
1435 1521 1629 1572 poterit,
1660 1519 1858 1572 perscri-

217 1590 382 1630 bemus

297 1660 453 1712 Atque
473 1668 523 1702 ut
546 1674 572 1702 a
597 1661 763 1702 studiis
784 1661 1057 1703 domesticis
1079 1662 1334 1712 ordiamur,
1359 1674 1414 1703 ea
1437 1663 1503 1703 sic
1536 1662 1722 1703 habent.
1745 1662 1855 1702 Fra-

218 1738 314 1772 tres
336 1744 529 1784 operam
549 1733 759 1774 sedulam
776 1739 955 1774 navant
975 1734 1301 1785 grammaticis
1317 1734 1594 1774 lectionibus
1612 1733 1856 1774 audiendis

217 1811 262 1844 et
283 1805 388 1844 stilo
410 1804 688 1852 exercendo;
714 1805 1050 1856 praeleguntur
1071 1805 1142 1856 iis,
1166 1810 1215 1845 ut
1236 1810 1306 1845 est
1323 1804 1548 1857 cujusque
1570 1810 1755 1856 captuS,
1779 1816 1854 1844 ve-

218 1882 341 1916 teres
362 1876 616 1927 scriptores
638 1881 735 1916 tam
751 1886 953 1927 graecae
970 1888 1112 1928 quam
1128 1876 1301 1916 latinae
1321 1876 1527 1927 linguae3
1553 1881 1598 1916 et
1616 1875 1860 1927 utriusque

218 1953 472 1988 extraneos
493 1947 732 1988 auditores
758 1947 1000 1988 habemus.

297 2018 432 2070 Quod
454 2018 513 2059 ad
534 2030 788 2070 puerorum
809 2018 1020 2059 scholam
1043 2024 1239 2070 spectat,
1263 2019 1376 2059 illud
1397 2018 1723 2059 tantummodo
1746 2018 1858 2058 scri·

214 2090 417 2131 bendum
438 2090 638 2141 videtur,
663 2090 787 2142 quod
810 2090 876 2130 eis
898 2089 947 2130 Ρ.
971 2090 1201 2130 Dominus
1224 2090 1400 2131 Caesar
1430 2089 1443 2108 ‘²
1471 2090 1579 2130 huic
1609 2089 1775 2140 officio,
1803 2095 1854 2129 ut

214 2161 416 2212 Videtur,
441 2161 710 2213 aptissimus
732 2167 932 2213 praeest.
956 2161 1203 2202 Profectus
1223 2167 1294 2202 est
1315 2167 1413 2201 tum
1430 2161 1476 2201 in
1496 2161 1666 2201 litteris
1689 2167 1787 2201 tum
1808 2161 1855 2200 in

216 2233 350 2274 bonis
390 2239 434 2273 et
470 2233 739 2273 christianis
778 2233 987 2273 moribus
1031 2245 1125 2273 non
1165 2233 1380 2284 exiguus.
1429 2232 1653 2273 Confiteri
1693 2243 1855 2272 omnes

217 2305 365 2345 solent
387 2316 493 2344 cum
510 2304 742 2356 jubentur;
769 2305 912 2356 aliqui
933 2305 1074 2345 etiam
1096 2304 1284 2356 saepius
1304 2315 1390 2344 sua
1411 2309 1577 2356 sponte
1595 2309 1640 2344 et
1662 2303 1856 2355 cupiunt

217 2383 262 2416 et
296 2382 482 2427 rogant.
519 2376 698 2416 Verum
731 2388 824 2416 non
859 2382 956 2416 tam
990 2387 1153 2416 eorum
1182 2375 1412 2416 desiderio
1450 2387 1590 2427 quam
1622 2374 1856 2415 communi

219 2447 533 2487 aedificationi
554 2459 580 2486 a
602 2447 737 2487 nobis
755 2447 1026 2487 consulitur.
1581 2480 1584 2482 .

296 2518 521 2559 Virorum
544 2524 587 2558 et
609 2519 856 2558 mulierum
877 2518 1012 2558 nobis
1041 2518 1089 2558 in
1116 2518 1317 2559 ecclesia
1344 2524 1508 2558 nostra
1537 2515 1856 2557 confitentium

216 2601 440 2630 numerus
467 2595 537 2630 est
563 2590 677 2630 satis
708 2600 910 2640 magnus
943 2601 1027 2641 pro
1058 2590 1149 2629 loci
1185 2588 1569 2629 incommoditate
1605 2593 1649 2627 et
1683 2588 1856 2628 nostris

218 2661 323 2701 aliis
364 2660 765 2713 occupationibus.
808 2659 1006 2701 Sumunt
1045 2660 1418 2700 sacratissimum
1465 2658 1640 2699 Christi
1689 2670 1862 2710 corpus

219 2733 416 2784 singulis
437 2732 601 2772 diebus
622 2732 868 2772 dominicis
891 2732 1157 2783 complures
1183 2731 1426 2782 utriusque
1456 2741 1614 2770 sexus,
1647 2729 1861 2770 Accersi-

277 2870 285 2889 ¹
326 2869 401 2897 Duo
421 2869 587 2897 habemus
611 2869 733 2896 harum
758 2869 953 2896 litterarum
978 2867 1201 2903 exemplaria.
1227 2867 1349 2901 Unum,
1370 2874 1485 2902 manu,
1510 2870 1547 2893 ut
1571 2866 1724 2900 videtur,
1748 2866 1863 2893 Patris

222 2916 365 2945 Oliverii
381 2916 544 2951 Manarei,
560 2917 594 2944 in
611 2916 743 2944 Codicis
759 2917 837 2951 1551,
855 2916 910 2944 fol.
925 2916 961 2943 50
974 2916 1038 2949 v.⁰;
1055 2916 1201 2943 alterurn
1214 2915 1246 2943 in
1262 2915 1424 2942 Historia
1438 2914 1553 2946 varia,
1564 2914 1631 2941 vol.
1644 2921 1664 2948 1,
1678 2914 1735 2941 fol.
1747 2914 1799 2942 232
1810 2913 1862 2941 v.⁰

279 2965 292 2984 2
331 2965 368 2992 P.
385 2964 514 2992 Caesar
528 2964 650 2998 Helmi,
667 2964 843 2998 Fulgin-as.
