2074 3179
886 179 919 215 A
930 189 966 215 Ν.
1000 177 1090 214 1552
1725 176 1796 213 553

873 629 1024 682 CXX
1034 629 1081 680 X.

233 858 490 905 Alphonsus
510 857 720 895 Barretus

284 924 402 960 Patri
422 923 590 971 Ignatio
611 923 664 960 de
682 923 866 970 Loyola.

328 987 495 1033 Evora,
518 987 533 1023 1
556 987 702 1024 Martii
722 986 813 1023 1552
833 987 857 1023 ¹.

937 1160 1034 1235 iilis

241 1336 517 1376 Reverende
539 1337 584 1376 in
607 1336 794 1377 Christo
817 1337 976 1377 Pater:

244 1408 410 1448 Gratia
432 1416 474 1448 et
496 1420 589 1459 pax
610 1406 810 1458 Spiritus
831 1407 990 1448 Sancti
1012 1409 1166 1448 adsint
1185 1419 1368 1460 semper
1386 1407 1533 1447 nobis.
1554 1406 1723 1447 Amen.

244 1479 286 1519 A
306 1478 446 1518 Patre
467 1479 722 1518 Melchiore
743 1478 984 1527 Carneiro‚
1014 1485 1196 1519 rectore
1224 1484 1402 1528 nostro,
1432 1477 1691 1529 injunctum
1721 1482 1794 1516 est

165 1550 279 1590 mihi
309 1557 358 1590 ut
387 1550 446 1589 ad
476 1556 520 1590 te
547 1550 801 1590 scriberem
832 1550 888 1589 de
917 1555 1077 1590 nostro
1105 1550 1196 1590 huc
1230 1551 1437 1591 adventu
1468 1556 1605 1601 atque
1640 1548 1696 1588 de
1724 1548 1796 1598 iis,

166 1632 285 1672 quae
313 1619 372 1660 ad
399 1626 442 1660 te
470 1620 716 1661 scribenda
744 1620 816 1660 his
849 1627 1051 1672 quatuor
1084 1622 1324 1661 mensibus
1356 1621 1528 1672 elapsis
1563 1619 1794 1660 accidisse

165 1699 481 1732 occurrerent.
505 1692 623 1744 Jam,
651 1693 808 1740 credO,
833 1692 1006 1732 certior
1025 1692 1179 1732 factus
1207 1705 1256 1732 es
1283 1690 1677 1744 quemadmodum
1706 1689 1801 1730 Do-

166 1764 319 1803 minus
340 1763 590 1814 Henricus,
619 1763 764 1803 frater
783 1763 940 1814 Regis,
965 1762 1228 1804 Cardinalis
1246 1769 1384 1815 atque
1401 1762 1801 1814 Archiepiscopus

166 1834 433 1883 Eborensis,
470 1833 703 1885 quoddam
730 1840 919 1874 nostrae
949 1833 1172 1874 Societati
1200 1835 1449 1885 collegium
1479 1834 1662 1874 Eborae
1693 1844 1801 1872 con-

167 1910 332 1943 struat.
362 1903 450 1943 Hic
481 1915 586 1943 cum
613 1910 796 1955 optaret
823 1904 1023 1944 fratrum
1057 1904 1332 1955 adventum,
1361 1904 1635 1955 videretque
1664 1903 1798 1943 colle-

166 1975 296 2025 gium
317 1974 523 2014 nondum
543 1981 878 2025 constructum,
910 1975 1090 2026 aliquos
1116 1980 1273 2015 tamen
1304 1975 1363 2014 ad
1385 1986 1434 2014 se
1464 1974 1585 2014 mitti
1614 1973 1802 2013 interim

167 2045 442 2096 postulavit,
471 2045 639 2096 quibus
665 2052 710 2085 et
743 2045 932 2085 domum
953 2047 1163 2097 paravit,
1197 2047 1243 2086 in
1275 2057 1390 2097 qua,
1415 2046 1525 2086 dum
1552 2045 1801 2096 collegium

168 2116 456 2167 aedificatur,
487 2116 762 2156 habitarent.
794 2116 949 2167 Quare
979 2117 1206 2168 Magister
1226 2116 1385 2157 Simon
1416 2116 1429 2135 ²
1459 2128 1631 2157 novem
1657 2115 1799 2165 misit,

170 2189 287 2228 duos
303 2188 490 2239 quidem
506 2187 790 2238 sacerdotes,
811 2187 887 2239 qui
904 2187 1276 2228 confessionibus
1294 2187 1538 2228 audiendis
1555 2191 1799 2236 vacarent,

170 2259 376 2309 reliquos
398 2269 513 2298 vero
536 2258 595 2298 ad
615 2269 778 2298 sacros
799 2258 985 2298 ordines
1006 2258 1195 2298 minime
1216 2264 1457 2310 promotos
1483 2257 1512 2295 ³.
1536 2257 1609 2298 Ex
1635 2257 1802 2308 quibus

171 2335 372 2381 quatuor
388 2328 554 2368 litteris
570 2340 762 2380 operam
779 2329 958 2369 damus.
979 2328 1208 2380 Quoniam
1225 2341 1339 2369 vero
1359 2328 1684 2381 philosophiae
1700 2339 1801 2367 cur-

170 2412 275 2441 sum
301 2401 506 2441 nondum
537 2400 911 2450 absolveramus,
944 2407 1195 2452 antequam
1222 2400 1508 2451 theologiam
1536 2410 1802 2451 capessere-

226 2562 236 2582 ἱ
276 2561 525 2595 Autographae
541 2560 574 2587 in
589 2560 667 2587 folio
679 2559 787 2594 unico,
804 2568 835 2587 n.
851 2560 913 2588 292.

225 2610 239 2628 Ξ
276 2609 312 2635 P.
329 2608 441 2636 Simon
457 2607 667 2635 Rodericius.

223 2657 237 2675 '³
274 2656 344 2683 “Ea
359 2656 507 2690 proinde,
531 2663 616 2689 quae
639 2655 680 2682 ad
701 2655 780 2682 novi
805 2654 947 2690 Collegii
972 2656 1111 2683 exordia
1136 2660 1248 2683 essent
1274 2655 1480 2688 necessaria,
1507 2654 1621 2681 Simon
1637 2654 1803 2688 disposuit

172 2711 285 2731 mense
303 2703 438 2731 Octobri
453 2708 486 2730 et
501 2703 704 2738 Ulyssipone
721 2702 756 2729 P.
773 2702 938 2735 Joannem
952 2702 1189 2737 Covillonium,
1206 2703 1423 2730 Conimbrica
1433 2709 1517 2729 vero
1532 2709 1607 2729 cum
1619 2700 1803 2728 Melchiore

172 2750 346 2784 Carneiro,
362 2751 531 2778 destinato
547 2750 624 2777 novi
641 2749 781 2784 collegii
802 2749 965 2785 Rectore‚
982 2751 1018 2778 P.
1040 2750 1296 2778 Emmanuelem
1312 2750 1576 2781 Ferdinandum,
1592 2749 1806 2776 concionato-

172 2806 245 2825 rem
259 2798 435 2832 insignem,
451 2803 483 2824 et
497 2801 566 2824 tres
580 2796 667 2824 alios
687 2804 751 2824 non
765 2797 971 2829 sacerdotes„
997 2798 1204 2832 totidemque
1229 2797 1273 2824 ad
1296 2797 1410 2824 munia
1426 2796 1613 2823 domestica
1628 2795 1805 2830 adjutores

173 2845 325 2872 Evoram
347 2845 497 2879 pedestri
520 2844 639 2872 itinere
664 2844 868 2878 expedivit.„
888 2844 1037 2876 FRANco.
1055 2845 1227 2879 synopsis
1246 2844 1439 2871 Annalium
1463 2843 1651 2870 societatis
1663 2842 1753 2877 Jesu
1768 2844 1806 2869 in

175 2892 379 2924 Lusitania,
394 2900 450 2920 an.
470 2892 546 2924 1551,
562 2899 593 2918 n.
614 2891 641 2925 Δ,
663 2899 741 2925 pag.
764 2891 954 2919 SC.-Pater
977 2900 1060 2920 vero
1084 2892 1227 2926 TELLEz‚
1254 2891 1423 2919 Chronica
1450 2891 1495 2917 da
1520 2889 1738 2924 Companhia
1761 2890 1805 2916 de

175 2939 262 2974 Jesu
280 2947 334 2966 em
350 2939 531 2972 Portugal,
546 2939 633 2966 hanc
656 2939 761 2972 capiti
783 2946 851 2972 xxx,
875 2939 952 2967 libri
974 2940 1002 2967 3.
1026 2939 1281 2974 inscriptionem
1304 2938 1460 2973 apponit:
1485 2937 1626 2964 “Manda
1650 2945 1668 2964 o
1692 2937 1804 2964 Padrc

175 2986 301 3014 Mestre
318 2986 445 3014 Simam
460 2994 544 3013 onze
557 2986 734 3019 religiosos
748 2985 788 3012 de
803 2986 961 3014 Coimbra
977 2994 998 3014 a
1011 2987 1133 3015 fundar
1151 2995 1169 3015 0
1190 2986 1343 3021 Collegio
1364 2986 1404 3012 de
1426 2985 1572 3018 Evora„,
1588 2992 1671 3018 quos
1685 2988 1805 3018 postca
