2074 3179
116 149 187 186 430
627 149 854 186 LITTERAE
882 160 1240 192 QUADRnuEsrREs

118 246 219 286 Deo
250 246 466 297 spiritum
496 246 718 296 reddidit,
750 245 813 285 ita
845 251 894 285 ut
923 256 1086 286 omnes
1121 246 1199 297 qui
1226 247 1354 287 11111111
1388 248 1507 288 111011
1536 247 1756 288 viderunt

117 316 330 358 Creatori
352 317 559 357 omnium
579 316 941 357 clementissimo
962 316 1143 367 gratias
1163 316 1424 358 redderent.
1451 318 1599 369 Quem
1627 320 1755 359 enim

118 387 362 428 discedens
387 387 394 407 ¹
418 388 493 428 ille
514 399 610 428 non
631 386 915 427 aedificavit?
936 387 1120 428 Etenim
1140 388 1215 428 hic
1237 388 1293 428 de
1315 395 1467 429 morte
1489 390 1609 430 illius
1635 391 1755 430 inter

119 460 288 500 milites
308 471 468 499 rumor
488 454 740 499 ferebatur:
763 458 929 498 beatus
950 459 1025 498 ille
1045 470 1196 510 quem,
1215 459 1325 499 forti
1342 460 1497 500 animo
1515 466 1565 500 ut
1582 467 1755 513 marty-

119 543 231 578 rem,
247 536 291 570 et
304 531 522 582 religiose
537 536 587 570 ut
605 535 819 570 sanctum
837 530 1005 580 virum,
1025 530 1144 570 mori
1160 530 1376 570 vidimus.
1397 531 1465 570 Ita
1482 531 1607 582 quod
1623 538 1754 584 opta-

121 602 201 642 bat
229 602 418 642 omnino
452 601 653 641 invenit:
683 601 761 652 qui
792 600 916 640 enim
942 612 991 640 se
1020 600 1311 652 spiritualem
1338 601 1427 641 hac
1454 602 1759 653 navigatione

119 673 217 713 fore
239 673 437 723 dixerat,
469 678 594 712 totus
625 678 772 721 certe,
803 671 976 712 Christi
1002 672 1346 723 misericordia,
1379 673 1436 713 ab
1463 672 1601 724 hujus
1633 673 1760 713 vitae

121 745 322 785 miseriis
342 744 586 794 liberatus,
610 743 763 783 factus
784 749 854 783 est
881 743 1120 784 coelestis:
1150 744 1324 784 scimus
1352 744 1474 784 enim
1503 745 1762 796 pretiosam

120 827 223 856 esse
244 816 291 856 in
313 820 568 866 conspectu
589 814 779 854 Domini
800 820 999 855 mortem
1015 813 1262 865 justorum,
1288 815 1366 867 qui
1388 816 1452 855 ita
1475 816 1630 856 omnia
1653 828 1761 856 ossa

121 899 284 928 eorum
312 885 529 937 custodit,
564 892 613 926 ut
641 897 783 926 unum
817 898 876 926 ex
903 886 969 926 eis
995 898 1089 926 non
1122 893 1416 927 conteratur:
1446 898 1573 927 mors
1606 892 1763 927 autem

122 964 424 1011 peccatorum
446 970 501 998 ea
528 964 598 998 est
627 969 746 1009 quae
772 958 977 1009 pessima
1006 957 1190 1009 dicitur3
1222 958 1300 1009 qui
1326 970 1441 998 vero
1477 959 1524 998 in
1559 958 1763 999 Domino

125 1030 402 1080 moriuntur,
427 1029 552 1069 beati
572 1029 637 1068 illi
654 1028 839 1080 quidem
856 1029 1204 1079 praedicantur,
1225 1035 1269 1069 et
1286 1029 1453 1069 merito
1471 1041 1604 1080 sane,
1625 1030 1761 1081 siqui-

123 1101 228 1142 dem
250 1101 432 1141 animas
453 1112 615 1140 eorum
636 1101 759 1140 idem
779 1100 1010 1140 Dominus
1031 1100 1079 1140 in
1105 1112 1222 1152 pace
1250 1100 1458 1152 redimit,
1489 1107 1534 1141 et
1566 1101 1613 1141 in
1643 1101 1763 1141 atrio

126 1185 209 1213 suo
232 1178 395 1212 sancto
418 1172 622 1222 gloriose
644 1171 862 1212 collocat.

204 1243 301 1284 Nec
323 1255 438 1284 vero
465 1243 663 1297 Joannis
693 1243 888 1283 Antonii
908 1243 937 1294 ⁶²,
961 1243 1039 1295 qui
1068 1255 1127 1284 ex
1156 1243 1294 1284 domo
1326 1244 1618 1296 probationis
1645 1249 1762 1294 erat,

126 1316 237 1357 felix
258 1315 318 1356 ad
339 1316 520 1355 coelum
541 1314 790 1365 discessus,
815 1315 1045 1355 minorem
1066 1327 1206 1367 quam
1222 1315 1388 1356 Isidori
1404 1316 1537 1356 nobis
1555 1316 1764 1356 consola—

124 1388 297 1428 tionem
325 1387 499 1437 attulit;
529 1386 588 1427 de'
612 1399 704 1438 quo
731 1387 849 1427 alias
883 1387 1110 1439 scriptum
1140 1393 1209 1427 est
1244 1387 1406 1427 fusius.
1435 1388 1496 1428 Ut
1525 1387 1679 1428 dicam
1708 1387 1765 1427 de

125 1459 281 1500 multis
302 1459 473 1510 aliqua,
498 1470 605 1498 cum
624 1458 808 1498 vicinus
829 1458 968 1498 morti
988 1464 1125 1509 esset,
1148 1459 1332 1498 vocatis
1353 1459 1592 1509 fratribus,
1618 1459 1697 1511 qui
1718 1459 1765 1499 in

125 1531 289 1571 eadem
329 1530 467 1571 domo
503 1529 678 1581 jugiter
712 1529 814 1570 Deo
849 1530 1082 1580 serviunt,
1121 1529 1179 1569 ad
1219 1530 1532 1570 obedientiam
1567 1542 1648 1570 eos
1689 1543 1765 1570 ve-

126 1603 332 1643 hementi
353 1602 521 1654 spiritu
543 1602 820 1642 adhortatus
841 1607 925 1642 est.
945 1601 1066 1642 Huic
1084 1607 1241 1642 autem
1262 1608 1571 1654 praeceperat
1587 1601 1636 1642 P.
1657 1601 1765 1642 Cor·

125 1675 275 1715 nelius
297 1674 388 1725 (ille
418 1685 642 1726 namque,
665 1680 714 1713 ut
742 1674 884 1724 nosti,
910 1673 1067 1713 domui
1084 1674 1376 1725 probationis
1393 1673 1594 1725 praeest)
1616 1685 1673 1714 ne
1691 1685 1767 1713 au-

126 1758 203 1786 res
223 1745 557 1786 tentationibus
574 1744 856 1784 daemonum
871 1744 1173 1796 patefaceret.
1195 1744 1311 1785 Cum
1326 1745 1467 1796 igitur
1485 1757 1579 1785 non
1596 1744 1767 1785 medio-

126 1817 267 1858 criter
289 1822 564 1867 tentaretur,
590 1816 1098 1866 obedientiaememor,
1135 1828 1276 1868 quam
1303 1817 1613 1867 margaritam
1641 1816 1768 1856 illam

128 1888 383 1941 pretiosam
401 1888 641 1940 judicabat
663 1887 1029 1938 (necimmerito,
1051 1899 1155 1928 cum
1173 1888 1272 1928 sine
1291 1899 1346 1927 ea
1368 1888 1615 1939 quisquam
1637 1887 1768 1940 spiri-

126 1961 265 2001 tualis
286 1971 388 2000 esse
409 1961 642 2011 nequeat),
667 1970 752 2010 pro
776 1970 866 2010 qua
888 1959 1043 1999 omnia
1073 1959 1321 1999 vendenda
1343 1965 1450 1999 sunt
1472 1965 1522 1999 ut
1555 1969 1659 1998 eam
1681 1958 1768 1998 sibi

126 2033 322 2084 quisque
344 2042 499 2072 emere
521 2030 687 2081 possit,
713 2030 760 2070 in
781 2030 1081 2082 simplicitate
1103 2030 1259 2070 cordis
1286 2030 1371 2070 sui:
1396 2030 1482 2079 Ite,
1507 2030 1590 2081 ite,
1620 2029 1771 2081 inquit

127 2103 446 2153 daemonibus,
474 2102 533 2142 ad
555 2101 756 2152 Patrem;
781 2102 879 2153 ipse
901 2101 1034 2142 vobis
1054 2113 1141 2153 pro
1164 2113 1236 2142 me
1264 2101 1537 2142 satisfaciet.
1567 2101 1637 2142 Ita
1664 2101 1766 2141 obe-

127 2176 273 2225 diens,
300 2186 463 2215 eorum
485 2174 685 2226 impetus
706 2173 888 2214 fortiter
909 2173 1148 2225 repressit,
1173 2173 1251 2224 qui
1272 2173 1327 2213 de
1350 2174 1480 2213 coelo
1499 2173 1770 2213 ceciderant

128 2248 236 2300 quia
258 2247 447 2287 obedire
468 2246 733 2286 noluerunt.
757 2244 877 2295 Quid
898 2245 1022 2285 enim
1043 2244 1307 2285 obedientia
1329 2251 1409 2284 aut
1429 2244 1666 2296 potentius
1689 2249 1769 2284 aut

128 2319 304 2359 utilius?
322 2314 416 2370 'qua
438 2329 530 2358 una
553 2316 767 2357 Christus
788 2316 944 2368 capita
964 2316 1185 2356 draconis
1208 2315 1458 2367 confregit.
1482 2316 1543 2357 Ut
1572 2315 1683 2355 hinc
1704 2315 1768 2354 in—

126 2390 307 2440 telligat
328 2389 522 2441 quisque
549 2388 663 2428 nihil
691 2399 837 2439 aeque
865 2387 925 2428 ad
955 2387 1208 2427 daemones
1234 2387 1601 2438 prosternendos
1623 2393 1766 2438 atque

130 2462 280 2513 ipsam
301 2460 616 2500 obedientiam
636 2460 811 2510 valere,
836 2470 977 2510 quam
997 2458 1120 2499 idem
1139 2458 1370 2499 Dominus
1391 2458 1447 2498 N.
1478 2458 1615 2511 Jesus
1637 2457 1767 2498 Chri-

130 2539 229 2573 stus
252 2532 314 2572 ita
342 2531 518 2582 dilexit,
549 2536 599 2571 ut
619 2541 767 2582 usque
788 2530 847 2570 ad
868 2534 1089 2580 mortem,
1114 2535 1313 2570 mortem
1333 2535 1490 2569 autem
1511 2528 1680 2579 crucis,
1705 2528 1769 2567 sa-

130 2612 234 2645 ctus
254 2603 394 2644 fuerit
419 2602 654 2643 obediens.

209 2674 300 2716 Sed
328 2686 447 2727 quae
477 2673 614 2714 fuerit
644 2673 692 2713 in
720 2684 774 2713 eo
802 2673 994 2725 spiritus
1029 2672 1166 2723 copia
1193 2658 1292 2712 turn
1312 2671 1517 2712 maxime
1551 2669 1767 2719 ostendit,

130 2759 236 2788 cum
257 2747 474 2787 visitatus
495 2758 522 2785 a
543 2756 751 2785 noverca
772 2750 816 2784 et
838 2756 865 2784 a
886 2755 1050 2784 sorore
1073 2743 1264 2792 <talibus
1286 2743 1409 2783 enim
1431 2747 1474 2782 et
1496 2741 1772 2794 parentibus

130 2819 413 2871 permittitur
435 2823 483 2857 ut
505 2817 551 2857 in
573 2828 677 2857 eam
697 2815 886 2857 domum
919 2814 1103 2866 ingredi
1122 2814 1323 2866 possint,
1347 2813 1453 2854 filiis
1486 2813 1543 2853 ad
1572 2818 1771 2854 mortem

186 2932 194 2951 ¹
237 2931 302 2965 Sic;
318 2931 437 2959 melius
451 2931 538 2957 forte
555 2930 738 2957 decedens.

185 2979 199 2998 ²
236 2979 382 3012 Joannes
400 2978 578 3009 Antonius.
596 2986 637 3005 ex
650 2978 764 3012 patria
781 2977 890 3004 dictus
905 2977 1047 3011 Apulus.
