2074 3179
195 95 268 131 33ss
715 92 941 129 LlTTERAE
967 102 1324 134 QUADRnffisTREs

195 191 322 231 modi
348 189 753 230 exhortationibus
784 189 843 228 ad
870 189 1117 240 patienter,
1142 194 1187 228 et
1208 195 1399 240 propter
1422 188 1597 229 Christi
1628 199 1836 228 amorem

206 262 418 310 libenter,
442 260 686 301 ferendam
709 260 1054 310 aegritudinem
1077 260 1511 300 animadvertimus.

277 333 539 373 Dominicis
561 338 606 372 et
628 331 810 371 festivis
832 331 994 370 diebus
1016 330 1076 370 ad
1097 331 1474 371 communionem
1494 342 1588 370 non
1610 330 1770 382 pauci,
1795 336 1839 369 et

202 405 323 445 inter
344 416 423 444 eos
446 404 588 454 aliqui
609 415 668 442 ex
689 402 1010 452 nobilioribus
1035 402 1095 442 ad
1115 407 1326 442 nostram
1359 398 1607 442 ecclesiam
1628 402 1837 442 veniunt.
1876 446 1879 449 ,

196 475 450 528 Speramus
471 480 634 515 autem.
649 472 799 525 majus
827 474 874 513 in
904 473 1003 513 dies
1031 473 1394 525 occupationum
1424 473 1736 524 spiritualium
1764 484 1839 512 au-

196 553 454 598 gmentum,
469 546 675 585 excitata
687 545 929 584 hominum
944 544 1193 584 devotione
1206 550 1304 584 tum
1316 543 1746 596 praedicationibus
1758 543 1840 583 Pa-

199 618 283 658 tris
304 618 524 658 Andreae
544 616 582 656 F
586 616 723 664 rusii,
747 627 867 667 quae
891 615 1042 656 doctis
1064 627 1211 667 aeque
1232 621 1276 655 et
1298 614 1498 655 indoctis
1526 627 1607 665 per
1629 614 1717 654 Dei
1738 626 1842 665 gra-

200 689 314 728 tiam
351 687 533 727 abunde
568 686 886 738 satisfaciunt,
923 692 1022 726 tum
1049 686 1327 726 lectionibus
1363 686 1588 737 epistolae
1621 684 1754 725 Pauli
1786 686 1844 725 ad

200 759 439 800 Romanos
456 770 589 809 quae,
609 757 817 798 secunda
835 763 879 798 et
897 764 1065 809 quarta
1086 763 1130 798 et
1148 762 1283 797 sexta
1299 757 1432 807 seria,
1455 757 1511 797 ab
1530 756 1693 796 eodeni
1708 755 1846 797 Patre

202 831 553 882 praeleguntur.

282 902 352 942 Ex
378 901 486 941 ludo
516 901 745 941 litterario
776 906 819 940 et
854 901 1039 951 schola,
1078 911 1219 951 quam
1248 900 1324 940 hic
1355 905 1561 940 statuere
1592 900 1845 951 coepimus,

198 979 480 1025 proventum
503 972 645 1012 etiam
665 972 799 1012 nobis
821 972 983 1012 divina
1004 971 1193 1012 bonitas
1216 971 1420 1012 ostendit
1436 983 1530 1010 non
1546 971 1846 1021 mediocrem,

200 1050 299 1084 tum
320 1045 367 1084 in
388 1043 688 1084 scholasticis
708 1043 837 1094 ipsis,
864 1048 963 1083 tum
983 1043 1031 1083 in
1052 1054 1216 1083 eorum
1236 1042 1524 1094 parentibus,
1550 1041 1628 1093 qui
1648 1041 1849 1081 filiorum

201 1115 450 1155 occasione
483 1114 755 1166 frequentes
792 1114 1025 1154 intersunt
1051 1113 1512 1166 praedicationibus,
1543 1113 1601 1152 ad
1634 1112 1850 1164 Xpianac

201 1187 445 1227 doctrinae
481 1186 845 1238 explicationem
880 1185 1163 1237 perlibenter
1190 1185 1407 1236 veniunt,
1439 1185 1603 1224 crebro
1633 1183 1849 1224 confiten-

201 1264 291 1309 tur,
314 1257 405 1310 piis
426 1258 614 1305 demum
636 1257 855 1309 operibus
877 1257 1057 1297 solicite
1080 1268 1129 1296 se
1152 1262 1400 1308 occupant.

245 1364 248 1368 .
283 1328 463 1369 Nobilis
485 1326 675 1384 quidam
696 1335 895 1369 venetus
918 1334 963 1368 et
984 1328 1121 1368 bonis
1143 1327 1481 1379 temporalibus
1504 1326 1719 1377 affluens,
1749 1326 1849 1366 reli-

203 1401 292 1441 ctis
314 1401 552 1452 omnibus,'
575 1399 863 1440 Societatem
890 1405 1101 1440 nostram
1128 1399 1310 1450 ingredi
1342 1399 1576 1445 decrevit;
1603 1403 1647 1437 et
1663 1396 1760 1448 jam
1789 1396 1851 1437 id-

204 1473 357 1524 ipsum
378 1482 517 1524 opere
539 1472 893 1524 complevisset,
917 1472 957 1511 si
979 1471 1200 1523 expedire
1222 1483 1271 1510 se
1293 1483 1320 1510 a
1347 1470 1549 1521 negotiis
1572 1469 1851 1521 quibusdam

205 1556 312 1585 cum
331 1544 556 1584 fratribus
580 1545 676 1584 suis
698 1544 928 1584 hactenus
956 1542 1204 1594 potuisset;
1238 1548 1423 1594 praeter
1455 1541 1730 1581 humilitatis
1762 1540 1854 1580 exi-

206 1608 546 1667 miae'donum,
572 1616 762 1666 ingenio
784 1615 978 1666 egregio
1001 1614 1075 1654 hic
1093 1613 1280 1665 juvenis
1305 1620 1348 1654 et
1376 1613 1435 1653 ad
1463 1613 1726 1653 doctrinam
1753 1623 1855 1663 pro-

206 1699 367 1739 penSO,
392 1687 655 1727 eruditione
677 1687 820 1727 etiam
843 1687 889 1726 in
910 1686 1082 1726 litteris
1103 1685 1457 1726 humanioribus
1479 1683 1706 1724 mediocri
1725 1695 1855 1735 prae-

206 1759 331 1799 ditus
354 1764 438 1798 est.

289 1829 501 1870 Societas
537 1830 769 1881 quaedam
803 1830 987 1882 piorum
1017 1829 1281 1879 hominum,
1313 1829 1372 1868 ad
1400 1839 1533 1868 suam
1562 1826 1784 1878 cujusque
1815 1833 1858 1866 et

209 1902 408 1942 aliorum
449 1902 647 1942 salutem
684 1892 966 1953 juvandam,
998 1906 1041 1941 et
1078 1900 1211 1952 quasi
1240 1912 1298 1940 ex
1327 1899 1476 1940 officio
1513 1899 1572 1939 ad
1606 1909 1778 1950 pueros
1813 1898 1858 1937 in

209 1973 384 2025 xpiana
406 1973 621 2014 doctrina
644 1972 941 2023 erudiendos,
967 1972 1043 2012 hic
1064 1972 1292 2022 instituta,
1317 1983 1344 2011 a
1370 1970 1509 2011 Patre
1531 1970 1724 2010 Andrea
1744 1969 1855 2009 Fru-

209 2045 279 2085 sio
300 2045 520 2096 precibus
542 2045 700 2085 multis
722 2044 964 2085 contendit
981 2050 1046 2095 ut,
1067 2042 1228 2083 diebus
1245 2041 1490 2082 dominicis
1513 2047 1557 2081 et
1579 2040 1774 2091 festivis,
1799 2039 1857 2080 ad

211 2115 399 2155 eosdem
417 2116 464 2155 in
482 2115 680 2156 docendi
698 2115 837 2156 modo
855 2113 1128 2166 dirigendos
1145 2120 1205 2165 et,
1229 2118 1334 2165 post
1355 2123 1607 2164 puerorum
1631 2111 1856 2151 dimissio-

210 2199 332 2237 nem,
358 2187 418 2227 ad
439 2187 605 2228 melius
626 2187 960 2239 explicandam
987 2186 1128 2227 sociis
1159 2186 1276 2237 ipsis
1308 2184 1504 2225 seorsim
1535 2183 1759 2235 xpianam
1781 2181 1857 2221 do-

212 2259 428 2309 ctrinam,
453 2259 680 2299 interesse
708 2259 842 2308 velit,
874 2269 977 2298 sese
1012 2258 1139 2298 dicto
1169 2256 1411 2297 audientes
1440 2254 1541 2296 fore
1573 2256 1619 2295 in
1646 2254 1858 2294 omnibus

213 2330 503 2382 pollicentes.
528 2330 760 2381 Quoniam
782 2341 896 2370 vero
917 2329 1056 2370 Pater
1077 2328 1296 2370 Andreas
1316 2327 1354 2368 F
1357 2327 1513 2368 rusius
1544 2325 1858 2377 occupationi-

215 2402 301 2441 bus
335 2401 637 2452 gravioribus
673 2401 921 2452 detinetur,
959 2401 1074 2441 mihi
1099 2412 1154 2440 ea
1185 2399 1431 2451 provincia
1459 2397 1741 2438 demandata
1772 2404 1855 2445 est,

215 2472 293 2525 qui
315 2473 361 2512 in
382 2472 455 2512 die
476 2478 772 2524 pentecostes
794 2473 841 2512 id
862 2483 1030 2512 munus
1052 2483 1156 2512 sum
1177 2482 1448 2523 aggressus.
1472 2470 1663 2511 Utinam
1684 2467 1744 2507 ad
1772 2467 1859 2507 Dei

218 2545 445 2584 honorem
466 2543 513 2583 id
534 2544 757 2596 prosequi
779 2543 939 2584 divina
961 2543 1147 2584 bonitas
1168 2543 1364 2583 tribuat!

297 2613 432 2654 R.ffl¹¹⁵
452 2615 660 2666 Legatus
681 2613 860 2655 Summi
880 2613 1119 2655 Pontificis
1141 2625 1284 2666 opera
1301 2612 1456 2653 Patris
1471 2611 1691 2652 Andreae
1707 2609 1862 2650 Frusii

218 2685 365 2737 iniis,
399 2697 518 2737 quae
549 2686 609 2726 ad
629 2697 767 2726 suum
788 2685 988 2725 officium
1018 2685 1273 2736 pertinent,
1303 2684 1499 2724 libenter
1529 2682 1688 2722 utitur.
1720 2681 1862 2721 Hisce

218 2757 381 2797 diebus
403 2768 509 2797 cum
530 2757 588 2797 ab
609 2768 664 2797 eo
687 2757 946 2797 accersitus
974 2755 1033 2795 ad
1061 2755 1291 2796 haeretici
1318 2753 1562 2805 cujusdam
1588 2752 1862 2804 resipiscen-

220 2828 280 2868 tis
300 2834 503 2868 mentem
525 2828 866 2880 explorandam
886 2827 1102 2878 longiora
1124 2838 1231 2867 cum
1252 2838 1307 2866 eo
1327 2825 1546 2866 misceret
1568 2823 1774 2875 eloquia,
1797 2823 1861 2863 fa-

220 2899 404 2938 tebatur
437 2899 511 2939 ille
547 2911 597 2939 se
633 2904 700 2939 tot
730 2910 878 2939 annos
906 2897 1196 2950 pertinacem
1224 2898 1271 2937 in
1298 2896 1457 2938 err'ore
1485 2906 1570 2935 suo
1599 2906 1693 2934 non
1719 2894 1862 2935 fuisse
