2074 3179
921 152 1005 189 ΑΝ.
1036 152 1127 189 1547
1788 155 1836 191 55

206 261 287 290 era
324 248 535 289 risanato
575 259 658 300 per
689 238 740 288 la
777 248 1099 289 misericordia
1133 249 1207 289 del
1240 248 1411 289 Nostro
1447 248 1667 300 Signore3
1704 261 1835 290 come

206 319 359 372 quella
378 318 441 358 mi
461 319 712 370 comando‚
736 319 782 359 di
807 331 964 359 nuovo
991 318 1210 360 raffermo
1239 330 1366 360 esser
1393 330 1530 371 sano3
1555 331 1631 359 ma
1660 326 1833 371 quanto

206 391 279 430 all’
310 390 503 431 interior
532 390 704 430 huomo
730 402 824 431 non
850 401 902 431 so
930 391 966 430 s’
997 394 1021 431 6
1057 390 1264 431 curabile
1294 402 1433 430 senza
1465 389 1495 430 il
1525 391 1756 441 consiglio
1791 397 1834 431 et

205 462 442 513 presentia
471 461 518 501 di
547 460 640 502 Sua
670 461 974 512 Reverentia,
1012 462 1120 513 qual
1155 473 1292 513 spero
1323 461 1538 512 asseguir
1566 473 1650 512 per
1677 472 1834 501 mezzo

204 532 249 573 di
269 533 446 573 Vostra
467 532 765 583 Reverentia,
789 533 898 583 qual
921 538 1060 583 puote
1088 533 1160 572 cio
1187 532 1273 572 che
1300 532 1437 573 vuole
1466 544 1554 572 con
1575 530 1669 572 Sua
1690 531 1833 572 Reve-

204 604 369 644 rentia.

282 675 386 715 Non
417 674 592 715 accade
620 675 691 715 ch'
723 674 766 714 io
795 674 951 715 scriva
978 675 1058 726 piu
1088 675 1119 714 il
1144 674 1296 715 frutto
1317 674 1402 714 che
1431 674 1470 714 si
1496 674 1563 725 fa,
1599 673 1678 725 gia
1708 679 1835 713 tante

204 747 328 786 volte
356 746 539 796 scritto,
568 747 687 786 nelle
716 746 890 797 anime,
926 747 1001 786 nel
1034 745 1275 798 frequente
1309 744 1526 797 predicar
1557 745 1642 785 che
1676 745 1740 789 mi
1772 745 1833 784 bi-

204 828 353 868 sogna
384 817 498 868 fare,
526 818 697 869 perche
728 829 843 857 sono
870 817 1093 857 richiesto
1114 817 1173 857 da
1207 817 1286 868 piu
1307 816 1352 856 di
1381 817 1510 856 venti
1536 821 1680 865 terre;
1710 816 1833 856 vado

204 899 278 927 mo
299 888 347 927 in
367 894 531 939 questa
550 900 626 928 mo
647 888 694 927 in
714 888 886 939 quella3
910 894 954 927 et
981 887 1202 927 similiter
1229 888 1301 928 del
1330 886 1570 939 frequente
1592 886 1833 927 confessas

200 965 245 999 et
266 959 585 999 communicas
607 959 718 1010 ogni
738 959 983 999 domenica
1012 965 1055 999 et
1086 960 1248 1010 legger
1272 958 1456 1010 publice
1482 959 1528 998 la
1554 970 1733 999 somma
1755 971 1830 998 an-

198 1030 349 1081 gelica
375 1028 383 1048 ¹
406 1041 433 1070 a
454 1029 688 1070 sacerdoti
709 1035 753 1069 et
773 1029 894 1069 laici.
919 1030 953 1070 Il
976 1029 1168 1070 Vicario
1185 1030 1381 1070 vecchio
1404 1041 1487 1070 ora
1508 1029 1570 1070 mi
1586 1029 1647 1069 ha
1668 1030 1831 1070 scritto

200 1100 285 1140 che
305 1100 350 1140 io
371 1099 537 1140 debbia
558 1099 706 1140 andar
727 1112 754 1140 a
774 1100 993 1152 predicar
1023 1101 1145 1141 nella
1177 1112 1260 1140 sua
1291 1106 1417 1140 terra
1444 1106 1490 1141 et
1517 1100 1589 1141 ch'
1621 1101 1664 1141 io
1694 1107 1830 1153 porto

198 1182 331 1210 meco
352 1171 394 1210 le
416 1171 739 1211 constitutioni
761 1172 846 1211 che
867 1170 960 1212 Sua
982 1170 1200 1222 Signoria
1221 1172 1284 1211 mi
1305 1171 1468 1212 ordino
1490 1172 1562 1211 ch'
1585 1171 1630 1211 io
1650 1171 1831 1212 facesse

199 1248 242 1281 et
265 1242 321 1281 de
342 1253 588 1282 commune
610 1254 839 1282 consenso
861 1243 906 1282 di
928 1243 1035 1283 tutti
1055 1243 1087 1282 li
1108 1242 1358 1293 sacerdoti,
1377 1254 1461 1295 per
1476 1242 1760 1295 riformarsi,
1784 1243 1829 1282 io

196 1313 292 1352 l’ho
313 1311 448 1363 fatte,
472 1324 549 1352 ma
570 1324 684 1353 sono
706 1313 842 1354 facile
862 1325 944 1365 per
965 1315 1011 1353 la
1031 1314 1183 1365 prima
1203 1314 1348 1354 volta.

276 1383 412 1424 Circa
433 1383 464 1422 il
483 1383 703 1435 disponer
725 1384 841 1424 delle
861 1390 1020 1424 nostre
1050 1384 1276 1424 facultadi
1302 1385 1566 1436 temporali,
1596 1396 1692 1425 non
1713 1397 1828 1425 sono

198 1455 424 1506 inspirato
452 1458 510 1494 ne
540 1454 618 1494 alli
644 1455 753 1494 miei
780 1459 838 1495 ne
865 1455 942 1494 alli
962 1455 1088 1505 altri,
1113 1467 1260 1495 senon
1282 1456 1367 1495 che
1388 1456 1547 1496 vorrei
1567 1456 1598 1495 il
1624 1467 1764 1507 parer
1784 1462 1829 1496 et

197 1524 584 1566 comandamento
606 1526 652 1565 di
672 1524 765 1565 Sua
787 1525 1090 1576 Reverentia,
1114 1532 1416 1578 quantunque
1431 1527 1602 1567 habbia
1618 1526 1734 1568 fatto
1755 1527 1828 1567 far

197 1596 398 1636 orationi
420 1608 447 1636 a
467 1596 607 1636 Padri
628 1596 675 1636 di
695 1595 789 1637 San
815 1596 854 1636 F
856 1608 1084 1637 rancesco
1115 1598 1381 1637 osservanti
1402 1603 1446 1637 et
1467 1598 1497 1637 li
1516 1598 1687 1638 habbia
1708 1598 1827 1639 ordi-

196 1674 307 1707 nata
336 1668 380 1707 la
410 1668 690 1708 eleemosina
721 1679 861 1719 sopra
893 1668 986 1718 cio,
1018 1668 1149 1708 accio
1178 1668 1208 1707 il
1236 1667 1434 1719 Signore
1462 1669 1626 1720 inspiri
1655 1670 1822 1721 quello,

196 1737 282 1778 che
311 1736 412 1790 [sia]
440 1751 467 1778 a
497 1749 580 1778 sua
608 1738 824 1789 maggior
854 1739 1026 1789 gloria;
1058 1751 1145 1790 pur
1175 1751 1268 1779 non
1297 1745 1430 1779 sento
1462 1740 1614 1797 quiete
1639 1741 1715 1780 nel
1745 1751 1825 1780 cor

194 1809 286 1848 mio
309 1809 410 1849 sino
427 1809 512 1849 che
529 1821 621 1849 non
638 1816 770 1849 sento
787 1810 818 1849 il
837 1810 1067 1860 consiglio
1084 1810 1157 1850 del
1173 1809 1344 1851 Nostro
1362 1811 1513 1851 Padre
1530 1810 1823 1863 Reverendo,

193 1880 398 1920 Maestro
419 1880 616 1930 Ignatio.
639 1880 693 1920 Li
714 1881 822 1920 miei
842 1892 957 1920 sono
984 1881 1245 1932 bisognosi‚
1270 1893 1347 1922 ma
1373 1882 1452 1933 piu
1480 1882 1527 1922 di
1558 1881 1821 1934 devotione,

191 1951 364 2002 perche
384 1951 446 1990 mi
478 1957 774 2003 promettono
803 1952 848 1991 di
876 1953 1243 1992 communicarsi
1270 1953 1381 2003 ogni
1414 1953 1660 1994 domenica
1681 1959 1725 1994 et
1745 1954 1824 2006 poi

192 2027 360 2062 stanno
381 2021 585 2073 quindici
606 2022 652 2062 di
673 2028 717 2062 et
737 2034 830 2062 uno
852 2034 977 2062 mese
1005 2023 1064 2062 da
1090 2034 1184 2062 una
1212 2024 1341 2063 volta
1367 2029 1412 2063 et
1438 2024 1466 2062 l'
1501 2025 1633 2064 altra.
1658 2024 1706 2064 Io
1727 2036 1823 2065 non

192 2093 255 2132 mi
276 2092 516 2133 satisfacio
537 2098 724 2145 troppo,
748 2093 934 2145 quando
962 2105 1194 2134 mancano
1216 2095 1307 2134 alla
1337 2106 1422 2134 sua
1449 2106 1693 2146 promessa
1713 2101 1758 2136 et
1778 2096 1824 2135 al

192 2163 282 2203 ben
310 2175 411 2203 suo.
439 2163 516 2203 Ma
552 2176 601 2204 56
634 2164 674 2204 51
708 2165 941 2204 volessino
971 2165 1153 2216 obligas
1175 2165 1286 2215 ogni
1313 2171 1410 2205 otto
1441 2166 1486 2205 di
1513 2177 1540 2205 a
1569 2167 1821 2207 communi-

193 2235 332 2285 carsi,
349 2235 558 2286 parendo
574 2235 690 2275 bene
708 2247 736 2275 a
751 2234 845 2276 Sua
861 2235 1158 2287 Reverentia,
1177 2248 1270 2276 non
1284 2247 1357 2276 me
1372 2248 1430 2276 ne
1450 2236 1570 2276 faria
1587 2239 1819 2289 scropolo,

192 2305 363 2355 perche
386 2317 639 2356 comprono
661 2307 795 2358 quasi
816 2307 927 2357 ogni
947 2318 1070 2346 anno
1097 2319 1218 2358 pane
1247 2313 1292 2346 et
1316 2307 1442 2347 vino.
1471 2306 1648 2348 Vostra
1676 2308 1823 2349 Reve—

192 2376 342 2415 rentia
368 2376 432 2416 mi
458 2376 673 2416 comandi
703 2378 808 2428 quel
842 2378 926 2417 che
952 2377 1087 2429 piace
1120 2390 1147 2417 a
1180 2377 1274 2418 Sua
1294 2377 1577 2419 Reverentia
1611 2385 1656 2419 et
1689 2385 1821 2420 tanto

190 2445 316 2497 faro;
348 2458 376 2486 a
404 2447 479 2486 cui
500 2458 589 2487 con
610 2447 670 2487 lei
691 2453 735 2487 et
754 2453 872 2488 tutta
902 2449 945 2488 la
979 2460 1091 2488 casa
1121 2448 1183 2488 mi
1209 2448 1525 2489 raccomando
1552 2461 1642 2490 con
1669 2451 1711 2490 16
1737 2463 1820 2491 sue

194 2517 409 2557 orationi.

267 2587 319 2628 In
341 2588 608 2639 MargratO,
633 2589 664 2628 il
686 2589 731 2629 di
753 2589 873 2630 della
894 2590 1103 2631 Nativita
1124 2591 1245 2631 della
1267 2591 1527 2642 Madonna,
1557 2592 1671 2631 1547.

267 2659 319 2699 In
340 2658 463 2711 Xpo.
490 2660 695 2711 indegno
718 2672 855 2700 servo
870 2691 879 2709 ‚

1087 2804 1344 2846 SILVESTRO
1374 2806 1601 2846 LANDINO.

248 2959 256 2978 ¹
300 2958 447 2987 Summa
464 2960 638 2994 angelica,
653 2961 692 2987 dc
708 2961 843 2989 casibus
854 2962 1094 2998 conscientiae}
1111 2968 1250 2991 auctore
1267 2965 1398 2998 Angelo
1410 2965 1450 2991 de
1463 2964 1634 2998 Clavasio,
1651 2962 1686 2991 O.
1702 2963 1782 2994 Min.
