2074 3179
858 185 938 222 AN.
971 185 1053 221 1331
1704 187 1774 221 1387

149 284 320 325 siderio
350 283 565 333 satisfiat,
597 282 705 322 dum
733 282 806 321 hic
834 280 1077 331 fuerimus,
1108 282 1233 321 illam
1255 281 1502 321 ecclesiam
1528 281 1673 322 frater
1702 283 1776 321 hic

152 356 314 396 dicbus
335 353 578 394 dominicis
598 352 929 404 frequentabit,
959 353 1235 403 praesertim
1261 363 1367 391 cum
1394 352 1513 403 quod
1546 353 1669 403 apud
1698 365 1778 392 eos

151 425 396 465 dicendum
417 425 490 475 sit,
514 425 612 464 sine
633 423 909 463 detrimento
932 423 1189 462 studiorum
1209 434 1378 474 parare
1400 423 1559 474 possit.

230 496 375 548 Spero
392 508 484 535 non
501 495 784 535 mediocrem
801 494 1061 533 animarum
1079 493 1262 533 illarum
1278 493 1479 533 fructum
1496 502 1776 545 secuturum,

153 566 283 617 cujus
305 567 371 606 rei
393 566 613 606 indicium
633 577 723 605 non
746 576 947 616 parvum
968 570 1055 613 est,
1081 565 1203 615 quod
1225 565 1420 614 nullum,
1445 565 1600 615 credo,
1625 564 1779 605 odium

153 638 314 689 paucis
335 636 406 677 his
428 637 588 676 diebus
609 636 822 676 relictum
844 641 928 685 est,
953 646 1085 685 quae,
1109 641 1157 675 ut
1179 635 1290 685 dixi,
1315 635 1389 675 hic
1411 647 1696 687 magnopere
1719 637 1780 675 vi-

150 709 339 760 gebant.

232 779 319 819 Hic
341 779 463 819 idem
484 779 644 828 frater,
672 779 841 818 missus
872 778 918 817 in
949 778 1214 828 proximum
1242 777 1462 828 oppidum
1489 778 1664 817 dictum
1691 777 1782 817 Va-

152 850 342 891 lentiam
363 856 412 889 ut
437 848 671 900 conjectos
692 849 739 889 in
760 859 998 889 carcerem
1018 848 1260 898 inviseret,
1291 860 1396 888 cum
1422 850 1565 888 multa
1594 848 1706 900 ipsis
1728 849 1783 888 de

154 921 255 961 Deo
273 921 332 961 ad
350 932 510 960 eorum
523 919 891 960 consolationem
908 924 952 958 et
968 919 1265 959 tolerantiam
1282 919 1327 958 in
1344 919 1577 959 laboribus
1590 919 1784 960 dixisset

154 1004 260 1032 cum
282 992 490 1044 ipsorum
510 990 754 1042 lacrymis,
778 990 1015 1030 hominem
1041 990 1289 1041 quemdam
1319 990 1437 1030 solvi
1465 990 1595 1040 fecit,
1629 991 1707 1042 qui
1738 992 1784 1031 in

155 1075 348 1103 carcere
370 1069 562 1115 propter
582 1062 757 1113 aliquot
777 1062 1001 1113 pecunias
1022 1061 1314 1101 detinebatur
1342 1061 1523 1112 (quibus
1549 1062 1786 1102 solvendis

156 1133 254 1185 ejus
274 1135 477 1174 tenuitas
498 1146 592 1173 non
612 1134 745 1181 erat),
768 1143 1047 1184 percurrens
1068 1143 1162 1182 eOS,
1187 1132 1353 1183 quibus
1374 1133 1571 1183 pecunia
1592 1133 1784 1173 debeba-

156 1212 244 1256 tur,
271 1216 470 1256 quorum
490 1215 690 1254 magnus
710 1209 810 1243 erat
831 1214 1067 1243 numerus.

237 1275 440 1326 Quidam
466 1275 584 1314 alius
611 1273 771 1325 frater,
801 1274 987 1314 nomine
1022 1273 1299 1325 Dionysius,
1339 1286 1536 1326 corpore
1563 1280 1607 1314 et
1634 1281 1786 1315 aetate

158 1357 357 1398 parvus,
383 1346 461 1397 qui
482 1345 539 1385 ob
562 1345 811 1385 adversam
832 1344 1149 1385 valetudinem
1175 1345 1415 1385 nobiscum
1442 1346 1604 1385 audire
1634 1346 1786 1398 prohi-

157 1418 306 1458 bitum
328 1429 430 1457 esse
458 1416 645 1468 scripsi,
677 1417 724 1456 in
751 1416 877 1456 aliud
907 1416 1128 1467 oppidum
1152 1428 1246 1456 non
1273 1417 1468 1456 multum
1494 1417 1692 1468 distans,
1723 1417 1786 1456 di-

159 1494 286 1528 ctum
306 1487 517 1538 Monson,
543 1488 719 1539 aliquot
740 1487 900 1527 diebus
916 1487 1086 1526 missus
1107 1492 1175 1526 est
1196 1493 1245 1526 ut
1266 1498 1438 1538 pueros
1460 1488 1648 1528 doceret
1669 1488 1786 1527 chri-

157 1560 359 1599 stianam
389 1559 668 1609 doctrinam3
706 1558 784 1609 qui
818 1557 1086 1608 ingrediens
1121 1556 1362 1609 oppidum,
1395 1558 1527 1598 vicos
1555 1560 1787 1610 percurrit

158 1632 352 1682 pulsans
371 1630 732 1670 tintinnabulum
753 1641 842 1680 quo
864 1640 1034 1680 pueros
1061 1629 1108 1668 in
1135 1629 1356 1680 templum
1381 1635 1706 1680 congregaret.
1737 1630 1786 1669 ln

159 1701 304 1752 initio,
328 1707 517 1752 propter
544 1701 611 1741 rei
631 1700 903 1750 novitatem,
926 1699 1055 1740 illudi
1076 1699 1133 1739 ab
1163 1699 1426 1740 hominibus
1448 1705 1492 1739 et
1519 1700 1787 1741 mulieribus

158 1772 325 1824 coepit.
346 1772 540 1823 Deinde,
564 1771 720 1811 multis
740 1777 931 1823 propter
947 1771 1016 1811 rei
1031 1771 1290 1811 novitatem
1308 1771 1367 1811 ad
1383 1772 1604 1822 templum
1621 1783 1786 1812 conve-

161 1843 416 1894 nientibus,
440 1854 545 1883 cum
566 1844 709 1882 multa
731 1842 829 1894 ipse
850 1854 990 1893 super
1009 1848 1284 1893 praecepto,
1309 1842 1432 1893 quod
1458 1854 1628 1893 pueros
1655 1843 1787 1883 doce-

160 1915 254 1965 bat,
276 1914 563 1965 protulisset,
587 1925 845 1964 permagna
865 1924 1047 1964 quoque
1067 1913 1192 1964 ipsos
1212 1912 1398 1953 devotio
1420 1913 1561 1964 cepit,
1586 1920 1635 1954 ut
1657 1915 1713 1954 ab
1735 1926 1789 1954 eo

104 2016 128 2038 f
163 1996 455 2036 summopere
476 1985 756 2036 postularint
776 1984 1023 2035 optimates
1045 1984 1256 2035 sequenti
1277 1984 1349 2023 die
1369 1984 1576 2033 veneris,
1600 1996 1690 2035 quo
1718 1985 1790 2025 die

163 2056 226 2096 ad
262 2056 496 2096 docendos
523 2067 692 2107 pueros
713 2060 1005 2106 perrexerat,
1037 2060 1087 2094 ut
1113 2055 1410 2105 evangelium
1438 2056 1673 2106 sequentis
1701 2056 1791 2096 diei

166 2126 386 2167 dominici
406 2125 587 2166 videret
609 2132 747 2177 atque
767 2125 880 2177 ipsis
907 2131 1161 2176 exponeret
1189 2124 1428 2175 (carebant
1455 2126 1576 2166 enim
1608 2127 1790 2167 concio-

166 2197 366 2248 natore).
398 2197 636 2237 Postulata
661 2196 793 2247 fecit,
823 2195 960 2247 idque
988 2207 1093 2235 cum
1121 2207 1295 2247 magna
1317 2197 1523 2236 omnium
1543 2197 1792 2238 devotione

164 2275 211 2309 et
232 2268 555 2308 admiratione.
583 2267 716 2318 Quod
737 2267 877 2307 etiam
897 2267 1109 2318 sequenti
1130 2267 1202 2307 die
1223 2267 1459 2308 dominica
1480 2268 1608 2320 fecit,
1637 2275 1791 2320 peten-

167 2340 290 2380 tibus
310 2339 447 2391 ipsis,
470 2351 556 2378 nec
576 2338 720 2379 defuit
742 2338 818 2390 qui
839 2339 1084 2378 clamaret:
1109 2338 1271 2378 beatus
1301 2342 1482 2386 venter,
1510 2339 1594 2390 qui
1619 2343 1662 2379 te
1683 2345 1793 2391 por-

166 2411 309 2461 tavit,
330 2416 416 2450 etc.
441 2409 618 2449 Petitur
641 2408 792 2449 adhuc
814 2409 871 2449 ab
893 2409 980 2459 eis3
1014 2409 1123 2461 quid
1144 2415 1301 2449 autem
1325 2409 1374 2450 P.
1405 2410 1678 2451 Emmanuel
1707 2411 1793 2452 Go-

167 2482 319 2532 -dinus,
343 2481 476 2520 nobis
497 2480 805 2532 praeposituS,
824 2479 1034 2520 facturus
1052 2480 1110 2520 sit
1130 2481 1314 2532 ignoro.

248 2552 324 2593 Ad
351 2552 473 2592 idem
507 2551 727 2603 oppidum
760 2551 930 2591 missus
964 2558 1032 2592 est
1059 2559 1336 2604 praeceptor
1362 2558 1521 2593 noster
1546 2553 1593 2593 in
1628 2553 1796 2593 hebdo-

170 2622 311 2663 mada
338 2629 523 2672 sancta,
554 2622 601 2662 in
633 2633 724 2673 qua
751 2622 808 2662 ab
835 2622 999 2663 studiis
1035 2629 1270 2663 cessatum
1305 2629 1394 2674 est,
1432 2624 1525 2675 qui,
1551 2624 1699 2665 tribus
1736 2625 1797 2681 ibi

168 2693 331 2734 diebus
351 2700 575 2742 moratUS,
597 2699 692 2733 tres
714 2693 963 2734 conciones
985 2705 1091 2734 cum
1111 2705 1284 2745 magno
1305 2695 1545 2735 hominum
1567 2707 1798 2735 concursu

169 2771 215 2805 et
237 2765 556 2805 consolatione
577 2764 735 2804 habuit
753 2796 760 2815 ,
786 2776 983 2815 quarum
1004 2777 1095 2805 una
1117 2766 1349 2817 persuasit
1371 2772 1419 2805 ut
1440 2766 1633 2817 quisque
1655 2767 1798 2818 quoti-

170 2837 264 2887 die,
289 2842 539 2887 antequam
561 2835 620 2875 ad
641 2835 964 2876 dormiendum
984 2836 1250 2885 accederet,
1279 2837 1510 2876 transacti
1537 2836 1628 2876 diei
1657 2849 1799 2889 opera

173 2907 474 2958 expenderet,
499 2913 543 2946 et
565 2918 592 2946 a
613 2906 828 2956 Domino,
852 2907 891 2947 si
911 2906 1020 2958 quid
1042 2907 1194 2947 minus
1214 2908 1330 2947 bene
1353 2909 1653 2949 commissum
1675 2909 1799 2949 inve-

174 2978 341 3028 nisset,
366 2977 553 3017 veniam
575 2977 853 3028 postularet3
876 2977 993 3018 haec
1015 2984 1171 3018 autem
1191 2983 1236 3018 et
1256 2979 1349 3019 alia
1379 2979 1569 3029 similia,
1602 2979 1715 3031 ipsis
1743 2983 1800 3022 ab
