2074 3179
201 176 225 215 6
845 178 918 216 AD
947 178 1187 218 LECTOREM

201 273 368 314 litteris
398 280 731 326 congererent,
765 286 881 326 quas
912 281 1079 326 quarto
1107 287 1290 327 quoque
1321 288 1501 328 mense,
1531 279 1729 330 scilicet,
1760 281 1834 333 Ja-

201 351 390 403 nuario,
419 351 546 404 Majo
576 357 620 392 et
650 350 934 403 Septembri,
965 351 1163 393 Romam
1194 353 1446 394 mitterent.
1475 353 1546 395 De
1573 356 1738 407 quibus
1765 358 1831 398 lit-

201 426 334 478 teris,
359 427 591 480 quomodo
615 427 932 468 conficiendae
955 434 1000 468 et
1021 429 1161 469 etiam
1183 430 1239 470 de
1262 430 1423 470 tutiori
1449 431 1728 484 certiorique
1757 434 1833 473 via

201 505 471 557 quaerenda
503 506 563 546 ad
592 518 673 546 eas
699 505 899 546 Romam
935 507 1341 558 transmittendas,
1373 509 1585 561 longam,
1621 522 1684 550 ex
1717 521 1834 551 com-

200 582 425 623 missione
451 582 641 634 Ignatii,
681 583 740 623 ad
776 595 938 623 omnes
973 582 1220 624 Societatis
1251 584 1417 624 domos
1447 585 1571 626 misit
1604 587 1836 629 Polancus

201 661 447 712 epistolam
481 672 563 701 seu
590 661 965 701 Instructionem
995 662 1046 701 27
1073 662 1182 715 Julii
1211 674 1334 703 anno
1369 662 1467 702 1547
1495 663 1676 715 datam,
1706 665 1837 717 cujus

201 739 356 791 capita
388 739 664 791 praecipua,
704 745 753 780 ut
783 740 860 780 lex
890 739 1059 790 forent,
1098 751 1217 791 quae
1249 739 1531 781 Societatem
1565 742 1838 784 universam

201 817 535 868 obstringeret,
559 817 606 857 in
634 816 1037 857 Constitutionum
1057 824 1194 869 parte
1214 818 1343 868 VIII,
1365 830 1403 858 c.
1428 830 1462 867 1,
1487 818 1511 868 ξ
1531 818 1556 857 9
1577 825 1620 859 et
1642 819 1756 860 decl.
1780 820 1834 860 N.

200 894 376 935 inserta
396 900 559 946 postea
581 894 638 934 ab
660 894 761 946 ipso
784 894 965 945 Ignatio
993 894 1137 935 fuere.

279 972 379 1012 Has
409 972 553 1024 igitur
580 972 782 1023 litteras,
813 978 1039 1024 quotquot
1069 973 1116 1013 in
1143 972 1387 1013 tabulariis
1413 980 1510 1014 tum
1537 974 1710 1014 nostris
1741 980 1838 1014 tum

200 1051 364 1091 alienis
393 1050 673 1102 reperimus,
706 1049 782 1090 hic
813 1050 915 1101 tibi,
949 1051 1094 1090 lector
1124 1051 1371 1102 benevole,
1406 1050 1665 1101 offerimus,
1701 1057 1751 1092 ut
1783 1052 1840 1092 iis

199 1127 412 1179 Polanci,
451 1127 717 1179 Orlandini,
747 1127 1092 1168 Rivadeneirae
1124 1135 1168 1168 et
1200 1128 1398 1169 aliorum
1424 1128 1645 1169 historias
1675 1129 1839 1169 confir-

198 1217 347 1257 mare,
381 1205 617 1246 elucidare
648 1210 692 1245 et
727 1206 868 1245 etiam
903 1205 1184 1257 quandoque
1214 1205 1463 1246 emendare
1492 1206 1669 1246 valeas.
1704 1205 1840 1256 (Vide

198 1283 550 1335 paragraphum
595 1282 807 1323 ultimam
854 1270 1194 1333 Praefatiom's
1248 1283 1296 1323 in
1334 1282 1555 1323 Historia
1589 1283 1840 1323 societatis

198 1361 320 1414 Jesu
341 1373 369 1401 α
391 1360 441 1401 Ρ.
464 1360 683 1401 POLANco
711 1359 918 1411 scripta,
946 1362 1041 1401 vol.
1075 1373 1108 1410 Ι,
1138 1371 1248 1413 pag.
1270 1360 1329 1410 8.)
1358 1361 1451 1401 Eas
1467 1359 1600 1412 juxta
1627 1361 1674 1401 id
1701 1360 1838 1413 quod,

199 1445 450 1491 antequam
488 1439 604 1478 haec
643 1437 945 1478 MONUMENTA
985 1438 1123 1478 edere
1159 1438 1494 1490 inceperimus,
1530 1438 1613 1478 tibi
1646 1438 1838 1490 polliciti

199 1528 379 1568 sumus,
411 1528 466 1557 ea
498 1517 659 1567 lingua
680 1521 725 1556 et
747 1516 1109 1568 orthographia,
1144 1528 1236 1568 qua
1264 1516 1403 1568 primi
1434 1527 1596 1556 earum
1625 1521 1843 1557 auctores

199 1594 271 1634 usi
292 1599 419 1645 sunt,
443 1593 570 1634 haud
596 1594 863 1645 immutata,
896 1594 985 1634 nisi
1015 1594 1093 1634 ubi
1121 1605 1254 1634 error
1282 1593 1475 1634 evidens
1502 1599 1591 1645 est,
1621 1594 1840 1633 transcri-

199 1672 376 1712 bemus.
418 1671 739 1722 Quarumdam
777 1677 937 1712 tamen
974 1671 1169 1711 latinam
1208 1671 1494 1722 versionem,
1537 1682 1678 1723 quam
1715 1671 1843 1711 nacti

170 1804 172 1806 v
201 1760 380 1800 sumus,
410 1749 512 1801 ipso
539 1748 745 1790 Polanco
773 1755 853 1790 aut
882 1749 1112 1801 dirigente
1140 1757 1220 1790 aut
1255 1749 1531 1789 emendante
1563 1748 1841 1800 confectam,

200 1827 341 1868 etiam
361 1825 677 1878 subjiciemus

280 1904 512 1956 Tandem,
537 1905 576 1944 si
596 1903 716 1944 forte
745 1916 889 1945 unum
919 1905 1181 1945 alterumve
1202 1917 1260 1945 ex
1281 1904 1354 1945 his
1381 1904 1694 1944 monumentis
1714 1915 1844 1955 repe·

201 1984 338 2035 reris,
364 1983 488 2035 quod
508 1983 556 2023 in
575 1983 694 2024 libro
717 1984 873 2036 aliquo
895 1984 978 2024 tibi
999 1984 1189 2035 cognito
1211 1983 1293 2024 sed
1320 1983 1455 2024 nobis
1480 1983 1641 2034 ignoto
1669 1982 1843 2022 editum

197 2060 294 2112 jam
313 2060 474 2112 suerit,
497 2073 556 2101 ne
576 2060 712 2101 nobis
732 2071 1035 2111 succenseas3
1064 2072 1158 2101 non
1186 2060 1309 2101 enim
1335 2071 1497 2101 omnes
1522 2059 1684 2100 videre
1710 2058 1846 2099 nobis

200 2138 329 2178 licuit
348 2138 492 2178 libros
514 2138 570 2178 de
600 2138 740 2178 rebus
766 2137 1015 2179 Societatis
1046 2138 1218 2189 editos,
1248 2143 1293 2178 et
1323 2137 1503 2189 gratius
1534 2135 1643 2188 quid
1671 2136 1754 2176 tibi
1780 2135 1845 2175 fa-

204 2221 362 2256 cturos
382 2216 781 2267 existimavimus,
807 2217 846 2256 si
866 2217 914 2256 in
935 2216 1024 2256 hac
1052 2227 1102 2256 re
1131 2216 1371 2256 abundare
1400 2214 1554 2266 potius
1580 2225 1719 2266 quam
1741 2212 1844 2254 defi—

204 2304 309 2333 cere
330 2292 591 2333 mallemus.

857 2601 913 2642 A.
948 2600 1008 2641 M.
1042 2601 1100 2642 D.
1135 2600 1191 2642 G.
