2074 3179
854 134 935 170 Ax.
967 134 1058 171 1552
1704 136 1775 173 607

864 586 1050 641 CXLI

211 824 466 871 Alphonsus
486 823 659 870 Davila,

259 887 328 925 Ex
347 887 668 924 commissione
689 887 832 925 Patris
852 887 1080 925 Michaelis
1100 887 1153 925 de
1173 886 1351 932 Torres,

308 954 428 990 Patri
446 953 614 1000 Ignatio
635 953 687 989 de
707 953 892 1000 Loyola.

353 1017 637 1063 Salmantica,
658 1018 705 1053 30
726 1017 891 1065 Aprilis
913 1017 1004 1055 1552
1025 1018 1048 1053 ¹.

910 1137 1008 1213 Πῗῑε,

221 1296 354 1347 Quod
382 1308 430 1336 se
458 1296 610 1347 offert,
641 1297 908 1337 venerande
938 1297 1096 1348 Pater,
1127 1303 1313 1348 praeter
1347 1309 1414 1347 ea,
1450 1309 1568 1348 quae
1604 1297 1774 1337 abhinc

136 1373 338 1419 quatuor
364 1367 598 1407 mensibus
626 1367 796 1407 missae
825 1368 1007 1408 litterae
1041 1368 1488 1419 complectebantur,
1527 1367 1658 1419 cujus
1689 1368 1771 1408 Pa-

137 1439 404 1478 ternitatem
438 1444 566 1478 tuam
601 1439 850 1478 certiorem
880 1439 1037 1479 facere
1072 1439 1256 1489 deceat,
1294 1439 1340 1479 id
1374 1440 1449 1479 vel
1488 1439 1692 1479 maxime
1728 1439 1773 1478 in

137 1509 403 1561 praesentia
425 1517 509 1561 est,
532 1508 684 1550 Deum
702 1516 928 1561 nostrum,
948 1510 1068 1550 sicut
1086 1510 1516 1560 indulgentissimus
1535 1516 1604 1550 est
1621 1516 1770 1562 pater,

137 1581 201 1620 ita
223 1592 246 1620 e
267 1580 553 1631 benignitate
575 1591 659 1620 sua
680 1580 1108 1632 frequentissimam
1129 1588 1173 1621 et
1195 1581 1479 1621 uberrimam
1506 1581 1621 1621 satis
1643 1592 1770 1621 exer-

137 1651 410 1691 citationum
430 1651 612 1702 copiam
634 1651 768 1691 nobis
788 1652 1015 1703 praebere
1035 1658 1176 1703 atque
1196 1652 1574 1692 subministrare:
1605 1651 1652 1691 in
1680 1651 1776 1702 qui-

139 1723 224 1762 bus
253 1722 351 1762 sine
382 1722 726 1762 intermissione
756 1723 873 1774 ulla,
905 1722 1001 1774 ejus
1029 1721 1256 1774 adjutrice
1285 1729 1329 1763 et
1357 1723 1587 1773 largiente
1617 1734 1773 1771 manu,

138 1805 384 1833 versamur
418 1805 806 1845 exercemurque‚
851 1794 976 1834 haud
1019 1794 1118 1834 sine
1158 1805 1332 1846 magna
1376 1794 1563 1846 quidem
1602 1794 1776 1834 Christi

139 1864 342 1904 fidelium
363 1869 408 1903 et
428 1864 624 1904 utilitate
645 1871 688 1904 et
710 1865 939 1917 spirituali
961 1864 1298 1905 aedificatione.
1329 1865 1618 1908 Confitentur
1651 1865 1773 1905 enim

142 1941 186 1975 et
207 1935 253 1975 in
275 1935 396 1974 illius
418 1936 692 1986 angelorum
718 1937 853 1987 panis
873 1936 1102 1976 fractione
1130 1942 1299 1976 octavo
1327 1948 1510 1988 quoque
1539 1936 1611 1976 die
1640 1937 1776 1988 pleri-

143 2018 231 2057 que
253 2005 525 2045 scholastici
547 2006 788 2046 nobiscum
809 2007 1175 2046 communicant:
1200 2019 1398 2058 quorum
1419 2018 1662 2058 numerus,
1689 2007 1776 2047 etsi

141 2076 594 2129 quinquagenarium
633 2089 727 2117 non
768 2078 988 2128 excedat,
1027 2076 1175 2128 major
1216 2083 1372 2117 tamen
1413 2078 1581 2129 quippe
1621 2084 1690 2117 est
1730 2084 1774 2117 et

139 2147 369 2199 grandior
399 2157 538 2198 quam
565 2148 874 2198 quorumdam
908 2148 1140 2199 malignus
1170 2154 1215 2188 et
1243 2148 1528 2188 christianae
1562 2148 1777 2188 felicitati

141 2219 382 2270 religionis
410 2219 596 2260 invidus
629 2225 905 2258 eventurum
940 2219 1076 2259 nobis
1110 2219 1442 2270 praesagiebat
1472 2219 1669 2259 animus.
1710 2220 1777 2259 Eo

142 2291 422 2341 praesertim
456 2289 577 2342 quod
611 2301 772 2330 eorum
806 2290 951 2340 multi,
976 2301 1069 2329 non
1099 2301 1158 2329 ex
1188 2289 1344 2330 infima
1378 2290 1511 2341 plebe
1540 2290 1621 2330 sed
1656 2291 1776 2330 inter

141 2367 356 2401 caeteros
377 2361 512 2413 hujus
532 2360 887 2411 Universitatis,
910 2366 1008 2403 tum
1028 2361 1216 2411 generis
1237 2361 1480 2401 nobilitate
1509 2362 1772 2412 clarissimi,

141 2439 242 2472 tum
262 2432 450 2483 ingenio
471 2431 885 2483 praestantissimi,
917 2438 1297 2471 annumerentur.
1331 2431 1427 2471 Nec
1455 2431 1622 2472 desunt
1652 2431 1774 2479 huic,

201 2568 212 2588 ¹
252 2567 500 2601 Autographae
525 2565 662 2593 litterae
687 2569 763 2593 sunt
786 2566 819 2593 in
842 2566 921 2593 folio
946 2566 1070 2600 duplici
1094 2573 1149 2595 nn.
1176 2566 1226 2593 180
1249 2570 1282 2593 et
1306 2566 1469 2594 ish—Est
1493 2571 1527 2594 et
1553 2575 1671 2594 earum
1693 2569 1778 2595 sati<

149 2615 409 2642 emendatarum
425 2618 457 2640 et
480 2614 738 2640 decurtatarum
752 2613 988 2648 apographum
1003 2613 1036 2640 in
1051 2613 1106 2640 fol.
1128 2613 1162 2640 88
1178 2613 1259 2641 Cod.
1277 2614 1459 2641 libis—Nos
1474 2608 1528 2641 hic
1545 2615 1779 2649 autographas

148 2662 420 2689 transcribimus.
434 2661 471 2688 In
486 2661 542 2695 iis,
559 2665 594 2688 ut
613 2661 740 2694 legenti
755 2660 855 2688 facile
871 2664 979 2695 patet,
997 2661 1168 2688 iterantur
1189 2661 1313 2695 multa,
1337 2669 1422 2695 quae
1449 2661 1481 2689 in
1506 2662 1650 2695 litteris,
1664 2662 1780 2689 eodem

144 2711 197 2737 die
214 2714 246 2737 et
265 2711 337 2736 loco
351 2709 450 2742 datis,
472 2716 555 2742 quas
567 2709 672 2735 habes
690 2708 745 2735 hic
759 2709 819 2735 sub
841 2716 872 2735 n.
898 2708 1083 2741 CXXXIX,
1106 2707 1279 2742 hispanice
1305 2709 1484 2736 enarravit
1500 2709 1783 2737 Bartholomaeus

146 2756 461 2786 Hernandez.—H·ie
477 2756 672 2790 Alphonsus
687 2755 831 2790 Davila,
853 2764 911 2783 seu
924 2756 1038 2790 potius
1054 2757 1096 2783 de
1114 2756 1236 2789 Avila,
1249 2758 1351 2790 paulo
1366 2761 1443 2790 post
1458 2764 1559 2790 quam
1574 2756 1783 2784 Societatem

144 2805 318 2839 ingressus
333 2809 392 2837 cst,
409 2810 528 2830 nomen
543 2803 691 2830 mutavit
707 2807 740 2830 et
755 2803 873 2830 vocari
888 2803 1000 2837 coepit
1016 2803 1191 2830 Basilius.
1211 2803 1296 2838 Ejus
1308 2807 1407 2838 gesta
1420 2804 1496 2831 vide
1517 2804 1550 2831 in
1565 2804 1726 2831 Historia
1739 2805 1782 2831 de

146 2853 180 2879 la
196 2851 395 2878 Asistencia
412 2851 453 2878 de
468 2851 615 2885 Espatia
631 2851 734 2883 (mss.)
748 2858 810 2885 por
826 2851 856 2877 el
879 2851 913 2878 P.
928 2850 963 2877 P.
979 2858 1022 2877 DE
1037 2850 1291 2883 RivimENEmA,
1307 2852 1328 2878 1.
1343 2859 1378 2885 11,
1391 2859 1464 2886 cap.
1484 2852 1510 2886 9,
1526 2855 1559 2879 et
1574 2851 1608 2878 in
1619 2851 1782 2879 Historia

147 2901 189 2926 de
205 2900 239 2926 Ia
257 2899 447 2925 Provincia
463 2898 504 2924 de
520 2897 730 2930 Andalmm,
746 2898 941 2925 auctoribus
963 2897 1118 2926 MAero
1140 2905 1183 2924 DE
1205 2897 1279 2925 RoA
1301 2903 1333 2926 et
1354 2898 1486 2931 JOANNE
1507 2898 1736 2931 SAxnvasssz,
1752 2903 1785 2926 et

149 2948 182 2974 in
197 2954 297 2981 opere
322 2945 476 2973 Varones
488 2945 635 2972 ilustren
651 2945 741 2972 dela
758 2945 949 2980 Compam'a
965 2945 1007 2972 de
1021 2945 1141 2980 jesus,
1156 2949 1178 2973 t.
1194 2948 1241 2979 1'x,
1257 2953 1333 2980 pag.
1349 2946 1366 2972 7
1380 2949 1414 2972 et
1429 2953 1497 2980 seq.
