2074 3179
877 150 957 187 ΑΝ.
990 151 1074 187 1551
1724 152 1793 189 403

166 248 347 300 publice
369 260 474 288 cum
495 260 579 288 sua
602 248 860 287 concubina
881 248 1111 287 manebat.
1137 247 1356 287 Libenter
1382 258 1469 286 nos
1490 248 1668 288 audivit
1692 259 1791 298 pro-

167 319 381 370 misitque
403 318 776 358 emendationem
797 319 844 358 in
866 319 1092 358 omnibus.

246 389 355 428 Post
383 389 504 428 diem
532 400 674 428 unum
703 396 781 428 aut
812 390 1028 438 alterum,
1060 400 1164 428 cum
1192 400 1294 428 mea
1322 388 1511 439 negotia
1534 389 1793 439 expedivis-

168 471 281 509 sem,
305 459 362 499 ad
385 459 623 499 civitatem
651 460 923 511 quamdam,
947 459 1045 499 Tiel
1071 458 1079 477 ¹
1109 459 1304 508 dictam,
1334 459 1573 510 profectus
1603 459 1681 508 fui,
1717 460 1791 498 ubi

169 530 432 570 humaniter
453 543 478 570 a
501 530 702 581 quodam
723 531 925 581 primatu
953 530 1155 569 civitatis
1182 535 1397 581 receptus
1422 529 1512 579 fui,
1543 530 1621 581 qui
1652 530 1795 569 filium

167 613 301 641 suum
324 608 425 652 post
447 613 620 640 annum
640 613 782 641 unum
803 601 863 641 ad
883 612 970 640 nos
991 600 1242 640 destinavit
1263 600 1460 651 mittere;
1479 600 1568 640 nisi
1587 600 1795 640 defectus

169 683 398 712 annorum
420 672 688 722 obstitisset,
708 671 804 723 jam
827 683 1007 711 mecum
1029 671 1265 723 profectus
1286 671 1463 711 fuisset.
1496 671 1547 710 In
1568 672 1656 711 hac
1685 671 1794 710 civi-

169 750 262 783 tate
284 744 478 783 multum
499 743 827 783 desiderabant
849 743 1028 794 aliquos
1056 743 1111 782 de
1138 741 1370 782 Societate
1397 742 1524 794 Jesu.

249 815 409 854 Altera
433 815 520 865 die,
541 815 743 864 negotiis
765 814 1013 865 expeditis,
1038 813 1274 865 profectus
1307 825 1408 853 sum
1434 813 1795 864 Noviomagum,

171 886 247 925 ubi
269 897 294 924 a
317 885 519 936 quodam
550 885 775 925 canonico
804 885 941 924 valde
970 885 1110 924 etiam
1138 884 1416 924 charitative
1443 890 1689 935 susceptus
1715 884 1795 932 fui,

172 957 249 1007 qui
270 956 328 996 ad
350 955 632 996 Societatem
653 963 720 996 est
745 955 879 996 valde
902 955 1108 995 affectus.
1135 955 1251 995 Cum
1274 955 1348 994 hic
1366 967 1531 1004 essem,
1552 955 1691 995 amici
1711 955 1795 995 Re—

171 1027 361 1066 verendi
382 1027 431 1066 P.
455 1026 632 1067 Canisii
659 1027 854 1066 multum
879 1027 1115 1066 instabant
1143 1033 1192 1066 ut
1224 1027 1365 1066 semel
1388 1026 1447 1066 ad
1468 1038 1547 1066 eos
1568 1027 1793 1076 venirem;

171 1098 265 1148 sed,
291 1098 512 1149 quoniam
534 1098 695 1137 eodem
713 1098 784 1137 die
803 1097 913 1137 mihi
931 1096 1319 1148 proficiscendum
1337 1103 1437 1137 erat
1455 1097 1646 1148 navigio
1665 1097 1795 1137 Colo-

170 1169 312 1219 niam,
336 1181 429 1208 non
452 1169 528 1208 diu
550 1169 746 1208 haerere
767 1169 908 1219 potui.
934 1168 1049 1208 Cum
1065 1167 1162 1219 jam
1185 1168 1243 1207 ad
1266 1180 1345 1207 eos
1366 1168 1616 1216 venissem,
1641 1169 1797 1208 inveni

169 1239 361 1279 fratrem
377 1239 468 1279 Rdi
489 1238 538 1278 Ρ.
559 1239 749 1288 Canisii,
770 1239 848 1290 qui
864 1244 1055 1290 propter
1072 1238 1401 1289 infirmitatem,
1422 1239 1597 1279 relictis
1615 1239 1674 1279 ad
1690 1246 1800 1279 tem-

170 1323 256 1363 pus
278 1312 465 1362 studiis,
490 1311 547 1350 ad
570 1311 772 1362 patriam
800 1310 1034 1362 profectus
1056 1316 1175 1359 erat,
1206 1310 1287 1349 sed
1313 1309 1409 1360 jam
1438 1310 1554 1350 bene
1584 1311 1800 1351 habebat.

171 1383 321 1423 Valde
343 1383 402 1423 ad
431 1382 713 1423 Societatem
737 1382 850 1435 Jesu
877 1389 945 1422 est
974 1381 1183 1421 affectus.
1212 1380 1469 1432 Postquam
1496 1382 1617 1421 bona
1647 1383 1803 1433 aliqua

171 1455 290 1494 inter
310 1466 395 1494 nos
426 1454 805 1504 contulissemus,
836 1460 1060 1504 quantum
1088 1459 1270 1504 tempus
1297 1453 1584 1504 patiebatur,
1616 1453 1803 1493 tandem

172 1524 377 1565 valedixi
397 1525 439 1565 ei
459 1525 505 1564 in
527 1525 686 1564 osculo
707 1524 838 1576 pacis
860 1530 903 1564 et
925 1524 1184 1574 charitatis,
1207 1530 1251 1564 et
1268 1523 1453 1564 Christo
1472 1523 1582 1576 Jesu
1600 1523 1802 1564 Domino

171 1602 331 1636 nostro
353 1595 696 1646 commendavi;
720 1596 819 1647 ipse
838 1607 953 1635 vero
975 1607 1079 1635 cum
1102 1596 1350 1645 canonice,
1382 1607 1485 1635 meo
1516 1595 1722 1646 hospite,
1758 1596 1803 1635 in

169 1679 322 1718 genua
343 1668 631 1718 provolutus,
656 1666 1024 1707 benedictionem
1046 1678 1072 1706 a
1093 1678 1165 1706 me
1187 1666 1439 1717 petierunt,
1463 1666 1622 1706 tunica
1643 1678 1715 1706 me
1737 1674 1799 1706 te-

169 1744 332 1778 nentes
351 1750 408 1778 ne
430 1738 694 1788 evaderem;
718 1750 808 1789 quo
831 1738 1097 1789 spectaculo
1121 1738 1314 1777 multum
1336 1738 1383 1777 in
1404 1749 1476 1777 me
1494 1737 1715 1777 confusus
1732 1737 1797 1777 fui

171 1808 226 1849 de
262 1815 392 1849 tanta
426 1820 588 1848 eorum
617 1808 890 1848 humilitate.
925 1807 1000 1848 Sic
1036 1814 1242 1856 coactus,
1281 1808 1394 1859 ipsis
1429 1809 1804 1848 benedictionem

172 1880 284 1919 dare
305 1880 454 1919 debui.

251 1950 301 1990 In
339 1951 464 2001 navi,
501 1950 743 1990 Coloniam
776 1949 1092 2001 proficiscenS,
1131 1949 1482 1989 exhortationes
1523 1950 1665 1990 habui
1698 1962 1803 1990 cum

110 2026 113 2028 “
171 2032 344 2071 magna
362 2021 568 2060 omniurn
584 2020 920 2069 aedificatione;
940 2020 1083 2059 multa
1097 2019 1405 2059 audiebantur
1417 2021 1635 2071 suspiria,
1653 2022 1806 2072 lacry-

173 2103 276 2131 mae
296 2091 610 2131 fundebantur
631 2103 736 2131 cum
763 2091 968 2130 melioris
994 2091 1120 2130 vitae
1147 2091 1410 2142 proposit03
1442 2091 1698 2142 lutherani,
1729 2093 1807 2143 qui

173 2168 446 2214 praesentes
483 2168 636 2212 erant,
685 2161 742 2201 ab
778 2172 940 2201 eorum
981 2161 1226 2201 calumniis
1268 2161 1576 2211 desistebant3
1618 2162 1808 2213 quidam

175 2234 315 2274 etiam
337 2232 588 2283 studiosus,
614 2233 691 2284 qui
713 2232 847 2271 nobis
869 2232 1045 2281 aderat,
1070 2231 1351 2283 promiserat
1373 2243 1422 2271 se
1443 2232 1731 2283 frequentius
1748 2234 1807 2273 ad

178 2315 264 2344 nos
284 2309 536 2343 venturum
557 2302 806 2342 confitendi
827 2302 996 2353 gratia.
1231 2294 1233 2296 ’

255 2374 477 2415 Coloniae
496 2374 635 2413 etiam
653 2373 1021 2413 confessionibus
1040 2373 1282 2413 audiendis
1302 2380 1559 2425 occupatus
1575 2374 1654 2415 fui:
1675 2375 1809 2414 multi

175 2446 317 2486 etiam
352 2445 548 2485 studiosi
585 2444 644 2485 ad
678 2456 765 2484 nos
801 2444 993 2484 veniunt
1024 2444 1134 2484 boni
1169 2444 1345 2496 aliquid
1380 2444 1599 2485 audiendi
1633 2446 1802 2496 gratia.

174 2516 306 2557 Multi
327 2516 468 2556 etiam
491 2515 685 2555 studiosi
708 2515 962 2556 adveniunt
983 2527 1088 2555 cum
1109 2521 1243 2555 sexta
1270 2515 1386 2555 feria
1416 2528 1441 2556 a
1474 2517 1648 2556 nostris
1669 2517 1807 2557 habe-

174 2594 249 2628 tur
270 2588 421 2628 oratio
445 2586 767 2627 exhortatoria
790 2585 848 2626 ad
876 2586 1112 2626 virtutem.
1142 2587 1310 2627 Paucis
1340 2586 1510 2627 abhinc
1538 2587 1700 2627 diebus
1731 2600 1807 2638 pa-

174 2666 245 2699 ter
279 2658 530 2699 confratris
560 2657 707 2697 nostri
737 2657 903 2697 Erardi
932 2656 945 2675 ‘²
974 2656 1248 2697 Leodiensis
1280 2657 1474 2698 adduxit
1505 2658 1639 2698 nobis
1667 2658 1806 2698 filium

176 2741 311 2770 suum
332 2728 571 2780 majorem,
595 2739 732 2779 quem
752 2728 951 2768 habebat
972 2728 1018 2767 in
1040 2728 1224 2778 studiis;
1249 2739 1387 2780 quem
1408 2740 1514 2768 cum
1542 2730 1810 2770 videremus

233 2866 241 2885 ¹
281 2865 368 2892 Vide
383 2865 551 2898 Pomm-co,
577 2863 707 2896 Clzron„
728 2867 750 2890 t.
774 2870 807 2894 ιι,
829 2871 907 2898 pag.
927 2862 981 2891 533
1001 2868 1034 2891 et
1057 2864 1089 2890 in
1111 2864 1228 2891 eodem
1254 2867 1344 2890 tomo
1368 2865 1636 2898 geographicum
1651 2865 1807 2900 indicem,

177 2922 255 2948 pag.
270 2914 336 2940 815.

234 2963 246 2980 ·-'
284 2961 407 2988 Erardi
426 2961 583 2988 Dawant.
