2074 3179
271 181 345 218 550
786 185 1015 223 LITTERAE
1043 197 1401 229 QUADRIMESTRES

273 284 374 319 tum
395 279 445 320 in
462 291 658 332 genere,
684 281 738 321 de
761 282 1010 334 disciplina
1031 285 1329 336 suscipienda
1351 287 1511 328 diebus
1533 291 1718 330 veneris
1741 292 1909 342 ageba—

271 356 361 400 tur,
386 352 698 403 spargebatur
719 353 937 393 mulieres
958 353 1228 406 frequenter
1255 360 1655 402 communicantes
1680 362 1910 414 flagellari

272 423 416 462 semel
446 423 493 462 in
520 423 812 463 hebdomada
844 436 871 464 a
898 425 995 464 suis
1025 425 1376 469 confessoribus
1409 436 1454 471 et
1487 433 1670 473 similia.
1708 433 1765 473 Et
1799 435 1909 485 quia

270 493 477 533 sciebam
506 494 733 544 quosdam
761 494 1048 545 singularem
1079 499 1378 540 sanctitatem
1408 512 1521 551 prae
1553 515 1601 543 se
1631 503 1834 544 ferentes
1866 512 1909 545 et

271 565 581 615 confessores,
602 566 771 617 quique
788 567 961 606 multos
981 568 1040 608 ad
1055 568 1347 621 frequentem
1364 572 1705 615 confessionem
1726 583 1770 616 et
1787 588 1908 616 com-

270 635 536 675 munionem
566 636 842 687 dirigenteS,
872 637 919 677 in
953 639 1110 679 multis
1144 641 1280 682 nobis
1313 643 1578 685 conformes
1611 646 1906 698 videbantur,

269 707 394 758 quia,
420 708 624 759 inquam,
650 709 856 749 sciebam
877 710 981 749 illos
1002 710 1092 751 hoc
1114 711 1238 752 dicto
1259 714 1375 754 vitio
1397 720 1441 755 et
1460 716 1565 756 aliis
1585 718 1783 768 privatis
1813 720 1908 770 qui-

270 779 468 818 busdam
490 779 710 829 infectos,
735 780 801 820 sic
823 781 962 832 longe
983 783 1136 834 magis
1158 784 1415 836 affligebar.
1439 786 1630 828 Interim
1650 795 1827 839 tamen,
1861 797 1909 830 ut

268 849 388 901 dixi,
415 850 521 902 quia
545 862 709 891 omnes
728 851 935 904 Jesuitae
957 860 1204 905 vocantur,
1229 856 1307 907 qui
1333 857 1450 897 bene
1480 858 1643 899 vivere
1673 860 1906 911 videntur,

268 919 337 959 sic
360 920 516 959 omnia
538 920 673 960 nobis
694 920 1034 974 tribuebantur,
1058 936 1144 964 nos
1166 926 1322 966 omnia
1343 927 1498 968 facere
1527 929 1811 970 dicebamur.
1841 931 1908 971 In-

268 995 461 1046 crepavi
483 996 627 1035 multo
649 1001 857 1047 tempore
876 996 1143 1047 praedictos
1165 997 1460 1038 confessores
1481 1011 1622 1051 super
1642 1001 1743 1041 istis
1764 1002 1906 1053 vitiis3

268 1064 411 1105 detuli
442 1072 486 1105 et
517 1067 742 1107 accusavi
771 1078 850 1106 eos
879 1067 1005 1118 apud
1031 1067 1125 1107 R.111
1151 1067 1248 1107 D.m
1276 1068 1622 1111 Cancellarium
1647 1072 1908 1113 Lovanien-

268 1147 389 1187 sem,
423 1137 501 1188 qui
523 1137 660 1177 modo
684 1138 730 1177 in
752 1137 962 1178 Concilio
986 1138 1103 1190 agit,
1128 1139 1193 1179 ita
1223 1146 1272 1179 ut
1300 1146 1345 1179 et
1371 1141 1622 1182 haereseos
1651 1143 1708 1183 ab
1735 1143 1923 1184 eisdem.

269 1209 394 1259 apud
421 1209 636 1249 eumdem
663 1208 1008 1250 Cancellarium
1039 1222 1293 1252 accusarer
1314 1212 1370 1251 ob
1392 1211 1438 1252 id
1460 1213 1584 1263 quod
1613 1220 1708 1254 tam
1739 1215 1909 1256 acriter

267 1279 382 1320 talia
416 1280 833 1331 reprehendebam.
867 1280 978 1321 Post
1014 1281 1192 1332 aliquot
1228 1282 1384 1333 itaque
1418 1283 1516 1323 dies
1550 1284 1792 1326 inventum
1823 1285 1908 1326 fuit

269 1352 503 1402 quomodo
522 1353 750 1404 quaedam
775 1353 953 1403 mulier,
974 1358 1023 1393 ut
1044 1365 1130 1393 nos
1148 1364 1391 1405 vocamus,
1411 1366 1492 1395 seu
1510 1356 1648 1407 virgo
1665 1357 1877 1408 Beghina
1899 1357 1905 1375 ¹

274 1423 450 1463 dictum
478 1423 683 1463 libellum
708 1423 995 1475 scripsisset,
1028 1429 1073 1464 et
1099 1424 1164 1464 ita
1192 1425 1333 1466 etiam
1362 1425 1473 1466 dicti
1500 1427 1795 1468 confessores
1824 1429 1908 1468 sub

265 1492 535 1545 juramento
556 1495 743 1535 fuerunt
767 1507 794 1535 a
814 1495 1015 1535 Rectore
1036 1496 1195 1537 vocati
1216 1502 1260 1536 et
1280 1509 1420 1549 super
1442 1498 1544 1538 istis
1565 1499 1843 1550 interrogati
1864 1506 1909 1540 et

268 1566 556 1617 reprehensi.
582 1566 791 1618 Cumque
813 1573 857 1606 et
877 1567 1018 1607 iidem
1039 1567 1443 1618 interrogarentur
1465 1581 1525 1609 an
1547 1570 1687 1610 etiam
1716 1581 1806 1621 ego
1838 1571 1910 1610 his

271 1637 398 1678 vitiis
426 1649 578 1677 essem
604 1638 889 1690 implicatus,
920 1638 1263 1689 responderunt
1297 1650 1369 1678 me
1404 1640 1530 1691 ipsos
1558 1640 1660 1680 istis
1688 1640 1744 1680 de
1772 1641 1910 1681 rebus

272 1709 467 1749 multum
490 1709 774 1761 increpasse.
795 1708 1023 1750 Omnibus
1045 1709 1202 1761 itaque
1224 1711 1443 1762 cognitis,
1467 1723 1552 1751 nos
1573 1723 1630 1751 ne
1652 1713 1795 1752 semel
1815 1713 1910 1764 qui-

270 1780 377 1821 dem
396 1780 569 1821 fuimus
590 1792 730 1832 super
751 1780 875 1821 dicto
895 1780 1049 1821 libello
1071 1786 1151 1821 aut
1173 1781 1220 1821 in
1241 1780 1405 1821 eodem
1427 1781 1625 1822 concilio
1646 1783 1805 1822 vocati
1832 1788 1912 1822 aut

269 1853 572 1903 interrogati,
598 1858 938 1903 cognoscentes
959 1852 1082 1903 quod
1104 1853 1217 1893 talia
1237 1853 1401 1904 procul
1423 1853 1591 1893 absunt
1617 1866 1644 1893 a
1671 1854 1820 1895 nobis.
1853 1855 1912 1894 Et

268 1924 337 1963 sic
359 1924 550 1964 tandem
571 1924 775 1965 edictum
796 1923 943 1976 istud,
967 1924 1091 1975 quod
1112 1930 1155 1964 et
1176 1923 1230 1964 R.
1254 1923 1313 1964 V.
1338 1924 1623 1973 transmitto,
1646 1924 1842 1976 factum,
1867 1931 1913 1965 et

269 1995 483 2035 omnibus
504 2001 668 2036 notum
688 2001 758 2036 est
778 2007 864 2036 nos
886 1996 934 2036 in
954 1996 1056 2036 istis
1072 1996 1381 2048 inculpabiles
1402 2008 1503 2036 esse
1521 2008 1528 2045 ;
1553 1996 1617 2036 ita
1638 2002 1687 2036 ut
1708 2008 1913 2037 commu-

267 2067 390 2106 niter
428 2060 702 2117 spargatur:
740 2068 894 2107 nullus
928 2073 1083 2119 potest
1118 2067 1273 2119 aptius
1303 2067 1503 2119 amplius
1530 2067 1743 2107 confiteri
1777 2073 1912 2107 extra

269 2150 404 2178 suam
424 2138 702 2190 parochiam
723 2139 811 2178 nisi
831 2139 897 2178 illi
918 2138 1106 2179 domino
1127 2149 1340 2185 roman0‚
1365 2138 1434 2178 sic
1463 2138 1587 2178 enim
1615 2149 1688 2177 me
1720 2144 1910 2178 vocant.

269 2209 326 2249 Et
354 2209 419 2249 ita
447 2210 539 2249 ista
570 2209 734 2249 eadem
761 2209 806 2249 in
842 2208 1068 2260 majorem
1097 2208 1348 2250 Societatis
1382 2209 1596 2249 notitiam
1631 2208 1820 2249 ducunt.
1855 2209 1912 2249 Et

269 2281 382 2333 quia
404 2293 462 2320 ex
484 2280 684 2320 diversis
705 2280 944 2331 parochiis
966 2280 1026 2320 ad
1046 2285 1258 2320 nostram
1288 2279 1567 2330 parochiani
1597 2279 1835 2319 confluunt
1865 2287 1912 2319 ut

267 2352 402 2393 nobis
418 2352 743 2402 confiteantur,
762 2364 848 2392 nec
866 2363 1050 2403 semper
1072 2351 1316 2392 commode
1332 2351 1433 2391 fieri
1452 2356 1606 2403 potest
1627 2356 1677 2390 ut
1697 2351 1757 2391 ad
1778 2362 1912 2390 suam

270 2423 545 2475 parochiam
566 2423 760 2464 redeant
782 2423 937 2475 ibique
959 2424 1319 2474 communicent,
1339 2423 1448 2463 hinc
1470 2422 1518 2463 fit
1535 2429 1584 2463 ut
1601 2429 1645 2463 et
1662 2423 1912 2463 consessio-

269 2505 353 2535 nes
381 2493 624 2534 audireet
661 2505 848 2534 sacram
881 2495 1231 2535 Eucharistiam
1264 2495 1593 2535 administrare
1628 2505 1789 2546 cogar,
1818 2506 1912 2534 non

330 2630 340 2650 ¹
379 2629 683 2665 “Beguine.—Nom
707 2630 746 2657 de
771 2630 941 2658 certaines
964 2630 1165 2665 religieuses
1186 2630 1244 2657 des
1268 2630 1444 2664 Pays-Bas
1467 2629 1690 2664 catholiques.
1705 2629 1717 2663 ΙΙ
1736 2629 1912 2664 L'opinion

272 2679 328 2711 qui
353 2678 469 2712 parait
495 2679 527 2705 la
552 2678 663 2705 mieux
688 2677 807 2704 sondee
832 2677 895 2705 fait
919 2678 1016 2705 venir
1040 2679 1070 2705 le
1096 2685 1173 2705 nom
1197 2678 1236 2705 de
1260 2679 1423 2712 beguines
1447 2677 1485 2704 dc
1510 2677 1627 2711 Begga
1642 2685 1683 2704 ou
1698 2677 1912 2712 Begge,1eur

271 2726 494 2758 institutrice,
511 2725 578 2753 fille
593 2726 633 2752 de
649 2725 754 2760 Pe'pin
770 2725 810 2751 de
826 2725 981 2758 Landen,
997 2725 1057 2759 qui'
1068 2725 1330 2760 conjointement
1347 2732 1432 2752 avec
1447 2732 1486 2751 sa
1501 2727 1591 2751 mere
1608 2724 1685 2757 Itte‚
1699 2732 1740 2751 ou
1751 2724 1910 2759 Juberge,

271 2773 372 2800 sonda
388 2774 417 2800 le
435 2775 569 2801 celebre
585 2775 780 2801 monastere
796 2773 835 2800 de
852 2773 997 2800 Nivelle.
1015 2772 1082 2800 Les
1097 2773 1259 2807 beguines
1278 2773 1394 2800 vivent
1416 2772 1458 2799 du
1474 2772 1603 2799 travail
1626 2772 1665 2799 de
1689 2773 1778 2799 leurs
1792 2772 1911 2805 mains,

272 2824 329 2847 ont
347 2829 391 2848 un
405 2828 509 2855 genre
525 2821 564 2848 de
580 2821 635 2848 vie
649 2821 705 2855 qui
722 2821 807 2848 tient
824 2821 853 2847 le
869 2820 985 2848 milieu
1000 2824 1096 2847 entre
1113 2821 1142 2847 le
1158 2820 1270 2854 laique
1288 2825 1319 2847 et
1337 2821 1367 2846 le
1384 2819 1562 2854 religieuX,
1579 2822 1612 2846 et
1628 2827 1666 2846 ne
1683 2819 1754 2846 sont
1765 2820 1859 2854 point
1872 2819 1911 2846 de

273 2877 409 2896 voeux...
433 2868 527 2896 Elles
551 2873 609 2896 ont
632 2877 676 2896 un
699 2869 796 2896 habit
819 2868 1021 2902 particulier
1043 2869 1116 2896 sor-t
1136 2868 1288 2895 modeste
1314 2871 1347 2895 et
1371 2868 1490 2895 vivent
1507 2875 1545 2894 en
1561 2858 1746 2901 commun„
1768 2867 1910 2901 GUERIN,

276 2916 522 2944 Dictionnaire
538 2917 599 2943 des
616 2916 983 2944 Dic-tionnaires.-De
999 2916 1052 2943 his
1067 2916 1123 2951 qui
1137 2916 1236 2950 plura
1252 2916 1385 2950 cupiat,
1401 2914 1503 2942 adeat
1518 2915 1641 2943 Pre‘cz‘s
1663 2915 1914 2948 historiques...

271 2971 355 2990 sous
369 2964 403 2990 la
419 2964 592 2991 direclz'on
607 2964 650 2991 de
663 2963 795 2998 Joseph
811 2963 1044 2997 Broeckaert,
1058 2963 1150 2990 dela
1167 2963 1224 2990 C.1'e
1239 2963 1282 2989 de
1302 2963 1354 2997 J„
1372 2963 1553 2997 ρνεηιίὲνρ
1577 2964 1610 2990 et
1635 2962 1783 2989 seconde
1806 2963 1912 2995 se'rie,

272 3019 411 3045 passim.
