2074 3179
872 140 956 177 AN.
987 139 1078 177 1552
1718 142 1784 178 531

161 253 287 281 crem
308 245 468 289 nacta,
501 244 544 279 et
565 239 799 279 nonnullis
820 238 1036 279 remediis
1056 239 1283 278 instructa
1315 237 1422 287 suit,
1457 239 1595 288 longe
1625 240 1790 279 melius

162 311 321 352 divina
342 322 428 362 ope
448 310 620 350 habere
652 311 824 361 coepit;
856 315 905 349 ut
935 308 1218 359 significavit
1244 308 1419 357 missis,
1453 309 1534 348 sed
1564 310 1787 358 remissis,

162 394 248 423 nec
270 382 406 422 simul
437 380 550 421 visis
577 381 782 432 quidem,
815 381 1039 432 pecuniis.
1072 380 1276 433 Juvenes
1305 391 1360 419 ac
1388 379 1568 431 puellae
1599 381 1787 431 aliquot,

164 453 336 494 coelico
370 452 571 503 primum
607 452 827 492 instinctu
855 463 909 491 ac
945 452 1118 491 salubri
1153 451 1372 502 deinceps
1409 462 1549 490 suasu
1585 451 1790 499 adducti,

164 523 478 563 monasticam
505 524 652 563 vitam
681 523 852 574 partim
882 523 1140 572 subierunt,
1164 522 1334 573 partim
1365 522 1519 562 subire
1550 534 1631 574 per
1660 534 1791 562 occa—

163 597 340 635 sionem
362 595 656 634 commodam
672 594 995 634 decreverunt.
1016 593 1169 633 Datur
1186 605 1341 645 opera,
1362 593 1601 633 suadendo
1624 599 1667 633 et
1688 605 1791 644 pro-

164 665 386 712 curando.
420 670 469 705 ut
499 666 702 716 puellae,
734 666 789 705 de
818 665 957 705 animi
989 665 1292 716 corporisque
1316 664 1584 715 integritate
1614 665 1792 716 pericli-

163 743 337 786 tantes,
366 737 440 776 vel
468 737 764 776 monasteriis
786 748 834 776 se
856 735 1075 776 addicant
1105 737 1180 775 vel
1208 736 1255 775 in
1276 735 1479 775 familiae
1501 735 1695 786 alicujus
1717 736 1794 775 ho-

164 814 325 848 nestae
353 807 710 847 contubernium
741 807 1078 847 adsciscantur.
1112 807 1373 847 Nonnullae
1404 807 1544 846 etiam
1579 818 1637 847 ex
1672 808 1794 857 turpi

167 879 266 919 vita
288 878 334 918 in
356 878 597 929 religionis
617 879 801 929 asylum
821 889 923 918 sese
944 884 1235 929 receperunt.

245 948 456 1000 Quinque
480 955 559 988 aut
581 960 677 999 sex,
703 949 918 988 diversae
940 949 1107 988 aetatis
1128 955 1172 988 et
1201 948 1502 999 conditionis,
1535 960 1676 989 verae
1705 949 1796 999 pie-

164 1020 275 1060 tatis
296 1019 513 1069 studiosi,
539 1020 585 1059 in
606 1026 816 1060 nostram
839 1020 1039 1060 adscisci
1061 1020 1249 1059 domum
1271 1031 1320 1059 se
1351 1031 1520 1071 cupere
1544 1026 1797 1068 ostentant;

166 1091 247 1131 sed
267 1090 495 1130 hactenus
517 1091 774 1131 consultius
794 1091 947 1130 visum
976 1097 1044 1130 est
1067 1102 1195 1142 spem
1226 1092 1375 1131 solam
1404 1091 1492 1131 illis
1523 1091 1796 1141 concedere,

167 1162 314 1201 donec
344 1160 491 1212 major
520 1168 746 1212 appareat
775 1161 961 1201 divinae
990 1162 1251 1201 vocationis
1280 1161 1555 1213 futuraeque
1576 1162 1797 1202 stabilita-

168 1233 228 1272 tis
249 1231 502 1282 certitud03
524 1238 574 1271 ut
594 1232 771 1272 factum
792 1239 860 1272 est
883 1233 938 1272 de
968 1233 1170 1272 hebraeo
1201 1233 1276 1273 illo
1304 1241 1348 1272 et
1377 1239 1508 1273 turca
1533 1232 1798 1284 juvenibus,

172 1303 403 1354 baptismo
425 1314 561 1343 sacro
583 1309 626 1342 et
648 1304 883 1343 consortio
906 1310 1067 1343 nostro
1090 1304 1287 1354 donatis,
1313 1305 1391 1355 qui
1411 1316 1494 1355 per
1516 1315 1658 1356 opera
1679 1304 1800 1344 bona

159 1380 351 1417 certam
373 1374 668 1414 vocationem
690 1380 734 1414 et
755 1375 1027 1414 electionem
1051 1386 1183 1414 suam
1206 1374 1360 1414 facere
1382 1381 1618 1425 satagunt.
1652 1375 1802 1415 Hodie

171 1457 354 1497 quoque
382 1445 625 1485 confessus
652 1451 721 1485 est
744 1443 929 1496 juvenis
955 1446 1094 1485 sortis
1118 1457 1211 1485 non
1233 1446 1439 1495 infimae,
1469 1446 1545 1497 qui
1568 1458 1672 1486 cum
1695 1452 1802 1486 ante

171 1517 319 1557 vitam
346 1516 493 1567 egerit
520 1517 770 1556 admodum
803 1517 1031 1556 lubricam
1062 1522 1200 1568 atque
1231 1517 1539 1568 deploratam,
1577 1517 1800 1568 peculiari

174 1587 388 1628 coelestis
408 1587 590 1638 gratiae
610 1588 810 1639 impulsu
832 1588 891 1628 ad
913 1599 994 1627 cor
1023 1588 1213 1627 tandem
1241 1599 1461 1628 reversus
1490 1594 1533 1628 et
1563 1588 1804 1638 religionis

172 1665 357 1711 portum
378 1670 601 1710 quaerere
631 1659 904 1710 meditatuS,
934 1659 1120 1699 omnino
1148 1659 1195 1699 in
1223 1659 1313 1699 hac
1342 1660 1571 1699 sententia
1598 1659 1803 1699 firmavit

174 1730 404 1782 animum,
437 1736 481 1771 et
510 1732 658 1771 solum
680 1736 892 1782 superest
913 1730 1141 1782 dispicere
1168 1731 1227 1770 ad
1254 1742 1391 1782 quem
1417 1731 1475 1770 sit
1503 1731 1714 1770 ordinem
1744 1742 1803 1770 ex

173 1813 401 1854 personae
421 1802 686 1842 conditione
707 1802 886 1853 Deique
906 1802 1153 1842 vocatione
1174 1802 1327 1852 magis
1348 1808 1499 1853 aptus.

252 1872 366 1912 Illud
387 1885 479 1912 non
500 1873 815 1913 transmittam
835 1873 1017 1913 silentio
1039 1872 1095 1912 de
1122 1873 1226 1912 viro
1257 1873 1462 1924 quodam
1487 1884 1675 1924 genere,
1708 1874 1800 1924 opi·

174 1944 260 1983 bus
286 1949 331 1983 et
359 1944 525 1983 litteris
559 1944 818 1995 praeclaro,
852 1945 930 1995 qui
959 1955 1064 1983 cum
1090 1943 1342 1983 haereseos
1372 1944 1545 1983 dudum
1576 1951 1696 1984 esset
1731 1956 1801 1984 su-

175 2020 377 2066 spectus,
407 2021 451 2054 et
478 2015 634 2054 multis
659 2014 756 2065 jam
783 2014 957 2065 aliquid
987 2014 1162 2054 erroris
1183 2015 1454 2065 aspersisse,
1485 2016 1803 2066 plurimosque

174 2086 431 2125 infecturus
447 2085 492 2124 in
510 2085 608 2125 dies
625 2097 726 2125 esse
742 2085 995 2135 videretur,
1015 2097 1070 2125 ac
1087 2097 1140 2125 eo
1157 2087 1312 2137 plures
1329 2086 1451 2138 quod
1467 2093 1652 2137 praeter
1670 2087 1802 2137 alias,

175 2168 291 2208 quas
308 2156 523 2206 diximus,
543 2162 754 2206 naturae,
774 2156 1002 2205 fortunae,
1028 2156 1286 2197 industriae
1309 2157 1617 2208 conditiones,
1638 2158 1806 2209 quibus

176 2228 329 2279 gratia
357 2234 400 2267 et
428 2227 688 2267 authoritas
714 2228 856 2278 vulgo
886 2227 1022 2267 facile
1052 2235 1260 2279 paratur,
1291 2229 1483 2279 egregio
1519 2240 1700 2280 quoque
1729 2240 1804 2268 cu-

173 2298 357 2350 jusdam
378 2299 564 2350 pietatis
583 2310 696 2349 prae
718 2310 766 2338 se
782 2299 871 2338 fert
892 2299 1127 2350 specimen
1149 2305 1193 2339 et
1215 2311 1356 2350 opera
1379 2300 1622 2339 charitatis
1649 2300 1805 2339 lauda—

176 2371 329 2411 biliter
354 2376 561 2420 exercet3
589 2371 652 2420 is,
680 2371 891 2422 inquam,
922 2382 1027 2410 cum
1055 2370 1113 2410 ad
1139 2370 1188 2411 P.
1222 2370 1442 2411 Andreae
1477 2372 1727 2411 conciones
1763 2378 1808 2412 et

178 2442 409 2493 colloquia
438 2442 683 2493 aliquoties
711 2441 938 2492 venisset,
968 2441 1049 2481 sed
1077 2442 1391 2482 dissimularet
1420 2442 1719 2483 nihilominus
1742 2443 1808 2492 (et

176 2513 312 2553 facile
347 2512 497 2552 cuivis
526 2513 679 2552 minus
709 2523 870 2552 eorum
900 2512 1296 2553 conflictationum
1331 2520 1525 2565 experto
1560 2513 1808 2565 persuade-

179 2585 271 2632 ret)
303 2595 352 2624 se
380 2584 477 2635 ipse
498 2584 635 2635 plane
662 2583 962 2634 catholicum,
998 2584 1186 2624 tandem
1215 2584 1262 2624 in
1291 2584 1477 2635 privato
1511 2584 1710 2636 quodam
1742 2596 1808 2624 se-

179 2666 329 2706 cessu,
353 2655 413 2695 ad
434 2655 480 2695 id
501 2655 556 2694 de
572 2654 798 2694 industria
820 2655 1113 2706 praestituto,
1138 2666 1220 2706 per
1241 2655 1469 2706 subtilem,
1496 2667 1636 2707 quam
1654 2655 1810 2696 Domi-

179 2737 267 2766 nus
302 2726 425 2766 dicto
460 2725 588 2766 Patri
623 2725 878 2776 suggessit,
916 2725 1172 2777 ancipitum
1200 2726 1321 2766 illius
1356 2727 1608 2766 verborum
1635 2726 1808 2767 discus-

181 2797 359 2837 sionem
393 2803 437 2837 et
464 2795 699 2848 placidam
733 2795 1091 2847 disputationem
1125 2808 1178 2836 eo
1212 2802 1477 2848 pertractus
1505 2804 1595 2847 est,
1627 2804 1675 2837 ut
1702 2798 1811 2849 quid

180 2873 328 2918 recte,
352 2867 461 2919 quid
482 2867 593 2908 item
615 2867 748 2907 aliter
770 2867 981 2917 sentiret,
1007 2868 1131 2908 velut
1161 2868 1431 2919 imprudens
1463 2869 1625 2919 suique
1656 2869 1809 2908 imme-

181 2950 296 2988 mor,
322 2939 599 2991 prodiderit,
625 2944 691 2988 et,
715 2939 871 2989 palam
892 2939 1156 2989 convictus,
1189 2938 1357 2978 detecti
1385 2940 1554 2979 ulceris
1586 2940 1815 2980 medelam
