2074 3179
267 130 339 166 656
782 130 1010 169 LirrERAE
1036 140 1234 175 QUADRIM
1242 144 1397 172 esi-RES

264 237 408 278 quam
428 226 578 266 nobis.
602 225 853 277 Negotium
882 228 1006 269 istud
1036 230 1152 269 satis
1181 241 1355 282 anceps
1382 237 1474 272 est:
1504 232 1543 272 si
1574 244 1669 272 non
1695 233 1908 274 admitta-

263 303 360 348 tur,
384 297 600 337 timemus
621 309 679 337 ne
701 305 854 338 sumat
885 299 1051 340 domus
1077 300 1223 352 ipsius
1250 300 1467 343 dominus
1488 303 1786 344 occasionem
1815 304 1909 345 abi-

260 368 406 419 gendi
426 380 525 408 nos.
550 367 632 408 Sin
660 368 955 419 admittatur,
985 371 1359 422 pertimescenda
1387 374 1699 425 perturbatio,
1729 379 1829 415 tum
1851 376 1908 416 ab

265 439 387 491 ipso,
412 446 509 479 tum
531 439 588 479 ab
611 439 734 490 aliis,
761 440 839 492 qui
858 447 1052 492 possent
1073 442 1329 494 introduci;
1360 450 1459 484 tum
1488 456 1546 484 ne
1568 456 1627 484 ex
1647 445 1810 496 primis
1830 458 1909 486 no—

266 510 447 550 vissimi
468 510 726 551 evadamus
750 511 1028 553 cavendum.

345 581 432 621 Hic
450 579 548 632 jam
569 587 665 622 tres
686 587 868 623 tantum
889 594 1070 635 sumus,
1093 584 1280 637 dempto
1309 585 1507 637 famulo,
1542 592 1590 626 ut
1623 587 1764 627 credo
1785 592 1829 627 te
1851 599 1909 628 ex

263 652 429 692 litteris
475 652 591 693 meis
635 653 908 704 praemissis
948 654 1045 707 J'am
1084 655 1393 706 intellexisse,
1437 657 1604 709 quibus
1643 657 1909 709 significavi

263 728 461 764 mortem
483 722 644 764 fratris
664 725 833 777 nostri,
858 724 1075 777 Magistri
1102 726 1260 767 Caroli
1291 727 1586 768 Commelini.
1617 728 1665 769 Ρ.
1698 729 1910 781 Baptista

263 795 310 834 in
338 795 508 836 lectulo
537 795 771 836 decumbit
800 808 886 848 pro
915 809 1044 838 more
1079 809 1184 849 suo,
1218 799 1393 851 vixque
1432 812 1459 840 a
1489 800 1629 840 Festo
1664 800 1911 841 Paschatis

263 873 343 907 aut
371 878 480 907 raro
509 867 656 908 exivit
687 880 713 907 a
746 869 868 908 lecto
897 875 976 909 aut
1011 869 1164 910 domo.
1202 869 1300 911 Nos
1335 871 1426 911 duo
1467 871 1634 923 reliqui
1662 884 1905 923 vacamus,

260 938 433 990 partim
460 938 646 990 studiis,
676 939 849 990 partim
875 941 1078 991 negotiis
1102 941 1414 982 familiaribus
1437 973 1444 991 ,
1478 949 1523 983 et
1554 943 1799 984 audiendis
1821 944 1908 994 his,

261 1010 341 1061 qui
372 1010 431 1050 ad
460 1021 545 1050 nos
572 1011 782 1051 veniunt.
812 1011 950 1052 Faxit
977 1011 1193 1053 Christus
1220 1013 1361 1066 Jesus
1400 1020 1450 1054 ut
1486 1015 1643 1055 omnia
1673 1015 1842 1055 cedant
1865 1015 1911 1055 in

259 1082 464 1132 gloriam
484 1093 634 1122 suam.

343 1152 692 1193 Audiveramus
712 1152 966 1195 Postellum
989 1160 998 1180 ¹
1020 1154 1163 1196 fuisse
1195 1157 1404 1197 locutum
1436 1157 1492 1197 de
1521 1156 1754 1198 Societate
1775 1158 1812 1208 ²⁴,
1835 1170 1909 1197 ve-

262 1237 366 1265 rum
402 1225 491 1265 hoc
519 1224 689 1265 falsum
717 1237 820 1266 esse
855 1232 984 1267 certo
1019 1227 1207 1268 scimus
1240 1228 1354 1269 Heri
1383 1229 1507 1269 enim
1535 1229 1716 1280 publice
1745 1230 1910 1269 extulit

264 1297 390 1336 illam
417 1308 563 1348 usque
592 1297 638 1336 in
665 1298 867 1349 coelum,
899 1297 1016 1338 adeo
1052 1305 1101 1339 ut
1132 1299 1274 1340 etiam
1312 1299 1546 1340 addiderit
1572 1311 1677 1340 eam
1705 1300 1751 1340 in
1779 1299 1909 1340 India

259 1368 443 1408 clarere
465 1368 718 1409 miraculis.
742 1368 896 1409 Habet
918 1369 1071 1410 adhuc
1092 1370 1425 1422 phantasmata
1459 1372 1653 1423 antiqua
1675 1377 1720 1411 et
1742 1371 1799 1411 ab
1821 1371 1911 1411 illis

262 1439 421 1479 divelli
441 1451 536 1479 non
557 1445 724 1491 potest.
756 1439 972 1490 Quotidie
998 1440 1069 1481 bis
1102 1441 1214 1492 legit
1242 1453 1348 1482 cum
1380 1442 1761 1494 frequentissimo
1784 1443 1910 1482 audi-

262 1511 381 1551 torio
415 1511 462 1551 in
493 1511 703 1562 Collegio
734 1511 1178 1563 Longobardorum,
1213 1512 1272 1552 ad
1303 1513 1425 1565 quod
1462 1514 1604 1554 etiam
1632 1513 1910 1565 commigra-

262 1583 344 1623 vit.
378 1582 515 1623 Socio
547 1582 735 1623 Domini
766 1583 936 1624 Renati
962 1582 990 1634 ⁵,
1025 1584 1102 1636 qui
1129 1596 1215 1624 nos
1247 1585 1535 1636 frequentat,
1574 1585 1697 1626 intra
1732 1597 1910 1637 paucos

261 1653 377 1704 dies,
397 1660 447 1694 ut
468 1666 621 1706 spero,
646 1655 891 1695 tradentur
913 1655 1155 1696 exercitia.

344 1725 478 1776 Quod
500 1725 559 1765 ad
582 1725 839 1765 audiendas
862 1726 1182 1767 confessiones
1204 1727 1391 1779 attinet,
1416 1734 1460 1768 et
1483 1734 1670 1768 caetera
1693 1729 1909 1780 spiritua·

261 1798 322 1837 lia
345 1808 509 1848 opera,
535 1797 660 1848 apud
682 1795 790 1837 Sum
811 1796 1120 1849 Germanum,
1145 1804 1381 1839 cessatum
1410 1805 1481 1839 est
1513 1812 1540 1840 a
1569 1800 1765 1840 solemni
1786 1799 1906 1840 festo

263 1868 637 1909 Resurrectionis
683 1868 959 1909 Dominicae
999 1870 1056 1909 ob
1097 1870 1349 1910 adversam
1391 1871 1711 1911 valetudinem
1751 1871 1908 1911 Patris

261 1940 517 1992 Baptistae.
541 1939 799 1991 Rogandus
831 1948 900 1981 est
930 1940 1162 1982 Dominus
1193 1948 1240 1982 ut
1272 1943 1347 1982 vel
1376 1942 1599 1982 liberetur
1628 1942 1685 1982 ab
1718 1942 1908 1983 infirmi-

262 2019 357 2052 tate
378 2012 487 2061 hac,
512 2012 587 2052 vel
617 2012 839 2052 succedat
861 2012 901 2052 ei
923 2013 1061 2064 alter,
1095 2013 1173 2065 qui
1203 2014 1308 2053 vice
1339 2013 1440 2066 ejus
1472 2013 1716 2065 fungatur,
1741 2020 1840 2054 tum
1861 2014 1907 2054 in

262 2083 603 2135 spiritualibus,
629 2090 726 2123 tum
748 2083 794 2123 in
816 2084 1165 2136 temporalibus.

342 2155 552 2206 Interim,
578 2154 630 2195 R.
656 2154 814 2206 Pater,
839 2155 955 2195 bene
981 2156 1087 2196 vale
1116 2156 1164 2196 in
1194 2156 1396 2197 Domino
1427 2157 1539 2210 Jesu
1570 2169 1663 2198 una
1695 2169 1802 2197 cum
1823 2156 1906 2196 Pa-

261 2227 408 2267 tribus
440 2238 495 2267 ac
522 2227 745 2267 fratribus
774 2227 968 2278 nostris,
998 2239 1198 2278 quorum
1226 2228 1434 2268 omnium
1465 2228 1754 2268 orationibus
1783 2240 1907 2268 com-

262 2297 473 2338 mendari
495 2309 789 2349 summopere
812 2298 1077 2349 indigemus
1099 2304 1142 2338 et
1164 2299 1394 2350 cupimus.

343 2369 577 2420 Lutetiae,
602 2369 783 2410 decimo
805 2376 976 2410 octavo
998 2369 1108 2421 Maji
1135 2370 1252 2411 1552.

345 2441 399 2481 R.
424 2440 472 2481 P.
497 2440 549 2481 T.

343 2512 566 2563 Indignus
588 2512 633 2552 in
657 2512 844 2552 Christo
867 2512 1036 2558 Filius,

738 2655 984 2696 ROBERTUS
1017 2655 1366 2707 CLAYSSONIUS,
1396 2656 1669 2707 Brugensis.

321 2819 329 2838 ¹
370 2818 571 2846 Guilielmus
588 2818 773 2850 Postellus,
790 2819 828 2845 de
845 2826 909 2852 quo
922 2818 1069 2853 plurima
1085 2818 1117 2845 in
1133 2817 1288 2852 plurimis
1306 2822 1375 2844 tum
1393 2816 1502 2858 sacris
1519 2820 1588 2843 tum
1602 2815 1788 2850 prophanis
1804 2814 1906 2842 histo-

264 2867 335 2897 riis,
349 2866 423 2893 etin
442 2866 566 2902 Cartas
582 2866 625 2893 de
641 2865 712 2893 San
728 2866 884 2900 Ignacio,
899 2870 922 2893 t.
938 2873 948 2893 1
962 2870 996 2893 et
1011 2873 1045 2899 11,
1061 2870 1094 2893 et
1110 2866 1142 2894 in
1160 2866 1285 2893 Cartas
1300 2865 1357 2892 del
1374 2864 1415 2892 Β.
1435 2864 1472 2891 Ρ.
1489 2864 1603 2902 Pedro
1615 2863 1741 2903 Eabro,
1756 2865 1778 2890 t.
1794 2869 1815 2889 1.

319 2914 332 2932 *2
371 2913 435 2945 Sic:
452 2914 509 2941 sed
524 2921 642 2941 sensus
657 2918 719 2947 est,
735 2917 770 2941 ut
787 2921 827 2940 ex
844 2914 1062 2948 sequentibus
1074 2917 1181 2948 patet,
1200 2913 1375 2940 adversus
1390 2933 1398 2945 ,
1414 2914 1534 2940 contra
1552 2910 1771 2938 Societatem.

320 2962 331 2979 ³
370 2961 456 2987 Vide
473 2969 591 2996 supra.
607 2969 683 2995 pag.
698 2962 761 2988 512.
