2074 3179
844 176 926 213 AN.
960 176 1050 212 1552
1693 175 1763 210 1325

135 278 181 316 in
201 274 573 326 desperationem
595 274 872 326 quandoque
888 273 1177 324 redigantur3
1202 273 1248 312 in
1264 272 1430 324 quibus
1447 271 1759 321 consolandis,

136 353 179 386 et
200 347 247 386 in
263 345 595 386 consolationis
617 357 747 396 spem
768 344 1003 395 erigendis
1029 350 1073 384 et
1094 343 1152 383 ad
1173 343 1345 384 Christi
1366 343 1553 383 Domini
1575 342 1762 382 medita-

136 418 308 457 tionem
330 416 608 466 attollendis,
634 428 728 455 non
749 427 914 467 parum
943 415 1000 455 ab
1028 427 1082 455 eo
1117 426 1289 466 operae
1309 414 1570 454 insumitur.
1595 413 1766 453 Multos

137 494 381 540 praeterea
406 487 452 526 in
474 487 586 527 urbe
608 487 664 526 ab
687 487 805 527 odiis
836 492 880 527 et
902 486 1154 526 inimicitiis
1182 492 1250 526 est
1272 485 1569 535 dehortatus3
1602 495 1767 535 pacem

140 560 258 599 inter
279 559 450 598 multos
471 558 558 598 sibi
578 564 738 598 mutuo
769 558 1095 606 adversantes,
1126 557 1254 597 viros
1284 562 1327 596 et
1358 567 1550 606 uxores,
1584 567 1767 606 compo-

139 630 250 679 suit,
274 636 495 680 utrosque
517 629 576 669 ad
598 629 938 669 confessionem
966 629 1161 679 singulis
1189 627 1423 668 mensibus
1451 627 1770 678 peragendam

142 700 380 740 inducens.
404 701 461 741 Et
482 702 619 752 plane
641 701 808 740 mirum
829 706 898 740 est
920 706 1143 751 quantum
1165 700 1283 740 inter
1305 700 1572 749 nonnullos,
1599 699 1677 750 qui
1697 710 1770 738 ca-

144 772 273 822 pitali
295 772 399 812 odio
431 772 739 821 dissidebant,
770 771 887 811 haec
915 783 1052 811 sacra
1080 771 1311 811 confessio
1343 771 1515 810 virium
1540 770 1768 810 habuerit.

145 842 276 884 Unde
296 843 343 883 fit
364 849 413 883 ut
436 843 466 882 ii
488 843 618 893 alios,
643 854 749 882 cum
769 843 935 894 quibus
956 849 1222 893 versantur,
1248 842 1307 882 ad
1327 853 1430 882 eam
1458 841 1618 881 sedulo
1653 841 1773 881 exci-

146 920 258 954 tent.
294 913 387 954 Res
421 920 490 954 est
523 914 733 965 profecto
768 914 890 954 unde
924 912 1124 965 Spiritus
1151 912 1352 954 Sanctus
1383 913 1442 952 sit
1482 923 1776 963 summopere

147 984 428 1034 laudandus,
467 985 543 1036 qui
582 991 738 1025 tantas
773 984 815 1024 ei
847 985 975 1024 vires
1009 985 1308 1036 suppeditare
1343 984 1577 1035 dignatur,
1615 989 1663 1023 ut
1699 983 1775 1023 ali·-

149 1057 333 1108 quando
362 1057 625 1107 complures
651 1067 824 1107 easque
859 1057 1105 1107 generales
1141 1055 1480 1105 confessiones,
1511 1067 1567 1095 ac
1599 1055 1775 1104 decem,

149 1127 428 1179 quindecim,
452 1127 621 1178 viginti
643 1139 886 1177 annorum,
910 1127 1047 1167 unico
1070 1127 1142 1167 die
1166 1127 1341 1178 audiat,
1365 1128 1535 1167 multas
1562 1127 1703 1166 horas
1734 1127 1781 1166 in

150 1198 237 1238 hoc
259 1198 397 1238 unico
418 1198 607 1248 negotio
628 1199 752 1238 nulla
775 1198 1117 1239 intermissione
1140 1199 1428 1250 impendens.

230 1269 470 1309 Hactenus
492 1269 636 1309 Ducis
657 1271 917 1320 voluntate,
943 1270 1021 1321 qui
1040 1270 1086 1310 id
1108 1282 1135 1309 a
1155 1269 1204 1309 P.
1234 1270 1292 1310 V.
1324 1282 1408 1321 per
1434 1270 1614 1310 litteras
1643 1270 1780 1321 impe-

150 1341 293 1380 travit
315 1340 373 1379 ad
394 1348 596 1392 tempus,
621 1341 939 1392 orphanarum
958 1342 1239 1392 puellarum,
1264 1353 1382 1392 quae
1414 1341 1654 1392 octoginta
1676 1347 1783 1380 sunt

153 1418 230 1451 aut
252 1413 423 1463 plures,
446 1411 585 1452 Pater
606 1411 728 1451 idem
750 1423 913 1452 curam
933 1412 1042 1463 egit,
1067 1424 1184 1463 quae
1207 1413 1253 1452 in
1274 1418 1499 1463 quantum
1521 1412 1784 1452 sanctitatis

152 1483 388 1523 evaserint
409 1494 521 1523 vere
541 1494 718 1534 nequeo
747 1484 1025 1533 exprimere.
1057 1483 1175 1523 Fere
1203 1495 1364 1523 omnes
1393 1483 1617 1523 exercitia
1646 1483 1785 1534 degu-

154 1560 356 1604 starunt,
388 1565 585 1605 quorum
611 1554 848 1605 beneficio,
872 1554 929 1595 de
956 1555 1122 1606 quibus
1149 1556 1273 1595 nulla
1300 1555 1548 1606 probitatis
1569 1566 1676 1606 spes
1707 1560 1787 1594 aut

156 1625 394 1676 pertenuis
416 1624 686 1676 affulgebat,
712 1632 925 1666 caeteras
946 1627 1195 1666 nonnullae
1217 1632 1517 1677 superarunt:
1541 1634 1590 1665 ut
1612 1637 1693 1665 eas
1719 1638 1786 1665 re-

157 1704 292 1737 natas
313 1697 450 1747 plane
471 1703 515 1736 et
536 1697 651 1736 alias
673 1696 862 1736 effectas
885 1709 912 1737 a
933 1697 1089 1737 multis
1111 1704 1154 1737 et
1184 1697 1371 1749 quidem
1397 1697 1580 1748 publice
1607 1697 1787 1748 praedi-

159 1775 304 1809 cetur.
327 1767 398 1808 Ac
419 1779 476 1807 ne
498 1768 745 1819 quaepiam
767 1774 903 1817 esset,
927 1779 1046 1820 quae
1066 1769 1243 1808 nullum
1264 1768 1467 1808 fructum
1488 1780 1547 1808 ex
1568 1780 1622 1808 eo
1643 1768 1789 1819 perci-

160 1844 308 1890 peret,
333 1838 527 1890 contigit
548 1844 596 1879 ut
618 1839 737 1878 inter
758 1850 838 1879 eas
860 1845 987 1879 muta
1011 1839 1351 1890 comperiretur
1372 1845 1511 1891 atque
1532 1839 1660 1879 velut
1682 1851 1788 1890 quo-

161 1911 268 1951 dam
503 1909 512 1928 ¹
535 1910 689 1960 surda,
710 1909 842 1960 cujus
863 1910 1069 1950 animum
1090 1922 1195 1950 cum
1216 1911 1374 1950 nescio
1396 1910 1628 1961 quomodo
1653 1910 1791 1950 Pater

161 1981 443 2021 Paschasius
464 1981 703 2031 colligeret
732 1993 826 2020 non
860 1981 1126 2031 vulgarem,
1151 1981 1283 2021 novit
1303 1981 1426 2021 enim
1447 1981 1702 2021 textrinam
1722 1993 1791 2020 ar-

162 2061 269 2103 tem,
283 2053 414 2092 novit
426 2058 470 2092 et
483 2052 739 2102 imaginum
750 2051 1144 2092 conficiendarum
1156 2051 1346 2092 modum
1357 2063 1487 2092 more
1502 2064 1663 2092 earum
1676 2064 1794 2104 quac

164 2125 211 2163 in
233 2123 469 2163 coenobiis
490 2129 658 2174 agunt,
681 2123 828 2162 voluit
850 2129 897 2162 ut
932 2123 1071 2162 rebus
1094 2123 1244 2163 sacris
1274 2123 1407 2163 daret
1434 2124 1576 2163 etiam
1605 2135 1797 2175 operam

164 2201 301 2246 atque
323 2194 749 2245 condiscipularum
771 2205 899 2234 more
916 2193 1232 2234 confiteretur.
1254 2193 1345 2234 Sed
1366 2194 1476 2246 quid
1497 2205 1629 2245 agas,
1650 2194 1794 2244 ajunt,

165 2266 275 2317 quid
314 2265 536 2315 moliaris,
572 2264 681 2316 quid
708 2270 881 2315 tentes,
918 2265 996 2304 ubi
1031 2264 1270 2316 quidpiam
1300 2266 1460 2317 nequit
1489 2265 1614 2305 fieri?
1650 2265 1799 2317 Loqui

167 2337 334 2387 nescit,
359 2337 520 2376 auditu
541 2341 688 2385 caret,
713 2336 906 2387 pingere
927 2347 1020 2375 non
1041 2335 1185 2375 novit.
1213 2335 1358 2386 Quasi
1385 2348 1521 2384 vero,
1545 2337 1799 2388 respondet

169 2408 374 2460 prudens
396 2419 450 2448 ac
472 2407 658 2458 sapiens
678 2407 779 2456 iste,
799 2405 928 2447 Deus
950 2406 1056 2458 Opt.
1076 2407 1203 2447 Max.
1225 2418 1329 2447 eam
1348 2408 1486 2458 plane
1508 2408 1633 2448 omni
1654 2408 1795 2448 subsi-

170 2480 246 2520 dio
269 2478 543 2520 destituerit.
566 2477 731 2528 Sinite,
755 2478 923 2529 inquit,
947 2478 1177 2529 loquetur,
1201 2489 1288 2518 nec
1309 2480 1537 2530 loquetur.
1561 2479 1716 2530 Atque
1736 2479 1801 2519 ita

173 2563 279 2591 cum
300 2551 359 2590 ad
380 2561 492 2598 rem,
517 2549 606 2589 hoc
627 2555 710 2599 est,
734 2548 793 2588 ad
808 2549 1149 2590 confessionem
1171 2555 1362 2590 ventum
1380 2556 1463 2599 est,
1486 2551 1602 2590 adeo
1619 2561 1722 2590 sese
1739 2550 1802 2589 in-

174 2621 465 2672 telligebant,
490 2620 599 2660 dum
620 2620 735 2660 alter
757 2620 903 2670 signis
925 2620 1212 2671 interrogat,
1237 2622 1386 2660 altera
1414 2621 1590 2661 eisdem
1615 2632 1804 2672 respon-

174 2693 270 2743 det,
295 2698 343 2732 ut
369 2691 593 2743 Spiritum
620 2690 845 2731 Sanctum
872 2691 918 2731 in
950 2702 1113 2731 eorum
1140 2691 1308 2731 animis
1336 2698 1522 2731 mutuos
1549 2698 1807 2744 conceptus

176 2775 405 2815 sensaque
433 2762 698 2813 significare
727 2773 781 2801 ac
808 2761 1106 2813 interpretari
1133 2763 1287 2801 nullus
1316 2762 1405 2801 nisi
1438 2762 1706 2813 imprudens
1731 2775 1806 2803 ne-

173 2840 348 2885 gasset.
369 2834 504 2885 Quod
525 2845 631 2873 cum
652 2833 793 2872 semel
814 2838 952 2884 atque
973 2832 1143 2873 iterum
1164 2831 1366 2881 fecisset,
1387 2832 1446 2872 ad
1467 2833 1808 2874 communionis

233 2995 243 3015 ¹
284 2994 346 3022 Est
365 2995 419 3022 hic
430 2994 634 3022 vocabulum
646 2991 813 3026 quoddam
828 2992 874 3019 sie
890 2991 987 3019 lineis
1002 2996 1198 3026 coopertum
1213 2996 1249 3018 ut
1267 2991 1333 3025 legi
1351 2996 1507 3025 nequeat.
