2074 3179
293 129 364 167 ⁴258
808 130 1032 168 LlsTl-:RAE
1060 143 1418 174 QL'ADRIMESTRES

371 226 487 267 Cum
504 227 622 267 haec
646 234 913 278 agerentur,
939 228 1129 267 advenit
1150 227 1198 267 P.
1222 228 1416 279 Doctor‚
1441 230 1519 281 qui
1541 242 1631 270 una
1648 243 1754 271 cum
1777 231 1931 273 fratri-

289 299 375 338 bus
397 298 520 338 illico
542 298 727 349 Burgos
747 298 1099 350 profisciscitur;
1133 310 1223 350 quo
1251 311 1357 340 cum
1383 301 1732 352 pervenissent,
1765 303 1930 344 eodem

290 369 362 409 die
384 369 596 421 Baptista
627 370 674 410 in
700 370 856 421 platea
882 369 1089 420 publica,
1121 380 1268 421 eaque
1299 372 1608 423 amplissima,
1636 384 1922 424 praeconem

289 451 436 491 agens
465 440 808 491 evangelicum,
843 440 1039 480 verbum
1067 440 1157 480 Dei
1183 441 1498 493 praedicavit,
1522 443 1582 484 ad
1609 442 1741 494 cujus
1758 456 1924 485 vocem

288 512 475 563 plurimi
504 511 571 551 rei
599 511 812 551 novitate
835 511 1019 550 attoniti
1047 511 1200 551 subito
1229 520 1588 564 concurrerunt;
1619 515 1706 554 etsi
1726 522 1926 566 postmo-

289 583 412 633 dum,
437 583 628 633 cognita
651 581 750 633 ejus
767 581 983 622 doctrina
1004 588 1048 622 et
1065 583 1260 634 spiritus
1280 583 1583 635 abundantia,
1602 586 1927 626 vehementius

288 654 645 704 demirarentur,
669 652 821 693 Deum
843 653 890 692 in
911 664 966 692 eo
984 652 1229 693 laudantes
1250 665 1305 694 ac
1327 654 1676 697 benedicentes:
1699 657 1926 708 Magister

289 731 443 765 autem
464 724 692 775 Alvarez,
722 730 915 776 propter
944 724 1195 765 adversam
1227 726 1440 777 corporis·
1468 727 1809 779 valetudinem,
1839 741 1925 768 nec

288 803 398 836 tunc
420 808 506 837 nec
528 802 692 848 postea
713 796 1028 848 praedicavit3
1051 795 1259 836 nondum
1281 797 1473 848 etenim,
1497 810 1584 838 nec
1603 797 1700 849 jam
1722 799 1922 851 quidem,

288 869 344 908 ab
361 867 629 908 infirmitate
647 868 900 908 convaluit.
922 867 1060 908 Mane
1077 868 1404 919 subsequentis
1422 869 1512 909 diei
1534 869 1693 910 invisit
1714 870 1925 922 Baptista

286 951 365 980 eos
387 939 465 991 qui
486 950 677 979 carcere
698 939 865 979 inclusi
886 939 1179 990 tenebantur,
1202 939 1366 991 quibus
1388 945 1432 979 et
1454 952 1552 980 rem
1569 941 1777 981 divinam
1798 941 1922 993 fecit,

286 1017 330 1050 et
369 1011 564 1051 verbum
607 1011 818 1051 divinum
863 1010 1224 1061 evangelizavit.
1269 1011 1336 1051 Eo
1376 1023 1591 1051 sermone
1630 1023 1925 1065 summopere

286 1088 392 1122 sunt
414 1082 655 1132 consolati,
688 1082 858 1122 obnixe
882 1088 1105 1132 rogantes
1125 1088 1175 1122 ut
1202 1082 1433 1134 frequenti
1460 1081 1687 1134 ejusmodi
1709 1084 1924 1124 exhorta-

285 1154 409 1194 tione
431 1166 511 1194 eos
531 1154 763 1194 solaretur
785 1159 829 1193 et
850 1154 1080 1193 animaret
1099 1186 1106 1204 ,
1143 1154 1266 1205 quod
1291 1160 1339 1193 ut
1369 1153 1546 1194 faceret
1567 1155 1688 1194 ultro
1709 1167 1924 1195 nummos

285 1225 555 1265 offerebant.
579 1225 811 1265 Paulatim
839 1231 1020 1276 autem,
1053 1236 1102 1264 se
1129 1224 1416 1265 diffundente
1438 1225 1602 1265 notitia
1625 1231 1670 1265 et
1690 1225 1922 1277 fragranti

284 1296 427 1336 odore
447 1296 655 1347 Patrum,
674 1296 934 1336 accersitus
950 1302 1019 1336 est
1035 1295 1085 1336 P.
1103 1296 1141 1336 F
1145 1296 1430 1336 erdinandus
1448 1297 1652 1336 Alvarez
1674 1309 1701 1336 a
1719 1298 1922 1349 quodam

284 1368 510 1408 coenobio
546 1368 892 1419 religiosarum,
924 1367 1048 1418 quod
1075 1367 1132 1407 D.
1162 1367 1365 1419 Aegidio
1397 1374 1466 1407 est
1495 1373 1837 1420 consecratum,
1875 1376 1923 1409 ut

283 1450 364 1479 eas
384 1451 410 1479 a
432 1439 576 1479 multo
599 1445 811 1490 tempore
829 1450 1003 1490 magna
1031 1439 1151 1478 inter
1172 1450 1221 1479 se
1242 1439 1477 1479 simultate
1501 1451 1555 1478 ac
1578 1439 1814 1479 discordia
1835 1440 1922 1480 dis-

283 1510 502 1562 sidentes,
527 1516 716 1550 mutuae
737 1510 868 1562 pacis
890 1510 1078 1550 vinculo
1107 1522 1162 1550 ac
1185 1510 1377 1561 spiritus
1400 1510 1578 1550 unitate
1600 1509 1920 1562 conjungeret3

283 1582 408 1633 quod
429 1587 473 1622 et
495 1581 666 1632 effecit,
698 1582 955 1622 auxiliante
973 1581 1089 1632 Deo,
1109 1592 1282 1633 easque
1300 1593 1476 1632 omnes,
1496 1582 1691 1633 praevia
1708 1588 1920 1633 peccato—

281 1665 385 1693 rum
402 1653 712 1703 confessione,
737 1652 922 1693 Christo
944 1652 1147 1692 Domino
1168 1652 1507 1692 reconciliavit.
1539 1652 1656 1692 Tam
1684 1653 1747 1704 pii
1769 1654 1924 1704 operis

281 1725 485 1765 fructum
507 1725 665 1765 statim
686 1724 949 1776 praesensit
966 1724 1252 1764 christianae
1275 1723 1520 1763 charitatis
1543 1735 1597 1763 ac
1618 1724 1750 1775 pacis
1772 1724 1922 1764 hostis

281 1796 484 1836 invidus.
508 1796 625 1848 Ipsis
643 1796 763 1836 enim
784 1795 882 1848 jam
902 1794 1005 1835 Deo
1027 1807 1110 1835 suo
1132 1795 1310 1846 sibique
1331 1795 1537 1835 invicem
1556 1796 1691 1846 plene
1714 1796 1920 1836 reconci-

280 1868 422 1919 liatis,
447 1879 556 1907 ecce
579 1867 635 1907 de
656 1867 914 1919 improviso
944 1866 1188 1907 sacrificus
1209 1866 1421 1917 quidam,
1454 1867 1578 1906 illius
1607 1867 1817 1906 coenobii
1845 1867 1920 1907 ad-

280 1939 469 1979 modum
504 1938 766 1988 familiaris‚
802 1938 872 1978 ira
908 1938 1128 1989 percitus,
1172 1936 1286 1978 adiit
1326 1937 1676 1978 Ferdinandum
1714 1937 1920 1978 Alvarez

278 2022 476 2062 eumque
498 2010 565 2050 sic
595 2010 868 2062 compellat:
892 2010 985 2050 Cur
1007 2009 1083 2050 isti
1103 2010 1315 2060 negotio,
1338 2021 1412 2049 me
1434 2009 1582 2049 inscio
1604 2016 1742 2060 atque
1763 2009 1919 2050 incon-

278 2082 415 2133 sulto,
434 2081 677 2122 interseris
699 2081 1027 2121 auctoritatem
1048 2081 1201 2120 tuam?
1223 2092 1378 2120 nonne
1412 2079 1635 2120 decuerat
1663 2092 1802 2131 super
1829 2080 1916 2120 hac

277 2165 326 2193 re
349 2153 480 2205 prius
501 2164 575 2193 me
597 2153 861 2193 consulere?
881 2152 930 2193 Ρ.
954 2151 1175 2201 Alvarez‚
1201 2163 1398 2192 cernens
1420 2152 1656 2191 hominem
1678 2151 1916 2203 perturba-

277 2225 401 2265 tione
420 2230 718 2273 commotum‚
739 2235 845 2264 cum
862 2235 1044 2263 summa
1063 2223 1207 2263 animi
1222 2223 1450 2263 modestia
1468 2228 1512 2263 et
1523 2222 1748 2274 patientia
1764 2222 1915 2274 primo

277 2295 404 2336 audit
426 2295 762 2346 increpantem3
788 2294 969 2345 deinde,
989 2294 1048 2334 ad
1064 2305 1220 2345 genua
1236 2296 1527 2346 provolutus,
1548 2294 1737 2334 veniam
1753 2293 1916 2334 humil-

276 2367 383 2406 lime
411 2367 642 2418 postulat3
673 2377 764 2417 quo
786 2366 906 2415 viso,
930 2366 1049 2405 alter
1070 2365 1422 2417 obstupefactus
1444 2365 1668 2416 redditur,
1693 2371 1737 2404 et
1763 2363 1915 2404 Patris

277 2437 536 2478 humilitate
573 2437 736 2489 suique
768 2437 915 2488 ipsius
950 2437 1214 2476 temeritate
1249 2437 1386 2487 plane
1423 2435 1666 2486 confusus,
1696 2435 1913 2475 mitescit.

274 2509 359 2549 His
381 2509 446 2548 ita
466 2508 688 2560 peractis,
711 2507 760 2547 P.
785 2507 962 2547 Doctor
985 2507 1206 2558 expedire
1230 2506 1460 2558 judicavit
1488 2507 1527 2547 si
1553 2507 1660 2547 inde
1689 2506 1736 2546 in
1763 2505 1912 2546 diver—

273 2591 353 2620 sos
373 2591 522 2632 pagos
545 2586 591 2619 et
618 2579 789 2631 oppida
810 2578 932 2618 illius
954 2578 1182 2618 dioecesis
1204 2572 1578 2629 dispertirentur.
1602 2577 1737 2618 Prius
1757 2583 1915 2617 tamen

272 2663 413 2703 quam
434 2651 480 2691 id
501 2650 647 2697 fieret,
673 2661 835 2689 curam
853 2655 897 2688 et
915 2650 1112 2689 salutem
1133 2649 1351 2700 magistri
1370 2649 1567 2703 Joannis
1588 2648 1793 2689 Alvarez
1809 2648 1912 2688 viro

271 2722 458 2763 cuidam
491 2721 714 2773 probato,
752 2725 1035 2771 nostraeque
1070 2719 1295 2760 Societati
1331 2720 1640 2771 deditissimo,
1681 2719 1913 2759 commisit

271 2799 409 2845 atque
431 2790 793 2833 commendavit.
816 2790 977 2842 Itaque
1000 2789 1047 2830 P.
1072 2790 1252 2831 Doctor
1269 2790 1415 2831 tendit
1437 2789 1495 2830 ad
1512 2801 1664 2842 pagos
1682 2796 1725 2830 et
1742 2790 1909 2842 oppida

271 2876 389 2916 quae
410 2863 497 2904 sibi
518 2868 643 2904 sorte
664 2862 952 2913 obtigerant,
977 2873 1031 2901 ea
1056 2861 1332 2902 visitaturus
1353 2868 1412 2911 et,
1436 2861 1476 2902 si
1493 2873 1583 2914 qua
1604 2862 1788 2902 ratione
1806 2872 1908 2913 pos-

270 2940 359 2986 set,
384 2935 498 2974 vitia
521 2939 844 2984 correcturus,
869 2933 1124 2984 opitulante
1146 2930 1371 2983 Domino,
1395 2932 1441 2972 in
1463 2943 1662 2984 quorum
1693 2938 1908 2984 quatuor,
