2074 3179
882 218 964 254 ΑΝ.
997 217 1086 254 1552
1730 215 1795 251 731

254 314 302 353 P.
337 314 546 354 Victoria
577 314 875 366 progreditur
906 315 950 354 in
983 314 1285 354 concionibus
1314 313 1483 353 italicis
1513 319 1557 352 et
1588 323 1801 352 numero-

174 385 283 424 siori
304 386 490 436 quidem
512 385 742 426 auditorio
764 397 903 437 quam
926 385 1163 425 hactenus.
1189 384 1277 435 Qui
1293 384 1448 434 etiam,
1468 389 1517 423 ut
1534 394 1795 435 speramus,

173 456 302 495 brevi
324 456 545 496 docturus
565 462 634 496 est
655 463 699 496 et
726 457 1114 508 interpretaturus
1142 456 1298 507 pueris
1327 455 1449 495 italis
1476 454 1582 494 fidei
1608 460 1798 494 nostrae

172 526 317 574 initia,
343 527 389 566 in
412 527 577 577 quibus
598 527 662 566 illi
683 533 811 567 tanto
833 533 939 567 sunt
961 526 1172 567 rudiores
1194 538 1283 578 quo
1300 526 1487 577 longius
1505 538 1532 565 a
1548 525 1701 577 patria
1720 525 1796 564 ab·

170 602 276 636 sunt
298 608 480 649 quoque
502 599 652 649 magis
673 609 760 649 ope
788 598 1103 638 institutorum
1130 596 1457 637 destituuntur.
1489 595 1663 647 Magna
1692 607 1795 646 pro-

170 667 290 707 fecto
312 669 448 708 laude
470 669 639 719 dignus
660 669 773 709 mihi
794 669 977 709 videtur
998 669 1072 708 hic
1093 669 1242 718 labor,
1262 680 1399 720 quem
1416 668 1461 708 in
1474 668 1695 719 juvandis
1712 669 1795 708 ita-

168 739 316 778 lorum
334 740 576 779 animabus
592 740 756 780 Patres
772 740 918 780 nostri
934 751 1116 780 sumere
1136 740 1399 779 voluerunt.
1421 738 1656 789 Quantam
1672 739 1796 780 enim

167 809 231 849 illi
252 810 397 850 divini
417 811 549 850 verbi
570 811 812 862 penuriam
833 811 909 850 hic
930 816 1220 862 paterentur,
1244 811 1521 862 quantisque
1550 811 1596 850 in
1616 811 1795 862 pericu-

169 880 223 920 lis
257 881 531 932 perditionis
565 888 671 922 ante
700 883 952 922 adventum
980 881 1171 922 Patrum
1197 887 1465 921 nostrorum
1493 888 1797 922 versarentur

166 951 301 992 facile
324 953 642 993 aestimaverit
661 953 715 993 R.
740 953 788 993 Ρ.
808 953 859 993 T.
879 953 1157 993 Benedictus
1173 953 1248 992 ille
1264 953 1311 992 in
1329 958 1585 1002 aeternum,
1606 952 1684 1003 qui
1699 964 1793 992 non

165 1023 313 1062 solum
334 1024 433 1064 vult
455 1035 616 1064 omnes
636 1024 735 1064 fieri
755 1025 928 1071 salvos,
953 1024 1034 1064 sed
1055 1024 1195 1063 etiam
1215 1024 1304 1063 hoc
1325 1023 1506 1063 abunde
1528 1022 1680 1074 efficit,
1700 1034 1792 1074 qua

167 1093 239 1132 via
261 1100 306 1133 et
326 1094 507 1134 ratione
529 1095 727 1134 salutem
748 1095 932 1135 animae
953 1095 1142 1146 quilibet
1164 1094 1467 1145 adipiscatur.

243 1163 521 1205 Profuerunt
543 1176 656 1216 ergo
678 1165 840 1206 Patres
861 1167 1076 1217 proximo
1099 1177 1205 1205 cum
1224 1166 1271 1205 in
1298 1165 1463 1205 studiis
1491 1167 1596 1204 turn¹⁴
1614 1165 1661 1204 in
1681 1176 1790 1204 con-

161 1235 386 1275 cionibus.
409 1235 664 1276 Redierunt
692 1249 750 1276 ex
776 1236 1021 1288 Hungaria
1049 1242 1092 1276 et
1120 1236 1316 1276 redeunt
1343 1236 1513 1276 milites
1540 1235 1639 1275 itali
1665 1247 1791 1275 com-

162 1306 329 1356 plures,
353 1306 525 1357 partim
546 1307 746 1347 adversa
768 1307 1056 1357 valetudine,
1080 1307 1252 1359 partim
1272 1307 1566 1357 vulneribus,
1591 1318 1788 1358 corpore

158 1377 368 1426 graviter
388 1377 602 1428 equidem
623 1378 797 1428 affecti,
822 1378 904 1418 sed
924 1384 1225 1429 peccatorum
1251 1378 1558 1429 plurimorum
1585 1377 1712 1427 tabe,
1737 1382 1788 1417 ut

157 1448 274 1487 solet
295 1449 382 1488 hoc
403 1448 642 1488 hominum
662 1443 826 1500 genus,
849 1449 896 1489 in
917 1450 1074 1489 anima
1094 1450 1231 1501 plane
1258 1449 1480 1497 confecti;
1505 1448 1582 1500 qui
1610 1448 1790 1488 confes·

159 1519 302 1558 sionis
335 1519 592 1570 pharmaco
627 1532 653 1559 a
681 1521 854 1560 nostris
880 1520 1047 1560 blande
1076 1520 1254 1569 oblato,
1284 1520 1407 1571 quod
1435 1519 1494 1559 ad
1520 1520 1791 1559 interiorem

158 1589 344 1640 quidem
365 1590 506 1630 animi
526 1591 648 1631 luem
670 1591 853 1641 attinet,
888 1592 1187 1642 integerrime
1218 1591 1369 1631 curati
1400 1595 1521 1641 sunt,
1547 1597 1591 1630 et
1621 1602 1787 1630 curan-

158 1666 245 1700 tur.
269 1660 472 1701 Rursum
493 1662 586 1713 alii,
611 1662 709 1702 itali
728 1662 919 1714 pariter,
944 1674 1038 1702 non
1059 1662 1197 1713 pauci
1226 1674 1284 1702 ex
1314 1661 1401 1702 hac
1433 1662 1530 1702 vita
1562 1662 1608 1701 in
1639 1662 1786 1701 coele-

157 1737 275 1770 stem
296 1732 556 1782 migraturi,
580 1738 630 1772 ut
659 1733 808 1773 levior
838 1733 1099 1784 certiorque
1129 1733 1242 1783 ipsis
1263 1740 1386 1772 esset
1417 1732 1657 1784 profectio,
1683 1744 1787 1784 pec-

158 1808 370 1842 catorum
391 1814 582 1843 suorum
603 1804 817 1844 sarcinas
840 1803 963 1854 apud
985 1810 1173 1843 nostros
1194 1804 1389 1843 libenter
1409 1804 1724 1854 deposuerunt
1742 1809 1787 1843 et

157 1873 460 1924 reliquerunt.

232 1943 371 1995 Apud
393 1944 655 1985 Germanos
676 1946 762 1986 fuit
783 1946 1009 1987 hactenus
1030 1947 1126 1987 sere
1148 1948 1379 1987 insuetum
1399 1947 1585 1998 saepius
1614 1947 1785 1987 iterare

153 2015 508 2055 confessionem.
532 2015 596 2056 At
616 2017 788 2057 audent
804 2023 848 2057 et
865 2018 911 2058 hi
928 2019 1152 2068 paulatim
1168 2029 1311 2058 suasu
1327 2023 1594 2058 nostrorum
1611 2029 1784 2058 novam

152 2085 273 2125 hanc
294 2086 449 2125 hocin
478 2088 580 2126 loco
610 2089 992 2128 consuetudinem
1022 2089 1256 2128 inducere.
1289 2088 1361 2129 Ex
1390 2088 1611 2128 studiosis
1641 2099 1782 2140 saepe

154 2157 398 2197 habuimus
420 2157 608 2209 aliquot,
632 2159 711 2210 qui
731 2159 855 2199 domi
876 2165 1065 2199 nostrae
1086 2166 1131 2200 et
1153 2159 1484 2200 confiterentur
1514 2165 1558 2199 et
1579 2171 1782 2199 commu-

153 2228 384 2278 nicarent,
408 2228 548 2268 immo
569 2229 710 2269 etiam
730 2241 789 2270 ex
809 2230 958 2281 primo
980 2230 1298 2281 professorum
1323 2230 1500 2270 ordine.
1524 2229 1701 2281 Nuper,
1734 2231 1783 2271 in

154 2297 270 2338 festo
291 2298 349 2338 D.
372 2299 583 2349 Virginis
604 2307 872 2352 assumptae
893 2301 952 2341 ad
973 2302 1142 2351 coelos,
1167 2301 1326 2341 habuit
1346 2300 1395 2340 P.
1419 2301 1635 2342 Canisius
1664 2313 1780 2341 mes-

153 2380 252 2408 sem
284 2369 528 2409 mulierum
561 2369 904 2411 Germanarum
932 2371 1069 2412 valde
1099 2372 1358 2423 copiosam,
1391 2383 1450 2412 ex
1479 2372 1644 2423 quibus
1674 2378 1781 2412 octo

154 2439 352 2490 circiter,
376 2445 420 2479 et
443 2440 560 2480 inter
581 2452 661 2481 eas
682 2442 859 2492 aliquot
880 2442 1072 2493 nobiles,
1096 2442 1338 2483 nobiscum
1360 2443 1407 2482 in
1427 2443 1599 2493 templo
1616 2449 1779 2483 nostro

154 2511 478 2551 sanctissimae
495 2512 818 2552 Eucharistiae
834 2512 1191 2553 Sacramentum
1206 2525 1386 2554 summa
1403 2525 1510 2554 cum
1527 2514 1776 2555 devotione

152 2588 442 2633 receperunt.

231 2651 376 2704 Spero
399 2652 612 2704 equidem
631 2653 730 2693 fore
752 2660 800 2694 ut
820 2656 976 2705 plures
995 2661 1188 2706 generet
1205 2655 1390 2696 Christo
1412 2667 1518 2696 cum
1535 2655 1653 2696 filias
1674 2661 1773 2696 tum

154 2722 265 2763 lilios
286 2723 360 2762 hic
384 2723 535 2774 Pater,
558 2724 636 2764 ubi
657 2724 949 2765 Viennenses
980 2726 1125 2766 vitam
1146 2726 1290 2778 ipsius
1321 2733 1365 2766 et
1386 2738 1539 2767 mores
1569 2727 1775 2779 inculpa-

149 2794 352 2833 tissimos
385 2794 586 2845 penitius
621 2796 945 2846 cognoverint.
981 2796 1253 2838 Accersitur
1287 2798 1428 2838 etiam
1465 2798 1525 2838 ad
1566 2797 1776 2838 infirmos

150 2876 481 2916 nonnunquam
502 2871 551 2905 ut
579 2866 833 2917 spiritualis
861 2867 1067 2908 medicus
1097 2868 1324 2919 spirituali
1353 2869 1535 2909 animae
1561 2870 1773 2910 sanando

148 2935 364 2986 languori
383 2936 670 2987 spiritualem
690 2949 871 2989 quoque
892 2938 1171 2979 medicinam
1195 2946 1442 2991 proponat.
1464 2939 1678 2981 Vocatus
1706 2953 1774 2981 se-

149 3008 235 3045 mel
259 3006 318 3046 ad
339 3006 690 3048 daemoniacam
711 3009 960 3059 quamdam
982 3011 1234 3060 mulierem,
1260 3018 1328 3061 ut,
1352 3012 1390 3051 si
1412 3011 1520 3063 quid
1541 3018 1698 3064 posset
1727 3013 1774 3052 in
