<?xml version="1.0" encoding="UTF-8"?>
<!DOCTYPE html PUBLIC "-//W3C//DTD XHTML 1.0 Transitional//EN"
    "http://www.w3.org/TR/xhtml1/DTD/xhtml1-transitional.dtd">
<html xmlns="http://www.w3.org/1999/xhtml" xml:lang="en" lang="en">
 <head>
  <title>
</title>
<meta http-equiv="Content-Type" content="text/html;charset=utf-8" />
  <meta name='ocr-system' content='tesseract 3.04.00' />
  <meta name='ocr-capabilities' content='ocr_page ocr_carea ocr_par ocr_line ocrx_word'/>
</head>
<body>
  <div class='ocr_page' id='page_1' title='image "./litteraequadrime13lain_0659.png"; bbox 0 0 2074 3179; ppageno 0'>
   <div class='ocr_carea' id='block_1_1' title="bbox 826 126 1775 174">
    <p class='ocr_par' dir='ltr' id='par_1_1' title="bbox 826 126 1775 174">
     <span class='ocr_line' id='line_1_1' title="bbox 826 126 1775 174; baseline -0.003 -10"><span class='ocrx_word' id='word_1_1' title='bbox 826 128 934 174; x_wconf 50' lang='lat' dir='ltr'>¹¹AN.</span> <span class='ocrx_word' id='word_1_2' title='bbox 968 127 1057 168; x_wconf 73' lang='lat'>1552</span> <span class='ocrx_word' id='word_1_3' title='bbox 1139 167 1141 170; x_wconf 13' lang='grc' dir='ltr'><em>Α</em></span> <span class='ocrx_word' id='word_1_4' title='bbox 1699 126 1775 168; x_wconf 60' lang='lat'>(5523-</span> 
     </span>
    </p>
   </div>
   <div class='ocr_carea' id='block_1_2' title="bbox 130 223 1768 2684">
    <p class='ocr_par' dir='ltr' id='par_1_2' title="bbox 130 223 1768 2684">
     <span class='ocr_line' id='line_1_2' title="bbox 137 223 1766 277; baseline -0.002 -12"><span class='ocrx_word' id='word_1_5' title='bbox 137 226 310 277; x_wconf 87' lang='lat' dir='ltr'>quiete,</span> <span class='ocrx_word' id='word_1_6' title='bbox 335 226 582 271; x_wconf 76' lang='lat' dir='ltr'>et,silentio</span> <span class='ocrx_word' id='word_1_7' title='bbox 605 232 649 265; x_wconf 84' lang='lat' dir='ltr'>et</span> <span class='ocrx_word' id='word_1_8' title='bbox 671 225 824 265; x_wconf 84' lang='lat' dir='ltr'>studio</span> <span class='ocrx_word' id='word_1_9' title='bbox 847 223 1029 264; x_wconf 80' lang='lat' dir='ltr'>versari</span> <span class='ocrx_word' id='word_1_10' title='bbox 1060 223 1282 272; x_wconf 68' lang='lat' dir='ltr'>solemus,</span> <span class='ocrx_word' id='word_1_11' title='bbox 1314 223 1635 273; x_wconf 70' lang='lat' dir='ltr'>neminemque</span> <span class='ocrx_word' id='word_1_12' title='bbox 1665 234 1766 271; x_wconf 81' lang='lat' dir='ltr'>essc</span> 
     </span>
     <span class='ocr_line' id='line_1_3' title="bbox 137 292 1766 347; baseline -0.003 -11"><span class='ocrx_word' id='word_1_13' title='bbox 137 297 261 336; x_wconf 91' lang='lat' dir='ltr'>domi</span> <span class='ocrx_word' id='word_1_14' title='bbox 281 303 489 347; x_wconf 89' lang='lat' dir='ltr'>nostrae,</span> <span class='ocrx_word' id='word_1_15' title='bbox 513 296 591 347; x_wconf 88' lang='lat' dir='ltr'>qui</span> <span class='ocrx_word' id='word_1_16' title='bbox 612 302 768 347; x_wconf 83' lang='lat' dir='ltr'>posset</span> <span class='ocrx_word' id='word_1_17' title='bbox 799 295 1079 334; x_wconf 89' lang='lat' dir='ltr'>monachum</span> <span class='ocrx_word' id='word_1_18' title='bbox 1109 292 1361 332; x_wconf 80' lang='lat' dir='ltr'>observare</span> <span class='ocrx_word' id='word_1_19' title='bbox 1383 292 1492 343; x_wconf 84' lang='lat' dir='ltr'>quid</span> <span class='ocrx_word' id='word_1_20' title='bbox 1513 292 1637 332; x_wconf 87' lang='lat' dir='ltr'>domi</span> <span class='ocrx_word' id='word_1_21' title='bbox 1661 305 1766 343; x_wconf 72' lang='lat' dir='ltr'>agc-</span> 
     </span>
     <span class='ocr_line' id='line_1_4' title="bbox 137 363 1765 418; baseline -0.002 -11"><span class='ocrx_word' id='word_1_22' title='bbox 137 373 226 418; x_wconf 88' lang='lat' dir='ltr'>ret,</span> <span class='ocrx_word' id='word_1_23' title='bbox 269 379 422 418; x_wconf 84' lang='lat' dir='ltr'>quove</span> <span class='ocrx_word' id='word_1_24' title='bbox 462 367 568 417; x_wconf 90' lang='lat' dir='ltr'>iret,</span> <span class='ocrx_word' id='word_1_25' title='bbox 611 373 689 406; x_wconf 87' lang='lat' dir='ltr'>aut</span> <span class='ocrx_word' id='word_1_26' title='bbox 729 378 868 418; x_wconf 84' lang='lat' dir='ltr'>quam</span> <span class='ocrx_word' id='word_1_27' title='bbox 903 363 1285 405; x_wconf 76' lang='lat' dir='ltr'>consuetudinem</span> <span class='ocrx_word' id='word_1_28' title='bbox 1324 363 1517 403; x_wconf 88' lang='lat' dir='ltr'>haberet</span> <span class='ocrx_word' id='word_1_29' title='bbox 1551 363 1685 410; x_wconf 83' lang='lat' dir='ltr'>foris,</span> <span class='ocrx_word' id='word_1_30' title='bbox 1723 373 1765 404; x_wconf 82' lang='lat' dir='ltr'>et</span> 
     </span>
     <span class='ocr_line' id='line_1_5' title="bbox 136 427 1764 489; baseline -0.003 -11"><span class='ocrx_word' id='word_1_31' title='bbox 136 450 253 489; x_wconf 89' lang='lat' dir='ltr'>quos</span> <span class='ocrx_word' id='word_1_32' title='bbox 274 427 429 489; x_wconf 84' lang='lat' dir='ltr'>posset</span> <span class='ocrx_word' id='word_1_33' title='bbox 451 438 764 488; x_wconf 80' lang='lat' dir='ltr'>introducere,</span> <span class='ocrx_word' id='word_1_34' title='bbox 789 449 843 476; x_wconf 86' lang='lat' dir='ltr'>eo</span> <span class='ocrx_word' id='word_1_35' title='bbox 865 436 988 488; x_wconf 71' lang='lat' dir='ltr'>quod</span> <span class='ocrx_word' id='word_1_36' title='bbox 1010 435 1147 475; x_wconf 81' lang='lat' dir='ltr'>Pater</span> <span class='ocrx_word' id='word_1_37' title='bbox 1178 440 1336 474; x_wconf 88' lang='lat' dir='ltr'>noster</span> <span class='ocrx_word' id='word_1_38' title='bbox 1359 446 1497 486; x_wconf 89' lang='lat' dir='ltr'>saepe</span> <span class='ocrx_word' id='word_1_39' title='bbox 1520 433 1764 474; x_wconf 74' lang='lat' dir='ltr'>decumbat</span> 
     </span>
     <span class='ocr_line' id='line_1_6' title="bbox 136 505 1766 560; baseline -0.002 -12"><span class='ocrx_word' id='word_1_40' title='bbox 136 509 182 548; x_wconf 89' lang='lat' dir='ltr'>in</span> <span class='ocrx_word' id='word_1_41' title='bbox 209 510 399 559; x_wconf 87' lang='lat' dir='ltr'>lectulo,</span> <span class='ocrx_word' id='word_1_42' title='bbox 429 520 570 560; x_wconf 88' lang='lat' dir='ltr'>quum</span> <span class='ocrx_word' id='word_1_43' title='bbox 601 521 711 548; x_wconf 76' lang='lat' dir='ltr'>vero</span> <span class='ocrx_word' id='word_1_44' title='bbox 739 515 892 559; x_wconf 85' lang='lat' dir='ltr'>potest</span> <span class='ocrx_word' id='word_1_45' title='bbox 922 507 1072 556; x_wconf 82' lang='lat' dir='ltr'>exire,</span> <span class='ocrx_word' id='word_1_46' title='bbox 1106 506 1163 546; x_wconf 81' lang='lat' dir='ltr'>sit</span> <span class='ocrx_word' id='word_1_47' title='bbox 1194 506 1242 545; x_wconf 90' lang='lat' dir='ltr'>in</span> <span class='ocrx_word' id='word_1_48' title='bbox 1270 505 1430 545; x_wconf 87' lang='lat' dir='ltr'>urbem</span> <span class='ocrx_word' id='word_1_49' title='bbox 1459 505 1518 545; x_wconf 90' lang='lat' dir='ltr'>ad</span> <span class='ocrx_word' id='word_1_50' title='bbox 1545 517 1766 557; x_wconf 85' lang='lat' dir='ltr'>quaeren-</span> 
     </span>
     <span class='ocr_line' id='line_1_7' title="bbox 136 577 1768 627; baseline -0.002 -8"><span class='ocrx_word' id='word_1_51' title='bbox 136 580 245 620; x_wconf 89' lang='lat' dir='ltr'>dum</span> <span class='ocrx_word' id='word_1_52' title='bbox 266 580 462 620; x_wconf 85' lang='lat' dir='ltr'>victum:</span> <span class='ocrx_word' id='word_1_53' title='bbox 486 592 573 619; x_wconf 89' lang='lat' dir='ltr'>nos</span> <span class='ocrx_word' id='word_1_54' title='bbox 604 591 717 619; x_wconf 69' lang='lat' dir='ltr'>vero</span> <span class='ocrx_word' id='word_1_55' title='bbox 746 581 820 619; x_wconf 75' lang='lat' dir='ltr'>vel</span> <span class='ocrx_word' id='word_1_56' title='bbox 849 579 973 618; x_wconf 91' lang='lat' dir='ltr'>domi</span> <span class='ocrx_word' id='word_1_57' title='bbox 1005 579 1076 617; x_wconf 78' lang='lat' dir='ltr'>vel</span> <span class='ocrx_word' id='word_1_58' title='bbox 1106 577 1220 616; x_wconf 87' lang='lat' dir='ltr'>foris</span> <span class='ocrx_word' id='word_1_59' title='bbox 1249 577 1466 627; x_wconf 87' lang='lat' dir='ltr'>occupati</span> <span class='ocrx_word' id='word_1_60' title='bbox 1492 577 1768 616; x_wconf 83' lang='lat' dir='ltr'>lectionibus</span> 
     </span>
     <span class='ocr_line' id='line_1_8' title="bbox 136 647 1768 691; baseline -0.002 0"><span class='ocrx_word' id='word_1_61' title='bbox 136 652 322 691; x_wconf 85' lang='lat' dir='ltr'>nostris.</span> <span class='ocrx_word' id='word_1_62' title='bbox 347 651 523 691; x_wconf 89' lang='lat' dir='ltr'>Tamen</span> <span class='ocrx_word' id='word_1_63' title='bbox 546 650 686 691; x_wconf 85' lang='lat' dir='ltr'>Pater</span> <span class='ocrx_word' id='word_1_64' title='bbox 707 650 889 690; x_wconf 88' lang='lat' dir='ltr'>dicebat</span> <span class='ocrx_word' id='word_1_65' title='bbox 918 661 966 689; x_wconf 92' lang='lat' dir='ltr'>se</span> <span class='ocrx_word' id='word_1_66' title='bbox 997 660 1089 688; x_wconf 89' lang='lat' dir='ltr'>non</span> <span class='ocrx_word' id='word_1_67' title='bbox 1118 648 1216 688; x_wconf 82' lang='lat' dir='ltr'>sore</span> <span class='ocrx_word' id='word_1_68' title='bbox 1247 648 1294 687; x_wconf 86' lang='lat' dir='ltr'>in</span> <span class='ocrx_word' id='word_1_69' title='bbox 1324 647 1411 688; x_wconf 88' lang='lat' dir='ltr'>hoc</span> <span class='ocrx_word' id='word_1_70' title='bbox 1442 648 1596 688; x_wconf 88' lang='lat' dir='ltr'>animo</span> <span class='ocrx_word' id='word_1_71' title='bbox 1630 649 1768 688; x_wconf 84' lang='lat' dir='ltr'>obsti-</span> 
     </span>
     <span class='ocr_line' id='line_1_9' title="bbox 136 719 1767 773; baseline -0.002 -11"><span class='ocrx_word' id='word_1_72' title='bbox 136 728 267 771; x_wconf 90' lang='lat' dir='ltr'>nato,</span> <span class='ocrx_word' id='word_1_73' title='bbox 300 721 380 761; x_wconf 89' lang='lat' dir='ltr'>sed</span> <span class='ocrx_word' id='word_1_74' title='bbox 414 723 697 773; x_wconf 88' lang='lat' dir='ltr'>scripturum</span> <span class='ocrx_word' id='word_1_75' title='bbox 725 721 782 761; x_wconf 88' lang='lat' dir='ltr'>ad</span> <span class='ocrx_word' id='word_1_76' title='bbox 814 720 1149 760; x_wconf 87' lang='lat' dir='ltr'>Paternitatem</span> <span class='ocrx_word' id='word_1_77' title='bbox 1182 719 1331 758; x_wconf 89' lang='lat' dir='ltr'>Tuam</span> <span class='ocrx_word' id='word_1_78' title='bbox 1367 719 1477 770; x_wconf 86' lang='lat' dir='ltr'>quid</span> <span class='ocrx_word' id='word_1_79' title='bbox 1511 719 1557 758; x_wconf 93' lang='lat' dir='ltr'>in</span> <span class='ocrx_word' id='word_1_80' title='bbox 1592 719 1681 759; x_wconf 86' lang='lat' dir='ltr'>hac</span> <span class='ocrx_word' id='word_1_81' title='bbox 1719 731 1767 758; x_wconf 82' lang='lat' dir='ltr'>re</span> 
     </span>
     <span class='ocr_line' id='line_1_10' title="bbox 135 790 1765 844; baseline -0.002 -12"><span class='ocrx_word' id='word_1_82' title='bbox 135 793 348 844; x_wconf 76' lang='lat' dir='ltr'>sentiret3</span> <span class='ocrx_word' id='word_1_83' title='bbox 379 793 563 833; x_wconf 84' lang='lat' dir='ltr'>demum</span> <span class='ocrx_word' id='word_1_84' title='bbox 591 805 639 832; x_wconf 91' lang='lat' dir='ltr'>se</span> <span class='ocrx_word' id='word_1_85' title='bbox 667 793 900 832; x_wconf 77' lang='lat' dir='ltr'>facturum</span> <span class='ocrx_word' id='word_1_86' title='bbox 921 790 1141 842; x_wconf 84' lang='lat' dir='ltr'>quidquid</span> <span class='ocrx_word' id='word_1_87' title='bbox 1173 790 1249 829; x_wconf 87' lang='lat' dir='ltr'>illa</span> <span class='ocrx_word' id='word_1_88' title='bbox 1281 790 1559 840; x_wconf 88' lang='lat' dir='ltr'>imperaret;</span> <span class='ocrx_word' id='word_1_89' title='bbox 1584 790 1765 830; x_wconf 75' lang='lat' dir='ltr'>interim</span> 
     </span>
     <span class='ocr_line' id='line_1_11' title="bbox 136 860 1767 913; baseline -0.002 -10"><span class='ocrx_word' id='word_1_90' title='bbox 136 875 249 904; x_wconf 75' lang='lat' dir='ltr'>vero</span> <span class='ocrx_word' id='word_1_91' title='bbox 281 864 390 903; x_wconf 88' lang='lat' dir='ltr'>dum</span> <span class='ocrx_word' id='word_1_92' title='bbox 417 864 680 903; x_wconf 72' lang='lat' dir='ltr'>Pater-nitas</span> <span class='ocrx_word' id='word_1_93' title='bbox 710 870 790 903; x_wconf 85' lang='lat' dir='ltr'>tua</span> <span class='ocrx_word' id='word_1_94' title='bbox 823 861 1146 913; x_wconf 78' lang='lat' dir='ltr'>responderet,</span> <span class='ocrx_word' id='word_1_95' title='bbox 1180 861 1398 901; x_wconf 88' lang='lat' dir='ltr'>monebat</span> <span class='ocrx_word' id='word_1_96' title='bbox 1429 860 1684 900; x_wconf 89' lang='lat' dir='ltr'>Doctorcm</span> <span class='ocrx_word' id='word_1_97' title='bbox 1720 870 1767 900; x_wconf 82' lang='lat' dir='ltr'>ut</span> 
     </span>
     <span class='ocr_line' id='line_1_12' title="bbox 134 931 1767 985; baseline -0.002 -11"><span class='ocrx_word' id='word_1_98' title='bbox 134 935 359 974; x_wconf 88' lang='lat' dir='ltr'>scriberet</span> <span class='ocrx_word' id='word_1_99' title='bbox 382 935 613 974; x_wconf 84' lang='lat' dir='ltr'>monacho</span> <span class='ocrx_word' id='word_1_100' title='bbox 631 941 679 974; x_wconf 87' lang='lat' dir='ltr'>ut</span> <span class='ocrx_word' id='word_1_101' title='bbox 697 934 882 985; x_wconf 87' lang='lat' dir='ltr'>saepius</span> <span class='ocrx_word' id='word_1_102' title='bbox 897 944 982 973; x_wconf 90' lang='lat' dir='ltr'>nos</span> <span class='ocrx_word' id='word_1_103' title='bbox 1000 933 1244 982; x_wconf 81' lang='lat' dir='ltr'>inviseret,</span> <span class='ocrx_word' id='word_1_104' title='bbox 1269 932 1450 971; x_wconf 77' lang='lat' dir='ltr'>veniret</span> <span class='ocrx_word' id='word_1_105' title='bbox 1468 932 1527 971; x_wconf 85' lang='lat' dir='ltr'>ad</span> <span class='ocrx_word' id='word_1_106' title='bbox 1543 932 1639 971; x_wconf 83' lang='lat' dir='ltr'>D.m</span> <span class='ocrx_word' id='word_1_107' title='bbox 1657 931 1767 971; x_wconf 85' lang='lat' dir='ltr'>Ger-</span> 
     </span>
     <span class='ocr_line' id='line_1_13' title="bbox 135 1004 1766 1056; baseline -0.002 -11"><span class='ocrx_word' id='word_1_108' title='bbox 135 1017 324 1045; x_wconf 89' lang='lat' dir='ltr'>manum</span> <span class='ocrx_word' id='word_1_109' title='bbox 349 1005 356 1023; x_wconf 91' lang='lat'><strong>¹</strong></span> <span class='ocrx_word' id='word_1_110' title='bbox 380 1005 682 1045; x_wconf 81' lang='lat' dir='ltr'>confessurus</span> <span class='ocrx_word' id='word_1_111' title='bbox 710 1011 846 1056; x_wconf 88' lang='lat' dir='ltr'>atque</span> <span class='ocrx_word' id='word_1_112' title='bbox 875 1004 1329 1053; x_wconf 82' lang='lat' dir='ltr'>communicaturus,</span> <span class='ocrx_word' id='word_1_113' title='bbox 1363 1010 1474 1053; x_wconf 91' lang='lat' dir='ltr'>etc.,</span> <span class='ocrx_word' id='word_1_114' title='bbox 1509 1015 1650 1054; x_wconf 71' lang='lat' dir='ltr'>seque</span> <span class='ocrx_word' id='word_1_115' title='bbox 1675 1015 1766 1042; x_wconf 90' lang='lat' dir='ltr'>non</span> 
     </span>
     <span class='ocr_line' id='line_1_14' title="bbox 133 1074 1766 1126; baseline -0.001 -11"><span class='ocrx_word' id='word_1_116' title='bbox 133 1075 398 1115; x_wconf 87' lang='lat' dir='ltr'>defuturum</span> <span class='ocrx_word' id='word_1_117' title='bbox 429 1076 660 1115; x_wconf 83' lang='lat' dir='ltr'>monacho</span> <span class='ocrx_word' id='word_1_118' title='bbox 689 1076 735 1115; x_wconf 92' lang='lat' dir='ltr'>in</span> <span class='ocrx_word' id='word_1_119' title='bbox 762 1075 973 1115; x_wconf 89' lang='lat' dir='ltr'>omnibus</span> <span class='ocrx_word' id='word_1_120' title='bbox 1001 1074 1320 1126; x_wconf 79' lang='lat' dir='ltr'>spectantibus</span> <span class='ocrx_word' id='word_1_121' title='bbox 1354 1075 1552 1114; x_wconf 90' lang='lat' dir='ltr'>salutern</span> <span class='ocrx_word' id='word_1_122' title='bbox 1582 1074 1766 1113; x_wconf 86' lang='lat' dir='ltr'>animae</span> 
     </span>
     <span class='ocr_line' id='line_1_15' title="bbox 132 1144 1765 1197; baseline -0.001 -12"><span class='ocrx_word' id='word_1_123' title='bbox 132 1146 293 1197; x_wconf 90' lang='lat' dir='ltr'>ipsius.</span> <span class='ocrx_word' id='word_1_124' title='bbox 322 1146 495 1186; x_wconf 90' lang='lat' dir='ltr'>Curam</span> <span class='ocrx_word' id='word_1_125' title='bbox 519 1158 631 1186; x_wconf 82' lang='lat' dir='ltr'>vero</span> <span class='ocrx_word' id='word_1_126' title='bbox 655 1147 775 1186; x_wconf 92' lang='lat' dir='ltr'>illius</span> <span class='ocrx_word' id='word_1_127' title='bbox 807 1146 1139 1197; x_wconf 76' lang='lat' dir='ltr'>particularem</span> <span class='ocrx_word' id='word_1_128' title='bbox 1166 1145 1213 1184; x_wconf 92' lang='lat' dir='ltr'>in</span> <span class='ocrx_word' id='word_1_129' title='bbox 1240 1145 1367 1184; x_wconf 77' lang='lat' dir='ltr'>victu</span> <span class='ocrx_word' id='word_1_130' title='bbox 1388 1152 1433 1184; x_wconf 90' lang='lat' dir='ltr'>et</span> <span class='ocrx_word' id='word_1_131' title='bbox 1454 1144 1645 1196; x_wconf 86' lang='lat' dir='ltr'>reliquis</span> <span class='ocrx_word' id='word_1_132' title='bbox 1667 1156 1765 1184; x_wconf 75' lang='lat' dir='ltr'>cor-</span> 
     </span>
     <span class='ocr_line' id='line_1_16' title="bbox 130 1216 1763 1269; baseline -0.001 -12"><span class='ocrx_word' id='word_1_133' title='bbox 130 1229 217 1268; x_wconf 86' lang='lat' dir='ltr'>pus</span> <span class='ocrx_word' id='word_1_134' title='bbox 239 1218 556 1269; x_wconf 77' lang='lat' dir='ltr'>spectantibus</span> <span class='ocrx_word' id='word_1_135' title='bbox 588 1229 682 1256; x_wconf 92' lang='lat' dir='ltr'>non</span> <span class='ocrx_word' id='word_1_136' title='bbox 704 1217 876 1257; x_wconf 88' lang='lat' dir='ltr'>audere</span> <span class='ocrx_word' id='word_1_137' title='bbox 907 1217 1144 1267; x_wconf 87' lang='lat' dir='ltr'>suscipere</span> <span class='ocrx_word' id='word_1_138' title='bbox 1175 1216 1274 1255; x_wconf 83' lang='lat' dir='ltr'>sine</span> <span class='ocrx_word' id='word_1_139' title='bbox 1304 1216 1525 1255; x_wconf 87' lang='lat' dir='ltr'>mandato</span> <span class='ocrx_word' id='word_1_140' title='bbox 1554 1216 1763 1256; x_wconf 75' lang='lat' dir='ltr'>obedien</span> 
     </span>
     <span class='ocr_line' id='line_1_17' title="bbox 131 1287 1763 1340; baseline -0.002 -12"><span class='ocrx_word' id='word_1_141' title='bbox 131 1289 242 1339; x_wconf 87' lang='lat' dir='ltr'>tiae,</span> <span class='ocrx_word' id='word_1_142' title='bbox 274 1300 414 1340; x_wconf 86' lang='lat' dir='ltr'>quum</span> <span class='ocrx_word' id='word_1_143' title='bbox 442 1287 708 1340; x_wconf 80' lang='lat' dir='ltr'>praefectus</span> <span class='ocrx_word' id='word_1_144' title='bbox 737 1289 796 1328; x_wconf 90' lang='lat' dir='ltr'>sit</span> <span class='ocrx_word' id='word_1_145' title='bbox 826 1288 918 1338; x_wconf 84' lang='lat' dir='ltr'>liis,</span> <span class='ocrx_word' id='word_1_146' title='bbox 952 1287 1029 1339; x_wconf 87' lang='lat' dir='ltr'>qui</span> <span class='ocrx_word' id='word_1_147' title='bbox 1060 1295 1166 1326; x_wconf 89' lang='lat' dir='ltr'>sunt</span> <span class='ocrx_word' id='word_1_148' title='bbox 1197 1287 1266 1326; x_wconf 90' lang='lat' dir='ltr'>sui</span> <span class='ocrx_word' id='word_1_149' title='bbox 1299 1287 1514 1337; x_wconf 88' lang='lat' dir='ltr'>instituti,</span> <span class='ocrx_word' id='word_1_150' title='bbox 1539 1299 1632 1326; x_wconf 92' lang='lat' dir='ltr'>non</span> <span class='ocrx_word' id='word_1_151' title='bbox 1654 1287 1763 1326; x_wconf 85' lang='lat' dir='ltr'>alte-</span> 
     </span>
     <span class='ocr_line' id='line_1_18' title="bbox 130 1356 1766 1410; baseline -0.002 -11"><span class='ocrx_word' id='word_1_152' title='bbox 130 1360 241 1399; x_wconf 90' lang='lat' dir='ltr'>rius.</span> <span class='ocrx_word' id='word_1_153' title='bbox 277 1359 410 1410; x_wconf 83' lang='lat' dir='ltr'>Quod</span> <span class='ocrx_word' id='word_1_154' title='bbox 440 1359 478 1398; x_wconf 91' lang='lat' dir='ltr'>si</span> <span class='ocrx_word' id='word_1_155' title='bbox 508 1358 627 1398; x_wconf 85' lang='lat' dir='ltr'>forte</span> <span class='ocrx_word' id='word_1_156' title='bbox 659 1358 947 1410; x_wconf 82' lang='lat' dir='ltr'>exspectatio</span> <span class='ocrx_word' id='word_1_157' title='bbox 976 1358 1091 1397; x_wconf 81' lang='lat' dir='ltr'>haec.</span> <span class='ocrx_word' id='word_1_158' title='bbox 1121 1357 1437 1408; x_wconf 87' lang='lat' dir='ltr'>responsionis</span> <span class='ocrx_word' id='word_1_159' title='bbox 1465 1356 1766 1396; x_wconf 85' lang='lat' dir='ltr'>Paternitatis</span> 
     </span>
     <span class='ocr_line' id='line_1_19' title="bbox 132 1428 1767 1481; baseline -0.002 -11"><span class='ocrx_word' id='word_1_160' title='bbox 132 1430 260 1470; x_wconf 89' lang='lat' dir='ltr'>Tuae</span> <span class='ocrx_word' id='word_1_161' title='bbox 295 1430 456 1481; x_wconf 75' lang='lat' dir='ltr'>gravis</span> <span class='ocrx_word' id='word_1_162' title='bbox 478 1430 598 1470; x_wconf 86' lang='lat' dir='ltr'>foret</span> <span class='ocrx_word' id='word_1_163' title='bbox 626 1430 812 1469; x_wconf 87' lang='lat' dir='ltr'>domino</span> <span class='ocrx_word' id='word_1_164' title='bbox 842 1429 1026 1479; x_wconf 89' lang='lat' dir='ltr'>domus,</span> <span class='ocrx_word' id='word_1_165' title='bbox 1056 1440 1105 1468; x_wconf 88' lang='lat' dir='ltr'>se</span> <span class='ocrx_word' id='word_1_166' title='bbox 1133 1428 1318 1479; x_wconf 89' lang='lat' dir='ltr'>quidem</span> <span class='ocrx_word' id='word_1_167' title='bbox 1346 1439 1440 1467; x_wconf 91' lang='lat' dir='ltr'>non</span> <span class='ocrx_word' id='word_1_168' title='bbox 1468 1429 1767 1468; x_wconf 87' lang='lat' dir='ltr'>occlusurum</span> 
     </span>
     <span class='ocr_line' id='line_1_20' title="bbox 131 1499 1767 1551; baseline -0.002 -10"><span class='ocrx_word' id='word_1_169' title='bbox 131 1501 254 1541; x_wconf 86' lang='lat' dir='ltr'>fores</span> <span class='ocrx_word' id='word_1_170' title='bbox 275 1501 439 1541; x_wconf 89' lang='lat' dir='ltr'>domus</span> <span class='ocrx_word' id='word_1_171' title='bbox 460 1513 544 1540; x_wconf 90' lang='lat' dir='ltr'>nec</span> <span class='ocrx_word' id='word_1_172' title='bbox 565 1507 847 1551; x_wconf 84' lang='lat' dir='ltr'>negaturum</span> <span class='ocrx_word' id='word_1_173' title='bbox 869 1500 1132 1540; x_wconf 84' lang='lat' dir='ltr'>cubiculum</span> <span class='ocrx_word' id='word_1_174' title='bbox 1159 1499 1412 1547; x_wconf 83' lang='lat' dir='ltr'>monacho,</span> <span class='ocrx_word' id='word_1_175' title='bbox 1437 1510 1579 1550; x_wconf 87' lang='lat' dir='ltr'>quum</span> <span class='ocrx_word' id='word_1_176' title='bbox 1600 1499 1767 1538; x_wconf 89' lang='lat' dir='ltr'>domus</span> 
     </span>
     <span class='ocr_line' id='line_1_21' title="bbox 132 1569 1765 1623; baseline -0.002 -11"><span class='ocrx_word' id='word_1_177' title='bbox 132 1571 228 1622; x_wconf 86' lang='lat' dir='ltr'>ejus</span> <span class='ocrx_word' id='word_1_178' title='bbox 249 1572 328 1623; x_wconf 87' lang='lat' dir='ltr'>sit;</span> <span class='ocrx_word' id='word_1_179' title='bbox 352 1583 515 1612; x_wconf 86' lang='lat' dir='ltr'>verum</span> <span class='ocrx_word' id='word_1_180' title='bbox 536 1571 688 1611; x_wconf 87' lang='lat' dir='ltr'>victus</span> <span class='ocrx_word' id='word_1_181' title='bbox 710 1570 808 1622; x_wconf 83' lang='lat' dir='ltr'>ejus</span> <span class='ocrx_word' id='word_1_182' title='bbox 838 1576 881 1610; x_wconf 89' lang='lat' dir='ltr'>et</span> <span class='ocrx_word' id='word_1_183' title='bbox 913 1570 1219 1622; x_wconf 87' lang='lat' dir='ltr'>professionis</span> <span class='ocrx_word' id='word_1_184' title='bbox 1250 1569 1575 1609; x_wconf 85' lang='lat' dir='ltr'>observandae</span> <span class='ocrx_word' id='word_1_185' title='bbox 1604 1581 1765 1609; x_wconf 86' lang='lat' dir='ltr'>curam</span> 
     </span>
     <span class='ocr_line' id='line_1_22' title="bbox 132 1639 1668 1694; baseline -0.003 -11"><span class='ocrx_word' id='word_1_186' title='bbox 132 1655 225 1683; x_wconf 90' lang='lat' dir='ltr'>non</span> <span class='ocrx_word' id='word_1_187' title='bbox 248 1648 594 1694; x_wconf 89' lang='lat' dir='ltr'>suscepturum,</span> <span class='ocrx_word' id='word_1_188' title='bbox 619 1642 767 1682; x_wconf 90' lang='lat' dir='ltr'>donec</span> <span class='ocrx_word' id='word_1_189' title='bbox 792 1642 874 1681; x_wconf 91' lang='lat' dir='ltr'>abs</span> <span class='ocrx_word' id='word_1_190' title='bbox 896 1648 939 1681; x_wconf 90' lang='lat' dir='ltr'>te</span> <span class='ocrx_word' id='word_1_191' title='bbox 962 1641 1161 1681; x_wconf 89' lang='lat' dir='ltr'>audierit</span> <span class='ocrx_word' id='word_1_192' title='bbox 1181 1640 1291 1692; x_wconf 85' lang='lat' dir='ltr'>quid</span> <span class='ocrx_word' id='word_1_193' title='bbox 1313 1639 1436 1680; x_wconf 87' lang='lat' dir='ltr'>facto</span> <span class='ocrx_word' id='word_1_194' title='bbox 1459 1652 1575 1692; x_wconf 91' lang='lat' dir='ltr'>opus</span> <span class='ocrx_word' id='word_1_195' title='bbox 1594 1641 1668 1680; x_wconf 92' lang='lat' dir='ltr'>sit.</span> 
     </span>
     <span class='ocr_line' id='line_1_23' title="bbox 211 1697 1762 1765; baseline -0.003 -11"><span class='ocrx_word' id='word_1_196' title='bbox 211 1713 302 1765; x_wconf 90' lang='lat' dir='ltr'>En,</span> <span class='ocrx_word' id='word_1_197' title='bbox 326 1713 380 1754; x_wconf 89' lang='lat' dir='ltr'>R.</span> <span class='ocrx_word' id='word_1_198' title='bbox 403 1713 565 1763; x_wconf 86' lang='lat' dir='ltr'>Pater,</span> <span class='ocrx_word' id='word_1_199' title='bbox 589 1725 689 1753; x_wconf 92' lang='lat' dir='ltr'>rem</span> <span class='ocrx_word' id='word_1_200' title='bbox 709 1725 736 1752; x_wconf 89' lang='lat' dir='ltr'>a</span> <span class='ocrx_word' id='word_1_201' title='bbox 758 1713 910 1764; x_wconf 90' lang='lat' dir='ltr'>capite</span> <span class='ocrx_word' id='word_1_202' title='bbox 928 1712 987 1752; x_wconf 89' lang='lat' dir='ltr'>ad</span> <span class='ocrx_word' id='word_1_203' title='bbox 1004 1712 1182 1752; x_wconf 84' lang='lat' dir='ltr'>calcem</span> <span class='ocrx_word' id='word_1_204' title='bbox 1198 1711 1279 1751; x_wconf 89' lang='lat' dir='ltr'>tibi</span> <span class='ocrx_word' id='word_1_205' title='bbox 1294 1711 1588 1762; x_wconf 88' lang='lat' dir='ltr'>propositam</span> <span class='ocrx_word' id='word_1_206' title='bbox 1609 1697 1762 1751; x_wconf 84' lang='lat' dir='ltr'>cerne.</span> 
     </span>
     <span class='ocr_line' id='line_1_24' title="bbox 132 1782 1765 1836; baseline -0.001 -12"><span class='ocrx_word' id='word_1_207' title='bbox 132 1784 311 1825; x_wconf 90' lang='lat' dir='ltr'>Doctor</span> <span class='ocrx_word' id='word_1_208' title='bbox 341 1785 527 1836; x_wconf 88' lang='lat' dir='ltr'>quidem</span> <span class='ocrx_word' id='word_1_209' title='bbox 556 1785 650 1835; x_wconf 88' lang='lat' dir='ltr'>ille,</span> <span class='ocrx_word' id='word_1_210' title='bbox 683 1784 862 1825; x_wconf 88' lang='lat' dir='ltr'>amicus</span> <span class='ocrx_word' id='word_1_211' title='bbox 892 1783 1160 1831; x_wconf 83' lang='lat' dir='ltr'>Societatis,</span> <span class='ocrx_word' id='word_1_212' title='bbox 1194 1782 1250 1822; x_wconf 89' lang='lat' dir='ltr'>de</span> <span class='ocrx_word' id='word_1_213' title='bbox 1285 1794 1375 1833; x_wconf 89' lang='lat' dir='ltr'>quo</span> <span class='ocrx_word' id='word_1_214' title='bbox 1403 1794 1544 1833; x_wconf 89' lang='lat' dir='ltr'>supra</span> <span class='ocrx_word' id='word_1_215' title='bbox 1575 1783 1765 1822; x_wconf 90' lang='lat' dir='ltr'>mentio-</span> 
     </span>
     <span class='ocr_line' id='line_1_25' title="bbox 131 1853 1765 1906; baseline -0.001 -11"><span class='ocrx_word' id='word_1_216' title='bbox 131 1867 238 1895; x_wconf 91' lang='lat' dir='ltr'>nem</span> <span class='ocrx_word' id='word_1_217' title='bbox 259 1855 367 1906; x_wconf 87' lang='lat' dir='ltr'>feci,</span> <span class='ocrx_word' id='word_1_218' title='bbox 392 1855 575 1896; x_wconf 87' lang='lat' dir='ltr'>dicebat</span> <span class='ocrx_word' id='word_1_219' title='bbox 596 1855 880 1895; x_wconf 90' lang='lat' dir='ltr'>monachum</span> <span class='ocrx_word' id='word_1_220' title='bbox 907 1855 1047 1894; x_wconf 88' lang='lat' dir='ltr'>etiam</span> <span class='ocrx_word' id='word_1_221' title='bbox 1074 1855 1121 1894; x_wconf 92' lang='lat' dir='ltr'>in</span> <span class='ocrx_word' id='word_1_222' title='bbox 1148 1855 1327 1893; x_wconf 76' lang='lat' dir='ltr'>victum</span> <span class='ocrx_word' id='word_1_223' title='bbox 1347 1853 1668 1905; x_wconf 88' lang='lat' dir='ltr'>quotidianum</span> <span class='ocrx_word' id='word_1_224' title='bbox 1689 1865 1765 1893; x_wconf 91' lang='lat' dir='ltr'>no-</span> 
     </span>
     <span class='ocr_line' id='line_1_26' title="bbox 131 1924 1766 1976; baseline -0.002 -10"><span class='ocrx_word' id='word_1_225' title='bbox 131 1925 311 1966; x_wconf 85' lang='lat' dir='ltr'>biscum</span> <span class='ocrx_word' id='word_1_226' title='bbox 333 1925 672 1966; x_wconf 89' lang='lat' dir='ltr'>admittendum</span> <span class='ocrx_word' id='word_1_227' title='bbox 699 1937 816 1966; x_wconf 84' lang='lat' dir='ltr'>esse.</span> <span class='ocrx_word' id='word_1_228' title='bbox 845 1926 1024 1966; x_wconf 89' lang='lat' dir='ltr'>Verum</span> <span class='ocrx_word' id='word_1_229' title='bbox 1051 1924 1180 1965; x_wconf 84' lang='lat' dir='ltr'>Patri</span> <span class='ocrx_word' id='word_1_230' title='bbox 1205 1925 1445 1975; x_wconf 83' lang='lat' dir='ltr'>Baptistae</span> <span class='ocrx_word' id='word_1_231' title='bbox 1470 1925 1646 1976; x_wconf 87' lang='lat' dir='ltr'>placuit</span> <span class='ocrx_word' id='word_1_232' title='bbox 1677 1924 1766 1964; x_wconf 81' lang='lat' dir='ltr'>alia</span> 
     </span>
     <span class='ocr_line' id='line_1_27' title="bbox 132 1995 1765 2048; baseline -0.001 -12"><span class='ocrx_word' id='word_1_233' title='bbox 132 1997 347 2037; x_wconf 87' lang='lat' dir='ltr'>incedere</span> <span class='ocrx_word' id='word_1_234' title='bbox 369 1997 467 2048; x_wconf 73' lang='lat' dir='ltr'>via,</span> <span class='ocrx_word' id='word_1_235' title='bbox 492 2009 548 2036; x_wconf 92' lang='lat' dir='ltr'>ne</span> <span class='ocrx_word' id='word_1_236' title='bbox 571 1997 681 2048; x_wconf 86' lang='lat' dir='ltr'>quid</span> <span class='ocrx_word' id='word_1_237' title='bbox 711 2004 885 2036; x_wconf 89' lang='lat' dir='ltr'>temere</span> <span class='ocrx_word' id='word_1_238' title='bbox 914 2002 1075 2047; x_wconf 82' lang='lat' dir='ltr'>ageret</span> <span class='ocrx_word' id='word_1_239' title='bbox 1106 1995 1279 2046; x_wconf 88' lang='lat' dir='ltr'>absque</span> <span class='ocrx_word' id='word_1_240' title='bbox 1310 2001 1387 2035; x_wconf 91' lang='lat' dir='ltr'>tuo</span> <span class='ocrx_word' id='word_1_241' title='bbox 1419 1995 1629 2034; x_wconf 90' lang='lat' dir='ltr'>consilio.</span> <span class='ocrx_word' id='word_1_242' title='bbox 1655 1995 1765 2034; x_wconf 88' lang='lat' dir='ltr'>Tur-</span> 
     </span>
     <span class='ocr_line' id='line_1_28' title="bbox 131 2065 1766 2119; baseline 0 -14"><span class='ocrx_word' id='word_1_243' title='bbox 131 2068 235 2118; x_wconf 85' lang='lat' dir='ltr'>pius</span> <span class='ocrx_word' id='word_1_244' title='bbox 256 2069 379 2107; x_wconf 89' lang='lat' dir='ltr'>enim</span> <span class='ocrx_word' id='word_1_245' title='bbox 399 2066 579 2118; x_wconf 86' lang='lat' dir='ltr'>ejicitur</span> <span class='ocrx_word' id='word_1_246' title='bbox 603 2079 743 2119; x_wconf 90' lang='lat' dir='ltr'>quam</span> <span class='ocrx_word' id='word_1_247' title='bbox 762 2079 858 2106; x_wconf 90' lang='lat' dir='ltr'>non</span> <span class='ocrx_word' id='word_1_248' title='bbox 881 2066 1141 2106; x_wconf 85' lang='lat' dir='ltr'>admittitur</span> <span class='ocrx_word' id='word_1_249' title='bbox 1162 2066 1348 2117; x_wconf 90' lang='lat' dir='ltr'>hospes.</span> <span class='ocrx_word' id='word_1_250' title='bbox 1379 2065 1538 2117; x_wconf 83' lang='lat' dir='ltr'>Neque</span> <span class='ocrx_word' id='word_1_251' title='bbox 1560 2066 1702 2117; x_wconf 90' lang='lat' dir='ltr'>enim,</span> <span class='ocrx_word' id='word_1_252' title='bbox 1729 2066 1766 2105; x_wconf 92' lang='lat' dir='ltr'>si</span> 
     </span>
     <span class='ocr_line' id='line_1_29' title="bbox 131 2136 1763 2188; baseline -0.001 -10"><span class='ocrx_word' id='word_1_253' title='bbox 131 2140 251 2179; x_wconf 87' lang='lat' dir='ltr'>male</span> <span class='ocrx_word' id='word_1_254' title='bbox 278 2139 535 2179; x_wconf 81' lang='lat' dir='ltr'>monachus</span> <span class='ocrx_word' id='word_1_255' title='bbox 562 2138 764 2188; x_wconf 78' lang='lat' dir='ltr'>viveret,</span> <span class='ocrx_word' id='word_1_256' title='bbox 789 2137 925 2178; x_wconf 88' lang='lat' dir='ltr'>facile</span> <span class='ocrx_word' id='word_1_257' title='bbox 955 2137 1201 2188; x_wconf 90' lang='lat' dir='ltr'>ejiceretur</span> <span class='ocrx_word' id='word_1_258' title='bbox 1229 2149 1253 2176; x_wconf 89' lang='lat' dir='ltr'>e</span> <span class='ocrx_word' id='word_1_259' title='bbox 1283 2136 1420 2176; x_wconf 90' lang='lat' dir='ltr'>domo</span> <span class='ocrx_word' id='word_1_260' title='bbox 1447 2136 1647 2176; x_wconf 83' lang='lat' dir='ltr'>Abbatis</span> <span class='ocrx_word' id='word_1_261' title='bbox 1678 2137 1763 2176; x_wconf 90' lang='lat' dir='ltr'>sui.</span> 
     </span>
     <span class='ocr_line' id='line_1_30' title="bbox 210 2207 1766 2260; baseline -0.001 -11"><span class='ocrx_word' id='word_1_262' title='bbox 210 2209 258 2249; x_wconf 90' lang='grc' dir='ltr'>Ρ.</span> <span class='ocrx_word' id='word_1_263' title='bbox 295 2209 504 2260; x_wconf 83' lang='lat' dir='ltr'>Baptista</span> <span class='ocrx_word' id='word_1_264' title='bbox 534 2215 578 2249; x_wconf 89' lang='lat' dir='ltr'>te</span> <span class='ocrx_word' id='word_1_265' title='bbox 612 2209 747 2248; x_wconf 82' lang='lat' dir='ltr'>enixe</span> <span class='ocrx_word' id='word_1_266' title='bbox 782 2214 921 2259; x_wconf 83' lang='lat' dir='ltr'>rogat</span> <span class='ocrx_word' id='word_1_267' title='bbox 952 2208 998 2247; x_wconf 90' lang='lat' dir='ltr'>in</span> <span class='ocrx_word' id='word_1_268' title='bbox 1029 2207 1230 2247; x_wconf 91' lang='lat' dir='ltr'>Domino</span> <span class='ocrx_word' id='word_1_269' title='bbox 1266 2214 1315 2247; x_wconf 91' lang='lat' dir='ltr'>ut</span> <span class='ocrx_word' id='word_1_270' title='bbox 1350 2207 1438 2247; x_wconf 90' lang='lat' dir='ltr'>sibi</span> <span class='ocrx_word' id='word_1_271' title='bbox 1477 2207 1766 2259; x_wconf 83' lang='lat' dir='ltr'>respondeas</span> 
     </span>
     <span class='ocr_line' id='line_1_31' title="bbox 133 2277 1764 2332; baseline -0.002 -12"><span class='ocrx_word' id='word_1_272' title='bbox 133 2281 244 2332; x_wconf 86' lang='lat' dir='ltr'>quid</span> <span class='ocrx_word' id='word_1_273' title='bbox 264 2280 351 2320; x_wconf 91' lang='lat' dir='ltr'>hac</span> <span class='ocrx_word' id='word_1_274' title='bbox 374 2280 420 2319; x_wconf 89' lang='lat' dir='ltr'>in</span> <span class='ocrx_word' id='word_1_275' title='bbox 441 2292 490 2319; x_wconf 90' lang='lat' dir='ltr'>re</span> <span class='ocrx_word' id='word_1_276' title='bbox 513 2291 654 2330; x_wconf 84' lang='lat' dir='ltr'>agere</span> <span class='ocrx_word' id='word_1_277' title='bbox 675 2279 860 2330; x_wconf 76' lang='lat' dir='ltr'>debeat,</span> <span class='ocrx_word' id='word_1_278' title='bbox 884 2279 993 2330; x_wconf 90' lang='lat' dir='ltr'>quin</span> <span class='ocrx_word' id='word_1_279' title='bbox 1015 2284 1064 2318; x_wconf 94' lang='lat' dir='ltr'>ut</span> <span class='ocrx_word' id='word_1_280' title='bbox 1092 2284 1136 2318; x_wconf 91' lang='lat' dir='ltr'>et</span> <span class='ocrx_word' id='word_1_281' title='bbox 1162 2277 1221 2317; x_wconf 88' lang='lat' dir='ltr'>ad</span> <span class='ocrx_word' id='word_1_282' title='bbox 1252 2278 1404 2329; x_wconf 90' lang='lat' dir='ltr'>ipsum</span> <span class='ocrx_word' id='word_1_283' title='bbox 1426 2278 1665 2318; x_wconf 89' lang='lat' dir='ltr'>dominum</span> <span class='ocrx_word' id='word_1_284' title='bbox 1687 2278 1764 2318; x_wconf 91' lang='lat' dir='ltr'>do-</span> 
     </span>
     <span class='ocr_line' id='line_1_32' title="bbox 133 2348 1764 2401; baseline -0.002 -10"><span class='ocrx_word' id='word_1_285' title='bbox 133 2363 236 2391; x_wconf 90' lang='lat' dir='ltr'>mus</span> <span class='ocrx_word' id='word_1_286' title='bbox 258 2351 437 2390; x_wconf 88' lang='lat' dir='ltr'>scribas</span> <span class='ocrx_word' id='word_1_287' title='bbox 458 2351 514 2390; x_wconf 90' lang='lat' dir='ltr'>de</span> <span class='ocrx_word' id='word_1_288' title='bbox 541 2350 630 2390; x_wconf 88' lang='lat' dir='ltr'>hoc</span> <span class='ocrx_word' id='word_1_289' title='bbox 656 2350 859 2401; x_wconf 83' lang='lat' dir='ltr'>negotio.</span> <span class='ocrx_word' id='word_1_290' title='bbox 890 2349 1083 2401; x_wconf 88' lang='lat' dir='ltr'>Hocque</span> <span class='ocrx_word' id='word_1_291' title='bbox 1106 2360 1245 2400; x_wconf 85' lang='lat' dir='ltr'>quam</span> <span class='ocrx_word' id='word_1_292' title='bbox 1267 2349 1499 2400; x_wconf 83' lang='lat' dir='ltr'>ocyssime</span> <span class='ocrx_word' id='word_1_293' title='bbox 1519 2348 1618 2389; x_wconf 86' lang='lat' dir='ltr'>fieri</span> <span class='ocrx_word' id='word_1_294' title='bbox 1640 2356 1764 2400; x_wconf 91' lang='lat' dir='ltr'>pote-</span> 
     </span>
     <span class='ocr_line' id='line_1_33' title="bbox 133 2419 1765 2473; baseline -0.002 -11"><span class='ocrx_word' id='word_1_295' title='bbox 133 2423 212 2473; x_wconf 87' lang='lat' dir='ltr'>rit,</span> <span class='ocrx_word' id='word_1_296' title='bbox 242 2430 291 2462; x_wconf 90' lang='lat' dir='ltr'>ut</span> <span class='ocrx_word' id='word_1_297' title='bbox 323 2421 461 2461; x_wconf 85' lang='lat' dir='ltr'>Pater</span> <span class='ocrx_word' id='word_1_298' title='bbox 491 2421 702 2473; x_wconf 85' lang='lat' dir='ltr'>Baptista</span> <span class='ocrx_word' id='word_1_299' title='bbox 733 2421 904 2461; x_wconf 89' lang='lat' dir='ltr'>habeat</span> <span class='ocrx_word' id='word_1_300' title='bbox 933 2420 1043 2472; x_wconf 87' lang='lat' dir='ltr'>quid</span> <span class='ocrx_word' id='word_1_301' title='bbox 1073 2420 1354 2471; x_wconf 86' lang='lat' dir='ltr'>respondeat</span> <span class='ocrx_word' id='word_1_302' title='bbox 1382 2420 1569 2460; x_wconf 91' lang='lat' dir='ltr'>domino</span> <span class='ocrx_word' id='word_1_303' title='bbox 1601 2419 1765 2460; x_wconf 88' lang='lat' dir='ltr'>domus</span> 
     </span>
     <span class='ocr_line' id='line_1_34' title="bbox 131 2490 1765 2542; baseline -0.001 -10"><span class='ocrx_word' id='word_1_304' title='bbox 131 2493 207 2533; x_wconf 76' lang='lat' dir='ltr'>vel</span> <span class='ocrx_word' id='word_1_305' title='bbox 234 2492 427 2532; x_wconf 87' lang='lat' dir='ltr'>Doctori</span> <span class='ocrx_word' id='word_1_306' title='bbox 455 2490 567 2542; x_wconf 88' lang='lat' dir='ltr'>ejus.</span> <span class='ocrx_word' id='word_1_307' title='bbox 597 2491 747 2531; x_wconf 89' lang='lat' dir='ltr'>Timet</span> <span class='ocrx_word' id='word_1_308' title='bbox 773 2492 897 2532; x_wconf 89' lang='lat' dir='ltr'>enirn</span> <span class='ocrx_word' id='word_1_309' title='bbox 922 2503 980 2531; x_wconf 88' lang='lat' dir='ltr'>ne</span> <span class='ocrx_word' id='word_1_310' title='bbox 1011 2491 1049 2531; x_wconf 92' lang='lat' dir='ltr'>si</span> <span class='ocrx_word' id='word_1_311' title='bbox 1078 2490 1198 2531; x_wconf 85' lang='lat' dir='ltr'>forte</span> <span class='ocrx_word' id='word_1_312' title='bbox 1219 2490 1293 2530; x_wconf 87' lang='lat' dir='ltr'>hic</span> <span class='ocrx_word' id='word_1_313' title='bbox 1315 2490 1574 2530; x_wconf 87' lang='lat' dir='ltr'>monachus</span> <span class='ocrx_word' id='word_1_314' title='bbox 1604 2491 1765 2530; x_wconf 87' lang='lat' dir='ltr'>admit-</span> 
     </span>
     <span class='ocr_line' id='line_1_35' title="bbox 132 2560 1765 2614; baseline -0.001 -11"><span class='ocrx_word' id='word_1_315' title='bbox 132 2569 277 2609; x_wconf 79' lang='lat' dir='ltr'>tatur,</span> <span class='ocrx_word' id='word_1_316' title='bbox 302 2568 515 2614; x_wconf 90' lang='lat' dir='ltr'>oporteat</span> <span class='ocrx_word' id='word_1_317' title='bbox 537 2562 679 2602; x_wconf 85' lang='lat' dir='ltr'>etiarn</span> <span class='ocrx_word' id='word_1_318' title='bbox 700 2563 816 2603; x_wconf 85' lang='lat' dir='ltr'>alios</span> <span class='ocrx_word' id='word_1_319' title='bbox 833 2562 1100 2611; x_wconf 88' lang='lat' dir='ltr'>admittere,</span> <span class='ocrx_word' id='word_1_320' title='bbox 1124 2567 1261 2612; x_wconf 91' lang='lat' dir='ltr'>atque</span> <span class='ocrx_word' id='word_1_321' title='bbox 1279 2561 1344 2600; x_wconf 85' lang='lat' dir='ltr'>ita</span> <span class='ocrx_word' id='word_1_322' title='bbox 1360 2561 1438 2601; x_wconf 88' lang='lat' dir='ltr'>fiat</span> <span class='ocrx_word' id='word_1_323' title='bbox 1460 2566 1509 2601; x_wconf 90' lang='lat' dir='ltr'>ut</span> <span class='ocrx_word' id='word_1_324' title='bbox 1530 2561 1577 2601; x_wconf 90' lang='lat' dir='ltr'>in</span> <span class='ocrx_word' id='word_1_325' title='bbox 1599 2560 1765 2612; x_wconf 90' lang='lat' dir='ltr'>majori</span> 
     </span>
     <span class='ocr_line' id='line_1_36' title="bbox 132 2617 1767 2684; baseline -0.001 -11"><span class='ocrx_word' id='word_1_326' title='bbox 132 2617 276 2673; x_wconf 77' lang='lat' dir='ltr'>simus</span> <span class='ocrx_word' id='word_1_327' title='bbox 298 2632 647 2684; x_wconf 87' lang='lat' dir='ltr'>perturbatione</span> <span class='ocrx_word' id='word_1_328' title='bbox 668 2644 808 2684; x_wconf 90' lang='lat' dir='ltr'>quam</span> <span class='ocrx_word' id='word_1_329' title='bbox 829 2638 986 2682; x_wconf 88' lang='lat' dir='ltr'>antea,</span> <span class='ocrx_word' id='word_1_330' title='bbox 1017 2638 1061 2672; x_wconf 90' lang='lat' dir='ltr'>et</span> <span class='ocrx_word' id='word_1_331' title='bbox 1089 2631 1277 2671; x_wconf 88' lang='lat' dir='ltr'>tandem</span> <span class='ocrx_word' id='word_1_332' title='bbox 1296 2633 1400 2682; x_wconf 88' lang='lat' dir='ltr'>plus</span> <span class='ocrx_word' id='word_1_333' title='bbox 1428 2632 1516 2671; x_wconf 89' lang='lat' dir='ltr'>illis</span> <span class='ocrx_word' id='word_1_334' title='bbox 1545 2632 1767 2672; x_wconf 86' lang='lat' dir='ltr'>credatur</span> 
     </span>
    </p>
   </div>
   <div class='ocr_carea' id='block_1_3' title="bbox 170 2754 417 2763">
    <p class='ocr_par' dir='ltr' id='par_1_3' title="bbox 170 2754 417 2763">
     <span class='ocr_line' id='line_1_37' title="bbox 170 2754 417 2763; baseline 0 416"><span class='ocrx_word' id='word_1_335' title='bbox 170 2754 417 2763; x_wconf 95' lang='lat' dir='ltr'> </span> 
     </span>
    </p>
   </div>
   <div class='ocr_carea' id='block_1_4' title="bbox 133 2836 1765 2964">
    <p class='ocr_par' dir='ltr' id='par_1_4' title="bbox 133 2836 1765 2964">
     <span class='ocr_line' id='line_1_38' title="bbox 188 2836 1765 2874; baseline -0.003 -6"><span class='ocrx_word' id='word_1_336' title='bbox 188 2842 196 2862; x_wconf 89' lang='lat'><strong>¹</strong></span> <span class='ocrx_word' id='word_1_337' title='bbox 237 2841 291 2869; x_wconf 90' lang='lat' dir='ltr'>Ad</span> <span class='ocrx_word' id='word_1_338' title='bbox 307 2839 423 2868; x_wconf 84' lang='lat' dir='ltr'>Sancti</span> <span class='ocrx_word' id='word_1_339' title='bbox 439 2840 600 2867; x_wconf 82' lang='lat' dir='ltr'>Germani</span> <span class='ocrx_word' id='word_1_340' title='bbox 616 2841 792 2874; x_wconf 59' lang='lat' dir='ltr'>templumt</span> <span class='ocrx_word' id='word_1_341' title='bbox 817 2847 881 2874; x_wconf 85' lang='lat' dir='ltr'>quo</span> <span class='ocrx_word' id='word_1_342' title='bbox 905 2839 1011 2866; x_wconf 75' lang='lat' dir='ltr'>nostri</span> <span class='ocrx_word' id='word_1_343' title='bbox 1038 2836 1293 2865; x_wconf 82' lang='lat' dir='ltr'>Eucharistiam</span> <span class='ocrx_word' id='word_1_344' title='bbox 1316 2844 1391 2864; x_wconf 90' lang='lat' dir='ltr'>cum</span> <span class='ocrx_word' id='word_1_345' title='bbox 1414 2837 1490 2865; x_wconf 88' lang='lat' dir='ltr'>aliis</span> <span class='ocrx_word' id='word_1_346' title='bbox 1514 2837 1765 2866; x_wconf 48' lang='lat' dir='ltr'>Universitatis-</span> 
     </span>
     <span class='ocr_line' id='line_1_39' title="bbox 133 2883 1764 2922; baseline -0.002 -6"><span class='ocrx_word' id='word_1_347' title='bbox 133 2889 276 2916; x_wconf 82' lang='lat' dir='ltr'>alumnis</span> <span class='ocrx_word' id='word_1_348' title='bbox 299 2888 488 2922; x_wconf 83' lang='lat' dir='ltr'>suscepturi</span> <span class='ocrx_word' id='word_1_349' title='bbox 513 2887 762 2914; x_wconf 78' lang='lat' dir='ltr'>conveniebant</span> <span class='ocrx_word' id='word_1_350' title='bbox 786 2891 819 2914; x_wconf 78' lang='lat' dir='ltr'>et</span> <span class='ocrx_word' id='word_1_351' title='bbox 845 2886 887 2914; x_wconf 89' lang='lat' dir='ltr'>ad</span> <span class='ocrx_word' id='word_1_352' title='bbox 912 2887 1026 2920; x_wconf 87' lang='lat' dir='ltr'>aliqua</span> <span class='ocrx_word' id='word_1_353' title='bbox 1044 2884 1207 2913; x_wconf 83' lang='lat' dir='ltr'>Societati</span> <span class='ocrx_word' id='word_1_354' title='bbox 1231 2883 1371 2919; x_wconf 86' lang='lat' dir='ltr'>propria</span> <span class='ocrx_word' id='word_1_355' title='bbox 1396 2885 1588 2913; x_wconf 84' lang='lat' dir='ltr'>ministeria</span> <span class='ocrx_word' id='word_1_356' title='bbox 1610 2887 1764 2914; x_wconf 80' lang='lat' dir='ltr'>obeunda</span> 
     </span>
     <span class='ocr_line' id='line_1_40' title="bbox 133 2937 331 2964; baseline -0.01 0"><span class='ocrx_word' id='word_1_357' title='bbox 133 2937 331 2964; x_wconf 81' lang='lat' dir='ltr'>utebantur.</span> 
     </span>
    </p>
   </div>
  </div>
 </body>
</html>
