2074 3179
826 151 909 188 AN.
943 150 1032 188 1550
1679 151 1751 187 ⁴219

117 254 205 297 tas,
227 246 342 286 adeo
360 247 576 298 frequens
593 254 662 287 est
680 247 919 287 hominum
940 252 1214 295 conventus,
1240 251 1287 285 ut
1308 257 1453 296 prope
1475 257 1659 297 semper
1679 259 1745 286 re—

117 318 296 369 pleatur
319 319 542 368 templum
563 323 607 357 et
629 318 758 357 multi
781 317 963 369 ingredi
983 329 1077 357 non
1092 317 1304 356 valentes
1321 316 1560 356 discedere
1579 329 1748 367 cogan-

116 395 203 428 tur.
223 388 471 428 Praeterea
490 388 643 438 coepit
660 394 767 428 ante
785 388 903 428 duos
919 399 1117 437 menses,
1138 387 1339 438 quolibet
1357 386 1430 426 die
1445 387 1577 439 Jovis
1595 399 1747 437 mane,

116 465 160 499 et
181 459 341 499 diebus
360 458 491 498 festis
519 471 545 498 a
572 459 784 510 prandio,
809 459 856 499 in
877 459 1040 499 eodem
1066 458 1235 509 templo
1263 463 1422 497 nostro
1451 458 1621 508 exponi
1651 458 1750 498 vita

114 529 225 582 Jesu
245 529 370 581 XpL,
390 542 448 569 ex
470 536 669 580 quatuor
687 530 959 581 Evangeliis
979 529 1267 581 deprompta,
1294 528 1340 567 in
1362 539 1539 568 morem
1560 529 1749 569 medita-

115 600 268 641 tionis.
302 601 442 652 Apud
465 601 627 641 aedem
648 613 761 641 vero
784 600 1101 641 cathedralem
1121 599 1366 639 dominicis
1393 605 1499 650 post
1525 611 1751 650 vesperas

114 678 394 713 enarrantur
415 672 607 723 Psalmi3
631 672 753 712 unde
776 672 1037 712 aedificatio
1059 677 1103 711 et
1124 671 1303 710 fructus
1324 670 1551 721 plurimus
1573 671 1751 722 percipi

114 744 326 784 refertur.
356 743 511 784 Antea
541 744 793 795 praelectio
822 743 960 783 fiebat
994 754 1053 782 ex
1088 742 1211 782 Divo
1247 741 1392 781 Paulo
1428 747 1472 781 et
1506 741 1749 781 doctrinae

114 815 311 867 Xpanae
332 815 576 867 expositio.
600 814 735 855 Alius
756 814 897 854 etiam
924 813 1103 853 fructus
1125 813 1377 864 colligitur3
1407 812 1529 864 quod
1551 811 1749 863 juvenes

113 887 259 934 multi,
285 886 343 927 ad
365 887 485 926 hanc
507 892 718 926 nostram
738 884 1020 925 Societatem
1039 884 1192 924 minus
1209 884 1403 924 idoneos
1421 895 1523 924 sese
1537 883 1748 935 judican-

113 965 197 1005 tes,
222 958 324 997 aliis
354 957 656 1007 religionibus
687 968 735 995 se
762 955 996 1005 addicant,
1023 961 1181 1006 utpote
1204 954 1614 1006 Capputiatorum,
1639 954 1751 994 Divi

114 1029 365 1077 Benedicti,
385 1028 634 1078 Dominici‚
659 1033 763 1077 etc.‚
788 1038 895 1066 cum
911 1037 1083 1077 magna
1099 1026 1257 1077 populi
1275 1025 1611 1066 aedificatione.
1638 1026 1749 1066 Ani-

115 1112 218 1140 mae
253 1100 441 1151 insuper
477 1098 845 1150 quamplurimae
876 1096 1101 1148 juvantur
1136 1109 1194 1137 ex
1233 1103 1395 1137 nostra
1436 1098 1501 1146 (ut
1536 1097 1751 1147 dicimus>

112 1171 371 1223 piscatione
393 1170 450 1209 ab
474 1169 817 1209 ambulantibus
832 1168 1007 1208 nostris
1027 1179 1109 1219 per
1126 1168 1368 1208 civitatem
1385 1174 1428 1208 et
1446 1168 1749 1208 occasionem

112 1241 338 1282 salutiferi
372 1241 534 1281 auxilii
563 1239 940 1291 disquirentibus.
971 1238 1216 1279 Proficitur
1246 1250 1428 1290 quoque
1455 1251 1548 1279 non
1583 1251 1751 1290 parum

112 1314 159 1353 in
178 1312 475 1353 monasteriis
496 1311 729 1351 nonnullis
751 1310 1034 1360 monialium,
1061 1310 1227 1361 quibus
1249 1310 1476 1350 instanter
1499 1310 1748 1350 obsecran-

112 1384 248 1435 tibus,
272 1384 521 1424 conciones
544 1383 727 1434 aliquae
749 1381 1056 1430 destinantur,
1080 1381 1188 1421 licet
1217 1381 1464 1433 pauciores
1486 1394 1626 1433 quam
1656 1382 1750 1421 vel—

112 1457 272 1503 lemus,
291 1460 484 1506 propter
501 1453 763 1502 continuas,
780 1464 885 1492 cum
902 1452 1099 1492 aliarum
1118 1463 1273 1491 rerum
1286 1457 1383 1491 tum
1400 1452 1748 1492 confessionum

111 1527 158 1566 in
178 1531 339 1566 nostro
357 1525 530 1576 templo
553 1522 912 1572 audiendarum,
936 1523 1283 1573 occupationes.

190 1596 241 1637 In
262 1597 434 1637 scholis
456 1596 577 1636 idern
599 1595 729 1645 ordO,
753 1594 809 1634 de
832 1605 923 1646 quo
944 1594 1219 1645 scripsimus
1240 1606 1397 1634 mense
1420 1593 1552 1645 maji,
1587 1594 1743 1634 obser-

112 1673 251 1708 vatus
272 1674 355 1708 est.
379 1667 502 1708 Cura
524 1672 568 1707 et
589 1665 828 1716 diligentia
855 1665 1055 1717 plurima
1081 1670 1349 1716 praestatur
1380 1666 1427 1705 in
1455 1664 1748 1705 auditoribus

112 1738 439 1790 provehendis,
460 1738 537 1789 qui
559 1737 754 1788 singulis
771 1736 1007 1776 mensibus
1024 1736 1236 1776 confiteri
1257 1742 1473 1787 pergunt,
1493 1742 1537 1776 et
1558 1748 1748 1776 moven-

114 1816 189 1850 tur
208 1822 304 1849 non
325 1809 463 1861 pauci
484 1815 534 1848 ut
561 1809 800 1848 saeculum
825 1807 1113 1859 relinquant;
1147 1819 1202 1847 ac
1231 1807 1320 1846 nisi
1347 1808 1433 1847 sub
1461 1807 1550 1847 hoc
1578 1807 1750 1858 princi-

113 1881 240 1933 pium
261 1881 428 1921 domus
449 1879 756 1932 probationis,
782 1879 926 1919 satius
946 1878 1046 1918 fore
1066 1879 1220 1918 visum
1241 1885 1363 1919 esset
1385 1890 1562 1930 paucos
1585 1878 1750 1918 admit-

113 1959 225 2001 tere,
245 1952 343 2004 jam
364 1953 605 2003 ingressus
627 1956 749 1991 esset
771 1949 1047 1990 immodicus
1068 1961 1306 1989 numerus.

192 2024 321 2064 Intra
341 2023 588 2073 collegium
605 2034 663 2061 ex
679 2021 768 2061 Dei
787 2021 944 2072 gratia
961 2020 1273 2060 obedientiam
1293 2031 1485 2066 servare
1508 2019 1748 2060 studemus

113 2094 374 2146 diligenter,
399 2106 504 2134 cum
527 2093 729 2145 quadam
750 2092 1011 2132 intellectus
1031 2091 1210 2142 proprii
1232 2091 1460 2131 caecitate
1482 2097 1525 2130 et
1548 2091 1747 2141 abnega-

112 2166 236 2206 tione
256 2171 423 2205 exacta
440 2164 711 2214 voluntatis,
731 2169 782 2203 ut
799 2164 846 2203 in
861 2174 978 2215 puro
995 2163 1162 2214 spiritu
1179 2161 1426 2202 Societatis
1445 2162 1750 2210 ambulemus;

113 2243 157 2277 et
177 2247 339 2288 nuper,
363 2234 556 2287 majoris
577 2234 814 2287 profectus
834 2245 993 2283 causa,
1018 2234 1282 2274 cubiculum
1303 2244 1446 2273 unum
1467 2233 1524 2273 ab
1556 2232 1658 2272 aliis
1680 2243 1748 2272 re-

114 2314 291 2348 motum
312 2306 681 2357 assignavimus,
704 2305 782 2346 ubi
802 2305 987 2356 flagella
1008 2311 1052 2345 et
1073 2305 1224 2344 cilicia
1246 2310 1551 2356 reponuntur,
1585 2304 1752 2355 quibus

112 2378 429 2430 unusquisque
452 2378 526 2428 (ex
547 2376 811 2428 Superioris
832 2382 988 2416 tamen
1009 2375 1255 2427 permissu)
1275 2408 1282 2425 ,
1316 2376 1354 2416 si
1376 2375 1666 2415 conducibile
1686 2375 1751 2414 Vi-

114 2448 292 2500 deatur,
316 2448 463 2501 possit
485 2448 778 2499 aliquantum
800 2459 990 2487 carnem
1017 2458 1151 2487 suam
1181 2447 1362 2487 occulte
1391 2445 1598 2497 affligere
1630 2452 1675 2486 et
1704 2446 1751 2486 in

114 2520 387 2560 servitutem
403 2519 592 2571 spiritus
611 2518 840 2569 redigere;
861 2517 1173 2558 conficiendos
1191 2518 1332 2557 etiam
1348 2517 1618 2557 curavimus
1635 2516 1753 2557 duos

115 2597 194 2631 aut
214 2597 309 2631 tres
330 2602 495 2630 saccos
516 2601 575 2629 ex
596 2600 765 2640 grossa
786 2589 986 2639 canabe,
1010 2594 1059 2628 ut
1079 2600 1199 2628 unus
1229 2587 1434 2640 quotidie
1465 2588 1532 2628 sic
1565 2587 1752 2628 indutus

114 2673 195 2712 per
215 2662 344 2702 vices
371 2661 529 2700 abluat
557 2660 740 2700 culinae
770 2671 909 2709 vasa,
946 2671 1060 2700 coco
1088 2659 1349 2699 inserviens
1379 2659 1494 2698 hora
1523 2670 1616 2698 una
1645 2664 1751 2710 post

115 2732 269 2772 cibum
300 2737 554 2772 transacta.
592 2730 901 2771 Decrevimus
935 2730 1124 2782 insuper
1158 2730 1320 2770 diebus
1354 2730 1612 2780 universis,
1646 2735 1751 2781 post

116 2803 326 2854 corporis
344 2802 663 2849 refectionem,
684 2801 897 2841 conferre
918 2801 1038 2841 inter
1060 2812 1146 2841 nos
1167 2801 1414 2841 materiam
1437 2801 1642 2851 aliquam
1663 2799 1750 2851 spi—

116 2873 327 2913 ritualem
347 2873 654 2925 propositam,
674 2872 730 2912 de
747 2883 838 2924 qua
857 2872 1175 2923 unusquisque
1192 2871 1347 2911 dicere
1365 2871 1531 2911 debeat
1554 2882 1613 2910 ex
1634 2877 1749 2910 tem-

114 2954 228 2994 pore
248 2944 358 2995 quid
379 2944 572 2994 sentiat;
597 2943 643 2982 id
664 2943 788 2994 quod
808 2943 941 2984 brevi
963 2954 1207 2994 speramus
1230 2944 1276 2983 in
1292 2943 1478 2995 praxim
1501 2942 1746 2982 deducere.
