2074 3179
321 191 391 229 566
834 193 1062 232 LITTERAE
1089 207 1171 239 QUA
1178 207 1446 236 DRIMESTRES

320 290 473 339 gentis
495 289 606 331 dicti
627 292 872 331 annuerim
892 292 1024 341 bene,
1049 293 1174 344 quod
1200 294 1259 334 sit
1281 298 1605 338 controversia
1640 299 1871 350 quaedam
1892 300 1956 340 in-

320 367 391 401 ter
410 361 704 402 Facultatem
725 362 912 403 Artium
933 370 979 404 et
999 364 1152 415 ipsum
1167 364 1438 419 Regentem,
1461 369 1752 420 disputantes
1770 370 1891 411 inter
1907 383 1958 411 se

320 432 380 473 ad
414 445 662 485 quemnam
696 435 1007 486 proprietarie
1042 436 1273 487 pertineat
1296 437 1449 489 ipsum
1470 439 1644 481 dictum
1680 441 1955 493 Collegium.

319 503 479 555 Itaque
501 516 606 544 cum
628 506 993 557 opportunitate,
1020 506 1059 546 si
1078 507 1232 558 placet
1252 507 1302 548 P.
1327 508 1403 560 V.,
1427 510 1566 551 latius
1582 511 1699 552 haec
1721 513 1958 564 inquiram

319 580 363 614 et
384 585 491 614 cum
511 575 721 626 Regente
740 576 920 628 loquar;
944 589 1230 630 quamquam
1251 579 1365 619 nihil
1387 581 1509 621 serio
1528 581 1583 622 de
1599 583 1738 623 rebus
1757 583 1957 636 Collegii

319 652 500 686 tentare
534 647 797 687 consultum
830 648 1019 688 videtur
1046 655 1153 689 ante
1183 650 1357 690 dictam
1391 650 1692 702 Imperatoris
1721 655 1958 696 licentiam

319 728 610 758 concessam.
634 718 824 759 Utinam
845 725 889 759 et
917 719 1125 761 Societas
1155 722 1428 774 impetraret
1455 735 1482 763 a
1509 722 1700 765 Summo
1732 726 1957 767 Pontifice

316 795 365 828 ut
386 788 557 829 fratres
578 790 678 830 sine
699 790 804 831 ullis
821 790 1120 844 juramentis,
1151 805 1271 845 quae
1299 794 1501 845 plurima
1529 803 1658 847 sunt,
1694 797 1752 837 ad
1780 799 1959 848 gradus

315 866 720 910 promoverentur.
738 861 863 903 Ante
879 874 993 914 ergo
1011 863 1186 904 dictam
1197 864 1498 916 Imperatoris
1515 866 1765 919 licentiam,
1785 869 1956 910 Docto-

315 931 443 971 ribus
464 931 840 974 Lovaniensibus
862 934 909 974 in
926 934 1134 975 Concilio
1152 935 1266 976 nihil
1283 936 1500 977 scribam.
1521 937 1588 978 Ea
1608 939 1730 979 enim
1749 940 1957 992 obtenta,

317 1013 536 1055 cuperem
548 1016 628 1045 eos
644 1005 850 1045 scribere
867 1006 927 1046 ad
942 1012 1153 1046 nostram
1172 1007 1366 1059 curiam,
1387 1008 1446 1048 ad
1462 1007 1614 1048 Rmum
1629 1009 1956 1063 Leodiensem,

316 1074 374 1114 ad
397 1075 766 1117 Universitatem
788 1083 833 1117 et
861 1078 921 1117 ad
950 1077 1193 1130 oppidum;
1223 1084 1267 1118 et
1297 1079 1476 1120 utinam
1498 1086 1608 1121 tunc
1630 1081 1861 1123 Dominus
1894 1084 1956 1123 ita

315 1147 583 1199 disponeret
604 1154 653 1189 ut
674 1149 750 1189 vel
767 1148 823 1189 D.
845 1149 1139 1190 Anthonium
1155 1149 1326 1201 Vinck‚
1346 1152 1421 1192 vel
1441 1151 1490 1192 P.
1515 1151 1809 1194 Bernardum
1835 1153 1859 1206 ¹,
1882 1157 1959 1195 vel

315 1219 526 1269 similem,
546 1226 798 1272 utcumque
818 1221 865 1261 in
881 1221 1021 1261 rebus
1039 1222 1225 1273 collegii
1244 1228 1288 1263 et
1305 1224 1513 1264 externis
1528 1230 1773 1275 expertum
1791 1232 1835 1266 et
1852 1238 1957 1278 pru-

315 1290 516 1342 dentem,
551 1291 687 1332 nobis
714 1292 900 1333 mittere
929 1293 1218 1344 dignaretur.
1257 1293 1348 1334 Sed
1382 1293 1614 1336 Dominus
1649 1302 1719 1336 est
1756 1297 1834 1348 qui
1869 1299 1959 1338 scit

318 1361 474 1402 omnia
496 1368 540 1402 et
562 1363 673 1415 quid
695 1363 929 1415 expediat.

397 1433 659 1475 Conciones
681 1446 763 1475 seu
783 1435 997 1487 privatas
1017 1436 1121 1476 illas
1143 1436 1519 1489 exhortationes,
1545 1438 1600 1479 de
1623 1439 1791 1491 quibus
1812 1440 1858 1480 in
1880 1452 1957 1492 po-

317 1505 503 1545 stremis
523 1506 690 1546 litteris
710 1506 799 1558 egi,
830 1507 1094 1559 relinquere
1121 1508 1379 1549 consultius
1409 1509 1584 1561 visum,
1615 1516 1661 1550 et
1692 1512 1958 1551 consultum

317 1582 386 1616 est
406 1577 542 1617 nobis
563 1577 621 1617 ab
643 1578 808 1618 amicis
840 1579 1029 1618 nostris.
1063 1577 1304 1620 Sensimus
1331 1580 1455 1620 enim
1483 1581 1627 1621 etiam
1654 1581 1779 1622 illinc
1806 1581 1958 1623 denuo

318 1649 584 1689 exorituras
605 1649 844 1690 mirabiles
865 1651 1159 1701 tragoedias;
1183 1651 1264 1691 sed
1284 1651 1399 1691 nihil
1419 1664 1615 1704 prorsus
1636 1660 1853 1694 exortum
1871 1660 1958 1695 est.

390 1719 648 1777 ‘Confrater
670 1727 831 1762 noster
853 1721 1021 1762 Petrus
1041 1721 1202 1774 Spiga,
1227 1721 1422 1774 Sardus,
1452 1735 1547 1763 non
1568 1724 1698 1764 visus
1720 1725 1806 1765 fuit
1826 1726 1961 1765 nobis

320 1797 456 1842 aptus
477 1792 537 1832 ad
556 1791 907 1844 philosophiam
927 1799 971 1834 et
987 1805 1156 1845 parum
1174 1799 1254 1834 aut
1269 1794 1386 1834 nihil
1400 1795 1447 1834 in
1465 1806 1519 1834 ea
1536 1795 1781 1846 proficere,
1801 1808 1960 1848 quam-

318 1875 458 1914 quam
479 1863 771 1915 diligentiam
792 1875 1014 1916 magnam
1035 1865 1293 1916 adhiberet3
1317 1877 1461 1917 quare
1478 1865 1575 1917 jam
1595 1867 1749 1918 pergit
1773 1868 1960 1908 studere

318 1935 674 1976 humanioribus
707 1936 875 1976 litteris
903 1942 947 1977 et
983 1936 1262 1988 theologicis
1288 1937 1592 1989 lectionibUS,
1622 1944 1761 1990 prout
1791 1939 1839 1979 in
1868 1939 1960 1980 Do-

317 2007 442 2047 mino
459 2007 644 2058 poterit.
666 2007 931 2057 Praeterea,
952 2008 1329 2060 quandoquidem
1346 2014 1549 2049 aetatem
1566 2009 1705 2049 habet
1722 2016 1767 2050 et
1783 2010 1831 2051 in
1848 2016 1959 2051 tem-

316 2079 555 2129 poralibus
576 2090 636 2119 ex
652 2085 785 2131 parte
802 2085 1049 2131 parentum
1066 2080 1181 2119 satis
1200 2079 1385 2120 abunde
1403 2080 1493 2132 ipsi
1509 2081 1568 2121 sit
1585 2081 1845 2133 provisum,
1864 2083 1960 2122 nul-

316 2150 372 2189 lis
394 2162 576 2202 quoque
598 2150 802 2191 recreari
824 2151 971 2201 possit
992 2157 1325 2203 praeterquam
1353 2151 1540 2203 divinis,
1564 2158 1776 2193 maturus
1798 2153 1845 2193 in
1867 2165 1959 2193 mo-

315 2221 458 2272 ribus,
482 2221 618 2262 fortis
640 2222 686 2263 in.
707 2221 795 2263 Dei
816 2223 929 2273 zelo,
956 2222 1320 2262 conversatione
1344 2228 1388 2263 et
1411 2223 1656 2275 colloquiis
1685 2223 1961 2265 aedificatis-

317 2292 467 2343 simiS,
500 2304 698 2345 corpore
726 2305 866 2345 saepe
893 2293 1282 2345 praelanguidus,
1312 2294 1488 2334 nullam
1522 2299 1679 2334 tamen
1705 2295 1962 2336 notabilem

317 2363 632 2405 infirmitatem
648 2376 854 2417 unquam
871 2365 1068 2417 patiens,
1091 2376 1275 2416 semper
1293 2364 1567 2406 desiderans
1585 2366 1780 2407 dissolvi
1797 2372 1841 2407 et
1858 2378 1962 2407 esse

318 2447 423 2475 cum
462 2435 649 2476 Christo
669 2469 677 2487 ,
719 2436 786 2476 sic
820 2436 975 2476 visum
1009 2442 1079 2477 est
1113 2436 1248 2476 nobis
1284 2436 1331 2476 in
1372 2435 1577 2476 Domino
1613 2438 1877 2477 consultum
1910 2444 1960 2478 ut

319 2507 542 2547 sacerdos
562 2507 707 2558 fieret,
732 2508 770 2548 si
792 2507 914 2548 idem
935 2508 1090 2548 visum
1110 2507 1249 2547 fuerit
1265 2506 1315 2547 P.
1338 2506 1415 2558 V.,
1439 2507 1498 2547 ad
1516 2506 1638 2559 quod
1656 2508 1756 2559 ipse
1773 2509 1962 2559 quidem

320 2578 563 2630 indignum
583 2590 633 2619 se
656 2579 887 2630 agnoscit,
911 2579 993 2619 sed
1013 2584 1169 2619 tamen
1191 2589 1376 2629 semper
1399 2589 1505 2617 cum
1526 2578 1614 2618 Dei
1642 2579 1798 2630 gratia
1820 2586 1864 2619 et
1886 2579 1960 2620 de—

325 2650 551 2691 sideravit
572 2656 616 2691 et
637 2650 889 2691 desiderat.

377 2884 385 2904 ¹
425 2885 460 2912 P.
476 2884 672 2911 Bernartius
688 2883 868 2917 oliverius,
885 2888 961 2910 tuuc
976 2882 1139 2918 temporis
1155 2883 1282 2910 Romae
1298 2883 1415 2917 agens}
1437 2882 1486 2910 De
1511 2891 1549 2910 eo
1572 2883 1656 2911 haec
1681 2883 1856 2918 Delplace,
1873 2885 1898 2912 l.
1916 2891 1957 2912 c.:

322 2931 493 2959 “Bernard
509 2932 702 2963 Olivier.ne
719 2931 905 2964 aAntoing
928 2938 969 2958 en
993 2931 1071 2965 152&
1096 2931 1205 2958 admis
1230 2932 1250 2958 a
1274 2930 1377 2958 Rome
1402 2938 1443 2957 en
1467 2931 1545 2965 1549,
1571 2935 1659 2958 mort
1685 2933 1704 2959 a
1725 2931 1874 2959 Tournai
1897 2932 1927 2959 Ie
1943 2932 1959 2958 Δ

323 2979 521 3013 Septembre
539 2979 616 3013 1556,
630 2981 760 3006 nomme:
777 2978 923 3013 premier
937 2979 1126 3013 provincial
1142 2979 1181 3005 de
1198 2977 1516 3012 Belgique.—Plura
1531 2978 1570 3006 de
1587 2986 1625 3006 eo
1641 2979 1673 3006 in
1687 2978 1812 3007 Cartas
1827 2979 1870 3006 de
1883 2979 1957 3006 San

324 3027 476 3059 Jgnacto.
