2074 3179
217 107 289 144 340
731 107 961 144 LITTERAE
988 118 1346 151 QUADRIMESTRES

218 204 399 245 votioni
437 205 597 256 populi
630 210 788 256 posset
823 203 1060 254 satisfieri,
1099 204 1333 255 integram
1367 211 1552 245 noctem
1603 206 1859 257 mpendere

219 276 470 328 cupiebant
504 275 613 316 huic
645 275 834 328 pietatis
865 275 1037 326 officio,
1075 281 1119 315 et
1148 275 1209 315 ad
1235 276 1282 316 id
1313 276 1584 317 facultatem
1617 277 1852 328 petebant,

219 358 337 399 quae
359 352 516 387 tamen
539 347 607 387 eis
627 357 851 387 concessa
873 357 969 386 non
989 346 1088 386 fuit.
1759 333 1762 336 Α

297 417 444 459 Moris
465 425 534 458 est
552 419 598 458 in
619 417 708 457 hac
728 417 857 467 urbe,
882 417 927 457 in
948 417 1111 457 ultima
1131 418 1523 469 quadragesimae
1545 419 1851 470 hebdomada,

217 490 489 530 meretrices
510 490 558 530 in
578 490 732 529 locum
754 488 1023 540 quemdam,
1055 489 1133 529 ubi
1162 488 1314 529 Deum
1345 496 1472 530 certe
1497 502 1551 530 eo
1572 496 1669 530 tam
1690 497 1859 531 sancto>

218 567 428 613 tempore
448 572 543 601 non
573 559 831 610 offendant,
864 560 1123 611 includere;
1147 559 1418 600 conceditur
1441 566 1484 600 et
1506 561 1594 601 illis
1615 561 1853 612 praedica-

217 638 292 673 tor
310 638 359 673 ut
375 637 569 673 conetur
591 643 618 671 a
639 632 862 683 peccatis,
882 643 1200 683 quascumque
1220 632 1406 683 poterit,
1431 632 1670 672 reducere.
1695 632 1746 672 In
1765 633 1854 673 hac

217 714 332 755 ergo
353 703 505 744 sancti
521 702 727 754 jubilaei,
753 703 810 742 ob
832 714 1109 755 prosperum
1131 702 1329 743 Concilii
1347 714 1633 753 successum,
1655 705 1857 755 promul·

216 775 429 826 gatione,
455 776 501 815 in
522 775 678 815 locum
699 774 828 814 illum
849 780 1044 814 coactae
1065 780 1185 815 sunt.
1210 774 1268 815 Et
1287 774 1338 814 P.
1361 774 1538 825 Miron,
1570 774 1718 826 pridie
1741 774 1854 826 jubi-

216 846 328 897 laei,
353 851 449 886 tres
470 846 679 897 integras
701 846 844 886 horas
866 845 955 885 illis
988 851 1058 886 est
1087 846 1408 886 concionatus.
1439 846 1580 886 Dedit
1606 846 1672 886 illi
1699 846 1858 886 Domi-

216 929 303 958 nus
324 923 507 958 tantum
527 917 731 957 fervoris
753 922 797 957 et
817 917 1024 968 gratiae,
1047 922 1097 957 ut
1116 917 1334 957 undecim
1364 929 1423 957 ex
1451 917 1540 957 illis
1567 916 1753 957 Christo
1782 929 1857 957 ac—

217 989 451 1042 quisierit3
475 995 518 1029 et
539 995 645 1040 post
667 994 887 1040 quartum
913 989 990 1028 vel
1019 989 1232 1040 quintum
1262 988 1405 1039 diem,
1437 989 1585 1028 altera
1613 988 1854 1038 concione,

217 1061 356 1101 trium
378 1061 488 1101 item
509 1060 746 1111 horarum,
767 1066 968 1112 quatuor
989 1060 1108 1100 aliae
1129 1072 1157 1100 a
1178 1066 1373 1112 peccato
1395 1066 1650 1100 revocatae
1671 1065 1791 1108 sunt3
1813 1066 1857 1099 et

216 1133 305 1173 hae
338 1144 498 1173 omnes
527 1132 574 1172 in
609 1132 798 1172 domum
832 1132 1105 1184 quamdam,
1135 1132 1182 1172 in
1204 1132 1394 1172 civitate
1422 1132 1672 1172 Valentiae
1697 1132 1857 1183 resipi-

216 1204 453 1244 scentibus
471 1204 788 1255 constitutam,
805 1203 1033 1244 deductae
1051 1210 1174 1255 sunt,
1195 1216 1285 1256 quo
1298 1203 1569 1244 sacerdotes
1586 1203 1856 1254 aliquando,

215 1276 294 1328 qui
310 1276 482 1316 Missae
505 1275 787 1316 sacrificium
809 1275 1044 1316 celebrent
1065 1281 1110 1315 et
1131 1275 1348 1327 spiritum
1370 1275 1580 1327 ipsarum
1599 1274 1792 1314 foveant
1813 1281 1857 1314 et

215 1348 535 1397 consolentur,
573 1346 630 1387 de
664 1347 839 1387 nostris
873 1347 1134 1387 mittuntur.
1171 1346 1220 1387 P.
1259 1359 1372 1387 vero
1407 1346 1560 1386 Miron
1600 1358 1659 1386 ex
1693 1346 1858 1385 ultima

214 1418 442 1459 concione
463 1430 636 1459 raucus
662 1418 801 1459 valde
829 1418 983 1458 adhuc
1011 1424 1189 1469 manet,
1220 1424 1269 1458 ut
1296 1418 1379 1458 Vix
1405 1417 1533 1469 loqui
1560 1416 1721 1469 possit.
1751 1416 1856 1456 Duo

216 1490 292 1530 vel
327 1496 424 1531 tres
458 1490 549 1530 viri
583 1489 776 1541 nobiles,
806 1490 885 1541 qui
909 1489 1099 1530 Patrem
1119 1489 1350 1530 Mironem
1377 1489 1587 1529 comitati
1616 1493 1724 1528 sunt
1752 1499 1856 1527 cum

219 1561 399 1602 duobus
419 1561 662 1612 fratribus,
688 1561 957 1601 domesticis
979 1561 1266 1612 asserebant,
1293 1561 1332 1600 si
1359 1572 1385 1600 a
1408 1560 1556 1600 tribus
1576 1560 1792 1612 pessimis
1813 1565 1858 1599 et

217 1633 493 1674 inveteratis
513 1633 560 1673 in
580 1633 704 1672 malo
733 1632 950 1673 foeminis
979 1632 1151 1672 ibidem
1179 1632 1299 1672 aliae
1325 1643 1419 1671 non
1445 1631 1642 1671 fuissent
1668 1631 1854 1683 impedi-

214 1710 305 1754 tae,
329 1704 532 1744 mediam
552 1703 855 1744 meretricum
875 1709 1079 1755 partem,
1104 1714 1303 1755 quarum
1324 1703 1531 1742 maxima
1561 1707 1630 1742 est
1655 1702 1856 1742 multitu-

216 1775 299 1827 do,
322 1775 465 1816 fuisse
487 1774 869 1815 convertendam.
895 1774 1047 1815 Tanta
1067 1774 1153 1814 fuit
1174 1785 1337 1814 earum
1359 1773 1625 1814 commotio.
1647 1773 1748 1813 Deo
1771 1773 1854 1812 soli

215 1848 367 1888 honor
388 1852 432 1887 et
452 1847 618 1898 gloria.

295 1918 359 1960 &a
380 1918 504 1971 Junii
531 1917 645 1958 1551.
