2074 3179
865 111 948 148 AN.
980 110 1072 148 1552
1712 109 1780 145 541

834 561 1110 617 CXXVII

224 816 271 853 P.
294 816 485 863 Joannes
508 815 704 862 Baptista
724 814 853 851 Viola

274 882 395 919 Patri
414 881 583 928 Ignatio
602 880 655 917 de
672 880 855 928 Loyola.

320 946 514 992 Parisiis,
540 947 582 982 17
600 945 831 982 Februarii
852 945 943 981 1532
964 946 987 980 ¹.

949 1121 976 1166 ,Γ

237 1280 305 1320 La
331 1280 488 1330 gratia
515 1285 557 1319 et
581 1291 694 1331 pace
725 1280 780 1319 de
810 1279 921 1332 Jesu
956 1278 1142 1319 Christo
1171 1278 1346 1318 Nostro
1377 1278 1567 1329 signore
1598 1279 1666 1318 sia
1698 1291 1786 1318 con

154 1352 262 1392 tutti
282 1351 374 1391 noi.
399 1350 564 1391 Amen.

233 1421 511 1462 Reverendo
532 1420 698 1461 Padre:

233 1494 301 1533 La
322 1505 466 1533 causa
487 1492 606 1533 della
627 1492 801 1532 tardita
822 1492 867 1531 di
895 1491 1102 1531 scrivere
1130 1504 1157 1530 a
1181 1490 1240 1530 V.
1272 1490 1324 1530 R.
1355 1502 1447 1530 non
1474 1494 1498 1530 e
1527 1502 1610 1542 per
1641 1491 1784 1541 negli-

148 1565 323 1615 gentia,
348 1576 405 1604 ne
426 1575 506 1615 per
529 1574 720 1615 sprezzo
742 1562 784 1603 d’
811 1561 1090 1612 obedientia3
1112 1573 1187 1601 ma
1208 1562 1252 1601 13
1274 1572 1417 1601 causa
1439 1561 1672 1610 medema‚
1698 1561 1784 1601 che

150 1636 211 1675 ha
232 1635 350 1675 fatto
373 1633 458 1674 che
480 1634 632 1674 3110110
655 1634 733 1673 1101
754 1645 847 1673 11011
869 1632 1117 1672 habbiamo
1139 1632 1350 1672 ricevuto
1368 1633 1531 1672 lettere
1550 1632 1594 1672 di
1612 1631 1684 1682 lei,
1703 1643 1786 1683 per

149 1711 480 1746 mancamento
502 1705 547 1745 di
569 1705 766 1745 00111011
785 1705 863 1755 gia
887 1715 1001 1744 sono
1019 1709 1135 1744 sette
1153 1703 1283 1743 mesi.
1303 1702 1472 1743 Scrissi
1489 1703 1520 1742 il
1536 1715 1662 1743 mese
1679 1715 1783 1755 pas-

150 1783 252 1817 5310
274 1788 359 1828 per
378 1777 409 1817 il
428 1776 681 1817 banchiero
704 1775 820 1816 delle
848 1787 956 1815 cose
986 1786 1178 1815 occorse
1206 1774 1313 1814 delli
1340 1780 1508 1826 quatro
1535 1775 1651 1814 mesi
1683 1786 1785 1826 pas-

151 1848 254 1897 sati,
279 1853 324 1888 et
344 1859 488 1899 penso
511 1848 596 1887 che
616 1850 792 1887 venera
812 1848 856 1886 la
876 1847 1042 1886 lettera
1066 1846 1153 1885 alle
1174 1845 1301 1885 mani
1323 1845 1368 1885 cli
1390 1845 1448 1885 V.
1473 1845 1528 1885 R.

232 1919 361 1958 Hora
382 1919 499 1958 hora
518 1918 577 1957 ho
599 1923 786 1958 trovato
809 1918 838 1957 il
860 1917 1134 1968 cappellano
1157 1915 1229 1955 del
1256 1915 1368 1955 R.¹1¹0
1395 1916 1574 1967 Legato
1598 1916 1626 1966 ⁹²,
1651 1918 1787 1967 quale

151 1991 210 2029 m'
246 1990 307 2029 ha
335 1989 459 2029 detto
490 1989 575 2028 che
602 1987 789 2028 domani
816 1988 855 2027 si
884 1987 1070 2039 pastino
1097 1999 1180 2038 per
1207 1986 1377 2036 Roma3
1408 1993 1451 2026 et
1479 1989 1577 2026 cosi
1606 1988 1669 2027 mi
1703 1999 1788 2027 son

152 2056 287 2112 posto
310 2072 337 2100 3
358 2060 566 2100 scrivere
586 2064 748 2110 queste
769 2064 956 2110 quattro
979 2058 1153 2108 parole.
1178 2058 1229 2097 L’
1261 2057 1424 2097 ultimo
1455 2057 1501 2097 di
1528 2057 1788 2098 Decembre

152 2136 345 2183 passato
368 2131 556 2171 mandai
577 2141 660 2181 per
681 2130 726 2169 di
746 2130 791 2169 la
813 2128 872 2168 M.
896 2128 1138 2169 Everardo
1161 2140 1265 2168 com
1287 2134 1473 2180 quattro
1491 2130 1598 2169 altri
1615 2129 1788 2169 fratelli

155 2210 199 2243 et
219 2214 311 2242 uno
332 2202 454 2242 bono
475 2202 718 2248 servitore,
743 2200 866 2252 quali
888 2211 1033 2260 penso
1056 2199 1141 2239 che
1162 2199 1241 2250 gia
1262 2199 1393 2239 siano
1416 2200 1460 2239 13
1488 2199 1516 2239 ³.
1549 2200 1613 2240 Le
1642 2212 1784 2240 cause

207 2366 215 2384 ί
256 2363 508 2398 Autographae
532 2363 667 2389 litterae
690 2361 724 2388 in
747 2360 870 2395 duplici
894 2360 983 2393 folio,
1009 2367 1039 2387 n.
1066 2358 1236 2386 uzi-Eas
1261 2359 1314 2386 1110
1339 2359 1527 2394 inserimus,
1551 2360 1631 2386 licet
1653 2361 1788 2394 quadri-

151 2416 298 2439 mestres
312 2411 448 2446 proprie
470 2417 533 2437 non
548 2409 625 2441 sint,
640 2409 717 2443 quia
732 2408 1000 2443 quadrimestres
1015 2407 1166 2442 proxime
1189 2407 1416 2441 praecedente
1438 2406 1600 2439 Januario
1618 2407 1728 2442 datas,
1744 2409 1785 2435 de

153 2460 274 2493 quibus
289 2459 343 2486 hic
358 2462 409 2485 est
425 2464 545 2490 sermo,
562 2456 678 2483 nullibi
695 2455 804 2483 adhuc
818 2455 969 2490 reperire
985 2454 1168 2482 valuimus.

206 2508 219 2527 Ξ
256 2506 410 2541 Legatus
425 2508 500 2532 erat
515 2504 604 2539 apud
620 2503 748 2537 Regem
763 2502 896 2530 Galliae
912 2502 1140 2537 Hieronymus
1155 2501 1328 2529 νει-311115.

205 2555 218 2573 3
257 2554 393 2581 “Annus
408 2553 574 2587 agebatur
592 2551 652 2578 1551
672 2550 913 2584 redemptionis
929 2550 1108 2583 humanae,
1125 2557 1199 2576 curn
1214 2549 1363 2576 subitum
1379 2553 1410 2576 et
1426 2556 1534 2583 grave
1551 2550 1677 2576 bellurn
1699 2549 1789 2576 inter

151 2601 339 2629 Caesarem
354 2600 513 2628 Carolum
535 2599 565 2626 V
585 2604 618 2625 et
643 2598 827 2625 Hem-icum
840 2597 882 2631 ΙΙ,
899 2596 1032 2624 Galliae
1057 2597 1195 2631 Regem,
1212 2597 1351 2624 exarsit.
1368 2596 1447 2623 Inde
1469 2597 1721 2630 promulgatum
1738 2602 1789 2624 est

152 2649 300 2675 edictum
316 2655 376 2682 per
391 2651 500 2675 totum
515 2653 667 2680 regnum,
689 2648 726 2672 ut
746 2644 818 2671 fieri
839 2645 927 2672 solet
948 2644 1026 2671 belli
1051 2648 1215 2678 tempore,
1237 2648 1272 2671 ut
1296 2644 1350 2678 qui
1367 2643 1481 2670 Caroli
1496 2643 1527 2670 V
1543 2643 1661 2671 ditioni
1675 2645 1791 2671 subes-

154 2699 239 2728 sent,
256 2695 390 2722 Galliae
405 2693 525 2721 finibus
540 2692 789 2728 quamprimum
803 2691 1018 2718 excederent.
1034 2690 1107 2718 Hae
1123 2691 1197 2724 ipsa
1212 2691 1378 2717 bellorum
1394 2690 1571 2717 occasione
1585 2694 1618 2717 et
1632 2691 1672 2718 ol)
1684 2690 1790 2725 Regis

154 2743 302 2770 edictum
317 2742 351 2769 P.
367 2741 563 2769 Everardus
578 2740 719 2766 Romam
733 2739 854 2766 missus
879 2742 941 2772 est,
968 2738 1023 2772 qui
1047 2738 1171 2765 litteris
1186 2737 1303 2765 Patris
1319 2737 1435 2764 Nostri
1451 2737 1670 2764 nihilominus
1685 2743 1790 2765 antea

152 2790 266 2817 fuerat
281 2794 455 2819 evocatus,
471 2788 679 2821 studiosique
696 2787 835 2821 aliquot,
851 2786 978 2820 partim
992 2785 1129 2820 Belgae,
1146 2786 1271 2819 partim
1287 2784 1377 2817 Itali,
1395 2792 1477 2818 quos
1492 2784 1635 2812 Parisiis
1651 2784 1790 2813 Christo

154 2837 299 2864 Domino
317 2836 545 2866 lucrifecerat,
571 2835 632 2869 ipsi
657 2834 792 2861 fuerunt
815 2832 980 2867 adJuncti,
1001 2833 1159 2860 nimirum
1182 2832 1353 2859 Adrianus
1370 2831 1552 2866 Candidus,
1568 2832 1791 2860 Eleutherius

155 2884 341 2916 Fontanus,
364 2883 568 2910 Franciscus
593 2881 715 2916 Scipio,
739 2880 940 2908 Leonardus
965 2879 1146 2907 Masserus.
1171 2879 1254 2906 Cum
1279 2879 1332 2906 his
1357 2879 1472 2912 igitur,
1489 2880 1530 2906 ob
1546 2879 1695 2907 furorem
1710 2880 1790 2907 belli

152 2932 267 2966 magis
282 2932 457 2966 magisque
473 2928 717 2962 accrescentis,
739 2927 848 2955 hieme
871 2927 986 2955 media
1008 2928 1101 2955 viam
1125 2927 1299 2962 ingressus
1315 2929 1366 2953 est
1380 2927 1444 2954 sub
1461 2926 1605 2954 initium
1620 2927 1794 2962 Januarzi
