2074 3179
286 119 357 156 500
797 117 1024 154 LITTERAE
1050 127 1407 160 QUADRnfflsrREs

288 223 331 256 et
353 223 544 256 tornare
567 229 594 256 3
621 215 864 256 ricordare
891 226 917 254 3
946 214 1084 266 quelli
1112 214 1185 254 del
1211 215 1381 266 popolo
1413 215 1568 255 alcuni
1597 215 1738 255 buoni
1771 215 1922 255 ordini

288 287 372 327 che
403 286 461 327 V.
497 287 551 327 R.
589 287 757 336 lascio,
787 284 974 337 quando
1002 296 1154 325 venne
1181 287 1279 335 qui3
1315 285 1400 324 che
1435 297 1530 325 non
1566 291 1748 326 ostante
1783 287 1922 337 quelli

287 359 424 410 primi
446 359 556 399 anni
577 359 616 398 si
645 357 945 409 guardarono
974 356 1116 396 molto
1145 356 1283 406 bene,
1313 355 1480 396 adesso
1512 369 1601 397 con
1633 357 1663 397 il
1691 363 1847 408 tempo
1881 359 1920 398 si

286 431 538 471 andavano
559 413 816 469 lasciando.

364 502 498 542 Altro
520 513 614 541 non
636 502 674 541 c'
699 504 723 540 e
745 499 803 540 da
825 500 923 540 dire
945 511 994 539 se
1014 511 1110 539 non
1131 499 1217 539 che
1237 499 1342 539 tutti
1364 499 1534 539 stiamo
1556 501 1698 540 molto
1728 501 1845 541 bene
1876 500 1919 540 et

283 573 513 614 consolati
533 584 616 624 per
637 572 680 612 13
700 571 844 612 bonta
865 570 911 611 di
931 571 1022 611 Dio
1045 571 1119 611 del
1133 570 1278 610 frutto
1300 570 1385 610 che
1406 572 1484 622 qui
1514 571 1552 610 si
1583 572 1861 612 commincia
1893 584 1920 612 3

282 645 381 685 fare
404 646 449 684 in
471 650 634 696 questa
655 643 917 694 provincia3
936 641 1108 694 perche
1129 654 1223 682 non
1244 642 1503 682 solamente
1524 641 1572 681 in
1588 642 1820 694 Vergara,
1843 655 1917 683 ma

280 716 327 756 in
349 715 585 767 Azpeitia,
611 714 648 754 si
670 714 825 754 hanno
848 713 1190 754 communicate
1219 712 1299 752 250
1328 724 1547 764 persone,
1581 718 1626 753 et
1659 713 1705 753 in
1736 713 1920 765 Ognate

281 787 411 827 molti
433 794 476 826 et
500 786 545 826 in
567 785 863 836 Mondragon
884 785 1028 835 assai,
1054 796 1165 824 cosa
1187 784 1331 824 molto
1353 795 1510 824 nuova
1529 784 1576 824 in
1597 790 1757 836 queste
1777 791 1917 837 terre;

280 864 324 898 et
345 860 444 898 cosi
466 856 724 897 vedendosi
746 856 777 896 il
797 855 942 896 frutto
965 855 1100 907 quasi
1128 854 1187 895 da
1216 855 1343 906 tutti,
1379 855 1410 894 il
1435 854 1534 895 Sre.
1566 855 1843 907 Inquisitore
1874 863 1918 897 et

280 929 473 969 vicario
496 929 691 968 insieme
713 928 935 978 vogliono
956 927 1056 967 fare
1079 927 1194 967 certi
1211 927 1356 977 editti,
1375 926 1659 967 notificando
1682 928 1725 967 31
1746 929 1916 980 populo

281 1001 310 1040 il
331 999 513 1052 grande
536 999 728 1040 servitio
745 999 832 1039 che
847 998 991 1039 fanno
1014 1010 1040 1038 3
1058 998 1148 1039 Dio
1170 999 1293 1038 nella
1309 998 1388 1038 via
1410 998 1692 1038 cominciata
1708 1004 1753 1039 et
1770 1010 1918 1040 essor-

281 1072 462 1112 tandoli
484 1071 570 1111 che
592 1071 768 1111 vadino
789 1070 968 1120 inanzi,
992 1082 1074 1121 per
1096 1081 1251 1110 essere
1273 1081 1365 1109 uno
1389 1069 1495 1109 delli
1524 1070 1759 1121 maggiori
1784 1070 1917 1111 rime—

278 1143 342 1183 dii
361 1143 407 1183 di
429 1149 592 1183 nostra
622 1142 898 1182 salvatione.
930 1141 965 1182 Il
992 1140 1191 1192 Signore
1213 1141 1281 1181 sia
1310 1141 1485 1182 servito
1513 1141 1615 1193 che,
1638 1142 1737 1182 loro
1764 1141 1916 1182 facen-

276 1214 381 1255 dolo
403 1221 447 1254 et
468 1215 547 1254 noi
568 1213 828 1264 dicendolo,
853 1213 1082 1252 salviamo
1100 1213 1140 1252 16
1163 1212 1316 1252 anime
1336 1218 1509 1252 nostre.
1533 1212 1700 1252 Amen.

354 1286 417 1326 Di
438 1286 619 1338 Loyola
641 1285 719 1325 alli
738 1283 764 1324 8
785 1284 830 1324 di
853 1283 1075 1325 Gennaro
1097 1283 1153 1324 de
1179 1284 1292 1324 1552.

354 1357 415 1397 Di
438 1357 496 1398 V.
522 1356 575 1397 R.
601 1356 810 1408 figliuolo
833 1355 1041 1405 minimo,

1197 1498 1415 1539 MICHELE
1446 1499 1697 1539 NAVARRO.

350 1715 418 1756 La
440 1716 715 1767 sopradetta
737 1714 983 1755 domenica
1004 1713 1227 1765 predicho
1257 1713 1303 1753 in
1330 1712 1546 1764 Azpeitia
1572 1724 1713 1764 sopra
1742 1714 1908 1767 quello:

270 1787 351 1826 ubi
385 1790 457 1827 est
497 1787 581 1838 (μα’
615 1790 761 1827 natus
806 1789 877 1826 est
917 1786 1029 1825 Rex
1068 1784 1409 1837 judaeorum?
1462 1783 1673 1824 Vidimus
1721 1784 1912 1825 stellam

268 1858 400 1910 ejuS,
422 1864 534 1909 etc.;
558 1859 606 1899 fu
626 1870 720 1898 una
741 1857 933 1909 predica
953 1857 1039 1897 che
1061 1857 1104 1897 io
1127 1856 1221 1896 mai
1248 1856 1295 1896 in
1322 1856 1414 1896 mia
1445 1856 1543 1895 vita
1569 1867 1663 1895 non
1696 1856 1755 1896 ho
1784 1856 1914 1896 udito

270 1930 505 1981 migliore,
531 1932 631 1970 cosi
652 1930 698 1969 in
720 1929 926 1969 dottrina
947 1940 1079 1968 come
1101 1928 1148 1968 in
1168 1927 1311 1967 frutto
1332 1939 1415 1978 per
1442 1927 1484 1966 le
1512 1915 1681 1967 anime.
1711 1927 1911 1968 Haveva

269 2003 413 2042 molta
434 2008 574 2053 gente
595 2008 640 2042 et
661 2001 792 2042 molti
821 2000 1070 2052 principali
1091 1999 1212 2039 della
1232 1998 1501 2050 provincia,
1526 1997 1612 2039 che
1639 2010 1914 2039 vennerono

269 2085 352 2125 per
373 2079 499 2114 certe
520 2083 684 2123 nozze3
707 2078 953 2113 restarono
974 2077 1106 2112 tanto
1134 2070 1370 2110 ammirati
1397 2076 1442 2110 et
1470 2070 1673 2110 contenti
1703 2070 1789 2110 che
1819 2081 1914 2110 non

270 2145 428 2196 saprei
450 2145 751 2185 dichiararlo.

350 2216 491 2268 Dipoi
512 2216 756 2267 mangiare
778 2216 817 2256 si
836 2217 961 2268 parti
988 2215 1019 2254 il
1045 2214 1094 2255 P.
1119 2226 1202 2266 per
1229 2214 1460 2265 Azcoitia,
1485 2213 1605 2254 dove
1632 2213 1752 2263 fece,
1782 2213 1912 2254 finito

269 2290 295 2328 l'
329 2287 485 2328 ufficio
518 2288 563 2328 di
597 2299 790 2339 vespro,
824 2288 945 2327 altra
974 2286 1200 2338 predicha
1226 2297 1367 2337 sopra
1399 2285 1549 2337 quelle
1580 2284 1766 2336 parole;
1796 2283 1912 2333 Fili,

268 2358 384 2411 quid
394 2358 567 2409 fecisti
584 2359 717 2399 nobis
737 2358 839 2398 sic?
860 2357 918 2398 Se
938 2358 985 2398 la
1005 2356 1196 2409 predica
1226 2356 1347 2397 della
1374 2356 1572 2397 mattina
1598 2356 1648 2396 fu
1678 2355 1833 2396 buona
1866 2362 1910 2396 et

268 2431 398 2482 utile,
423 2432 576 2482 quella
599 2431 720 2470 della
742 2442 844 2470 sera
868 2430 916 2470 su
937 2429 1030 2469 tale
1051 2429 1136 2469 che
1157 2441 1250 2469 non
1278 2429 1322 2468 13
1352 2416 1510 2480 saprei
1536 2428 1744 2468 stimare.
1775 2426 1829 2467 N.
1861 2425 1908 2467 S.

268 2514 412 2554 penso
436 2502 521 2542 che
543 2502 685 2542 molto
707 2501 755 2542 fu
776 2502 954 2541 servito
977 2502 1081 2553 quel
1103 2502 1168 2551 di,
1193 2500 1371 2540 benche
1393 2500 1432 2540 si
1453 2499 1570 2540 duro
1597 2499 1742 2539 molta
1769 2498 1911 2538 fatica

267 2586 349 2625 per
371 2575 416 2613 13
437 2574 515 2613 via
538 2573 584 2613 di
605 2572 820 2614 Azcoitia
842 2573 889 2613 in
909 2573 969 2621 13,
993 2573 1165 2624 perche
1186 2573 1411 2624 pioveva:
1435 2571 1613 2623 impero
1641 2570 1690 2610 fu
1713 2576 1845 2610 tanta
1867 2571 1910 2610 13

266 2645 665 2697 importunatione
696 2644 742 2684 di
770 2645 922 2696 quella
950 2650 1110 2695 gente,
1141 2643 1227 2684 che
1256 2654 1352 2683 non
1380 2643 1419 2682 si
1449 2647 1625 2694 potette
1655 2641 1755 2682 fare
1787 2642 1908 2681 altra

266 2727 399 2767 cosa;
436 2716 609 2768 perche
639 2727 772 2756 come
800 2716 831 2755 li
864 2715 963 2755 fece
991 2726 1054 2755 un
1083 2715 1474 2766 raggionamento
1503 2714 1595 2754 3113
1622 2718 1796 2753 venuta
1827 2723 1912 2764 per

263 2787 442 2839 Loyola
461 2799 600 2839 sopra
619 2788 771 2839 quello
787 2786 1048 2837 Evangelio
1064 2789 1108 2825 et
1123 2785 1421 2837 procidentes
1437 2785 1767 2825 adoraverunt
1784 2795 1908 2833 eum,

263 2864 510 2898 sestarono
526 2864 656 2898 tanto
673 2857 816 2898 mossi
833 2857 973 2909 quelli
989 2856 1063 2897 del
1078 2857 1263 2909 popolo,
1284 2856 1369 2897 che
1386 2867 1659 2897 vennerono
1679 2867 1705 2895 3
1723 2854 1908 2907 Loyola

246 2929 370 2989 *duoi
394 2928 640 2970 Sacerdoti
661 2929 802 2969 molto
832 2928 1054 2969 honorati
1075 2928 1134 2968 (13
1160 2933 1294 2980 parte
1316 2927 1389 2968 del
1409 2928 1579 2979 popolo
1605 2939 1632 2967 3
1652 2937 1854 2978 pregare
1875 2925 1908 2965 il
