<?xml version="1.0" encoding="UTF-8"?>
<!DOCTYPE html PUBLIC "-//W3C//DTD XHTML 1.0 Transitional//EN"
    "http://www.w3.org/TR/xhtml1/DTD/xhtml1-transitional.dtd">
<html xmlns="http://www.w3.org/1999/xhtml" xml:lang="en" lang="en">
 <head>
  <title>
</title>
<meta http-equiv="Content-Type" content="text/html;charset=utf-8" />
  <meta name='ocr-system' content='tesseract 3.04.00' />
  <meta name='ocr-capabilities' content='ocr_page ocr_carea ocr_par ocr_line ocrx_word'/>
</head>
<body>
  <div class='ocr_page' id='page_1' title='image "./litteraequadrime13lain_0375.png"; bbox 0 0 2074 3179; ppageno 0'>
   <div class='ocr_carea' id='block_1_1' title="bbox 952 213 1865 251">
    <p class='ocr_par' dir='ltr' id='par_1_1' title="bbox 952 213 1865 251">
     <span class='ocr_line' id='line_1_1' title="bbox 952 213 1865 251; baseline -0.002 0"><span class='ocrx_word' id='word_1_1' title='bbox 952 214 1033 251; x_wconf 71' lang='lat' dir='ltr'>AN.</span> <span class='ocrx_word' id='word_1_2' title='bbox 1066 213 1152 250; x_wconf 73' lang='lat'>1551</span> <span class='ocrx_word' id='word_1_3' title='bbox 1799 213 1865 249; x_wconf 76' lang='lat'>371</span> 
     </span>
    </p>
   </div>
   <div class='ocr_carea' id='block_1_2' title="bbox 241 307 1929 2701">
    <p class='ocr_par' dir='ltr' id='par_1_2' title="bbox 241 307 1870 715">
     <span class='ocr_line' id='line_1_2' title="bbox 241 307 1869 361; baseline 0.001 -14"><span class='ocrx_word' id='word_1_4' title='bbox 241 307 490 348; x_wconf 88' lang='lat' dir='ltr'>Testantur</span> <span class='ocrx_word' id='word_1_5' title='bbox 511 319 605 348; x_wconf 94' lang='lat' dir='ltr'>non</span> <span class='ocrx_word' id='word_1_6' title='bbox 627 309 779 349; x_wconf 88' lang='lat' dir='ltr'>minus</span> <span class='ocrx_word' id='word_1_7' title='bbox 799 310 949 351; x_wconf 85' lang='lat' dir='ltr'>videri</span> <span class='ocrx_word' id='word_1_8' title='bbox 978 310 1065 350; x_wconf 88' lang='lat' dir='ltr'>sibi</span> <span class='ocrx_word' id='word_1_9' title='bbox 1096 310 1220 361; x_wconf 87' lang='lat' dir='ltr'>quod</span> <span class='ocrx_word' id='word_1_10' title='bbox 1249 309 1512 349; x_wconf 87' lang='lat' dir='ltr'>Germanus</span> <span class='ocrx_word' id='word_1_11' title='bbox 1543 308 1601 348; x_wconf 84' lang='lat' dir='ltr'>ad</span> <span class='ocrx_word' id='word_1_12' title='bbox 1633 320 1719 348; x_wconf 89' lang='lat' dir='ltr'>nos</span> <span class='ocrx_word' id='word_1_13' title='bbox 1749 320 1869 348; x_wconf 92' lang='lat' dir='ltr'>unus</span> 
     </span>
     <span class='ocr_line' id='line_1_3' title="bbox 242 379 1869 432; baseline 0.001 -15"><span class='ocrx_word' id='word_1_14' title='bbox 242 379 419 429; x_wconf 83' lang='lat' dir='ltr'>veniat,</span> <span class='ocrx_word' id='word_1_15' title='bbox 453 390 592 429; x_wconf 89' lang='lat' dir='ltr'>quam</span> <span class='ocrx_word' id='word_1_16' title='bbox 619 380 658 419; x_wconf 92' lang='lat' dir='ltr'>si</span> <span class='ocrx_word' id='word_1_17' title='bbox 685 381 759 420; x_wconf 84' lang='lat' dir='ltr'>vel</span> <span class='ocrx_word' id='word_1_18' title='bbox 789 380 890 421; x_wconf 89' lang='lat' dir='ltr'>Itali</span> <span class='ocrx_word' id='word_1_19' title='bbox 917 382 992 420; x_wconf 85' lang='lat' dir='ltr'>vel</span> <span class='ocrx_word' id='word_1_20' title='bbox 1020 380 1218 432; x_wconf 78' lang='lat' dir='ltr'>Hispani</span> <span class='ocrx_word' id='word_1_21' title='bbox 1237 379 1407 430; x_wconf 83' lang='lat' dir='ltr'>viginti</span> <span class='ocrx_word' id='word_1_22' title='bbox 1429 379 1647 419; x_wconf 83' lang='lat' dir='ltr'>offerrent</span> <span class='ocrx_word' id='word_1_23' title='bbox 1668 390 1770 419; x_wconf 89' lang='lat' dir='ltr'>sese</span> <span class='ocrx_word' id='word_1_24' title='bbox 1792 379 1869 419; x_wconf 86' lang='lat' dir='ltr'>So-</span> 
     </span>
     <span class='ocr_line' id='line_1_4' title="bbox 242 442 1870 503; baseline 0 -14"><span class='ocrx_word' id='word_1_25' title='bbox 242 442 574 489; x_wconf 81' lang='lat' dir='ltr'>cietati.&#39;N0vit</span> <span class='ocrx_word' id='word_1_26' title='bbox 594 450 803 501; x_wconf 90' lang='lat' dir='ltr'>profecto</span> <span class='ocrx_word' id='word_1_27' title='bbox 822 451 950 492; x_wconf 90' lang='lat' dir='ltr'>Deus</span> <span class='ocrx_word' id='word_1_28' title='bbox 967 451 1072 503; x_wconf 88' lang='lat' dir='ltr'>Opt.</span> <span class='ocrx_word' id='word_1_29' title='bbox 1093 452 1218 491; x_wconf 81' lang='lat' dir='ltr'>Max.</span> <span class='ocrx_word' id='word_1_30' title='bbox 1238 457 1281 490; x_wconf 87' lang='lat' dir='ltr'>et</span> <span class='ocrx_word' id='word_1_31' title='bbox 1301 451 1402 500; x_wconf 88' lang='lat' dir='ltr'>ipsa</span> <span class='ocrx_word' id='word_1_32' title='bbox 1420 450 1612 490; x_wconf 91' lang='lat' dir='ltr'>nimium</span> <span class='ocrx_word' id='word_1_33' title='bbox 1629 462 1714 490; x_wconf 88' lang='lat' dir='ltr'>nos</span> <span class='ocrx_word' id='word_1_34' title='bbox 1735 450 1870 489; x_wconf 84' lang='lat' dir='ltr'>docet</span> 
     </span>
     <span class='ocr_line' id='line_1_5' title="bbox 242 519 1867 574; baseline 0 -14"><span class='ocrx_word' id='word_1_35' title='bbox 242 520 555 572; x_wconf 73' lang='lat' dir='ltr'>experientia,</span> <span class='ocrx_word' id='word_1_36' title='bbox 589 521 697 572; x_wconf 87' lang='lat' dir='ltr'>quid</span> <span class='ocrx_word' id='word_1_37' title='bbox 726 530 1040 574; x_wconf 88' lang='lat' dir='ltr'>quantumque</span> <span class='ocrx_word' id='word_1_38' title='bbox 1077 522 1359 562; x_wconf 82' lang='lat' dir='ltr'>difficultatis</span> <span class='ocrx_word' id='word_1_39' title='bbox 1394 521 1717 561; x_wconf 77' lang='lat' dir='ltr'>devorandum</span> <span class='ocrx_word' id='word_1_40' title='bbox 1750 519 1759 538; x_wconf 90' lang='lat'>¹</span> <span class='ocrx_word' id='word_1_41' title='bbox 1794 521 1867 570; x_wconf 86' lang='lat' dir='ltr'>sit,</span> 
     </span>
     <span class='ocr_line' id='line_1_6' title="bbox 242 592 1869 643; baseline -0.001 -12"><span class='ocrx_word' id='word_1_42' title='bbox 242 592 517 643; x_wconf 75' lang='lat' dir='ltr'>priusquam</span> <span class='ocrx_word' id='word_1_43' title='bbox 543 592 631 632; x_wconf 91' lang='lat' dir='ltr'>hoc</span> <span class='ocrx_word' id='word_1_44' title='bbox 660 593 921 633; x_wconf 86' lang='lat' dir='ltr'>institutum</span> <span class='ocrx_word' id='word_1_45' title='bbox 948 593 1294 633; x_wconf 83' lang='lat' dir='ltr'>Germanorum</span> <span class='ocrx_word' id='word_1_46' title='bbox 1322 593 1505 632; x_wconf 84' lang='lat' dir='ltr'>animus</span> <span class='ocrx_word' id='word_1_47' title='bbox 1526 592 1776 642; x_wconf 83' lang='lat' dir='ltr'>intelligat,</span> <span class='ocrx_word' id='word_1_48' title='bbox 1808 592 1869 630; x_wconf 87' lang='lat' dir='ltr'>in-</span> 
     </span>
     <span class='ocr_line' id='line_1_7' title="bbox 242 662 1656 715; baseline 0.002 -14"><span class='ocrx_word' id='word_1_49' title='bbox 242 662 477 702; x_wconf 86' lang='lat' dir='ltr'>tellectum</span> <span class='ocrx_word' id='word_1_50' title='bbox 497 664 674 714; x_wconf 84' lang='lat' dir='ltr'>probet,</span> <span class='ocrx_word' id='word_1_51' title='bbox 699 665 947 715; x_wconf 87' lang='lat' dir='ltr'>probatum</span> <span class='ocrx_word' id='word_1_52' title='bbox 967 676 1080 704; x_wconf 87' lang='lat' dir='ltr'>vero</span> <span class='ocrx_word' id='word_1_53' title='bbox 1102 664 1274 703; x_wconf 88' lang='lat' dir='ltr'>sectari</span> <span class='ocrx_word' id='word_1_54' title='bbox 1295 663 1407 703; x_wconf 84' lang='lat' dir='ltr'>velit</span> <span class='ocrx_word' id='word_1_55' title='bbox 1429 670 1473 702; x_wconf 92' lang='lat' dir='ltr'>et</span> <span class='ocrx_word' id='word_1_56' title='bbox 1495 663 1656 714; x_wconf 82' lang='lat' dir='ltr'>possit.</span> 
     </span>
    </p>

    <p class='ocr_par' dir='ltr' id='par_1_3' title="bbox 243 733 1929 1991">
     <span class='ocr_line' id='line_1_8' title="bbox 323 733 1872 786; baseline 0 -14"><span class='ocrx_word' id='word_1_57' title='bbox 323 733 474 784; x_wconf 83' lang='lat' dir='ltr'>Quam</span> <span class='ocrx_word' id='word_1_58' title='bbox 494 740 564 774; x_wconf 90' lang='lat' dir='ltr'>est</span> <span class='ocrx_word' id='word_1_59' title='bbox 586 746 833 786; x_wconf 91' lang='lat' dir='ltr'>operosum</span> <span class='ocrx_word' id='word_1_60' title='bbox 854 735 959 786; x_wconf 89' lang='lat' dir='ltr'>(heu</span> <span class='ocrx_word' id='word_1_61' title='bbox 979 735 1066 785; x_wconf 90' lang='lat' dir='ltr'>me)</span> <span class='ocrx_word' id='word_1_62' title='bbox 1095 734 1364 775; x_wconf 87' lang='lat' dir='ltr'>Catholicos</span> <span class='ocrx_word' id='word_1_63' title='bbox 1391 734 1439 773; x_wconf 92' lang='lat' dir='ltr'>in</span> <span class='ocrx_word' id='word_1_64' title='bbox 1468 733 1694 784; x_wconf 81' lang='lat' dir='ltr'>religione</span> <span class='ocrx_word' id='word_1_65' title='bbox 1724 733 1872 773; x_wconf 79' lang='lat' dir='ltr'>Veteri</span> 
     </span>
     <span class='ocr_line' id='line_1_9' title="bbox 244 804 1872 856; baseline -0.001 -12"><span class='ocrx_word' id='word_1_66' title='bbox 244 804 505 845; x_wconf 81' lang='lat' dir='ltr'>continere!</span> <span class='ocrx_word' id='word_1_67' title='bbox 534 812 707 856; x_wconf 87' lang='lat' dir='ltr'>quanto</span> <span class='ocrx_word' id='word_1_68' title='bbox 729 805 961 846; x_wconf 88' lang='lat' dir='ltr'>difficilius</span> <span class='ocrx_word' id='word_1_69' title='bbox 989 812 1144 846; x_wconf 87' lang='lat' dir='ltr'>autem</span> <span class='ocrx_word' id='word_1_70' title='bbox 1164 805 1505 845; x_wconf 84' lang='lat' dir='ltr'>sacerdotalem</span> <span class='ocrx_word' id='word_1_71' title='bbox 1533 805 1743 844; x_wconf 83' lang='lat' dir='ltr'>ordinem</span> <span class='ocrx_word' id='word_1_72' title='bbox 1771 804 1872 844; x_wconf 88' lang='lat' dir='ltr'>istis</span> 
     </span>
     <span class='ocr_line' id='line_1_10' title="bbox 244 874 1869 928; baseline -0.001 -13"><span class='ocrx_word' id='word_1_73' title='bbox 244 876 573 926; x_wconf 80' lang='lat' dir='ltr'>comprobare!</span> <span class='ocrx_word' id='word_1_74' title='bbox 609 883 656 916; x_wconf 84' lang='lat' dir='ltr'>at</span> <span class='ocrx_word' id='word_1_75' title='bbox 684 878 821 928; x_wconf 83' lang='lat' dir='ltr'>longe</span> <span class='ocrx_word' id='word_1_76' title='bbox 849 877 1142 917; x_wconf 87' lang='lat' dir='ltr'>rarissimum</span> <span class='ocrx_word' id='word_1_77' title='bbox 1178 882 1222 916; x_wconf 90' lang='lat' dir='ltr'>et</span> <span class='ocrx_word' id='word_1_78' title='bbox 1249 876 1669 916; x_wconf 85' lang='lat' dir='ltr'>laboriosissimum</span> <span class='ocrx_word' id='word_1_79' title='bbox 1702 874 1869 923; x_wconf 87' lang='lat' dir='ltr'>isthuc,</span> 
     </span>
     <span class='ocr_line' id='line_1_11' title="bbox 244 945 1870 999; baseline 0 -14"><span class='ocrx_word' id='word_1_80' title='bbox 244 945 510 997; x_wconf 81' lang='lat' dir='ltr'>Religiosae</span> <span class='ocrx_word' id='word_1_81' title='bbox 532 948 658 987; x_wconf 84' lang='lat' dir='ltr'>vitae</span> <span class='ocrx_word' id='word_1_82' title='bbox 688 947 899 988; x_wconf 79' lang='lat' dir='ltr'>ordinem</span> <span class='ocrx_word' id='word_1_83' title='bbox 927 948 1067 988; x_wconf 90' lang='lat' dir='ltr'>alicui</span> <span class='ocrx_word' id='word_1_84' title='bbox 1095 947 1378 999; x_wconf 87' lang='lat' dir='ltr'>persuadere</span> <span class='ocrx_word' id='word_1_85' title='bbox 1405 958 1557 997; x_wconf 87' lang='lat' dir='ltr'>posse.</span> <span class='ocrx_word' id='word_1_86' title='bbox 1591 945 1665 986; x_wconf 92' lang='lat' dir='ltr'>Nil</span> <span class='ocrx_word' id='word_1_87' title='bbox 1694 945 1870 996; x_wconf 85' lang='lat' dir='ltr'>vident,</span> 
     </span>
     <span class='ocr_line' id='line_1_12' title="bbox 243 1017 1929 1070; baseline 0.001 -15"><span class='ocrx_word' id='word_1_88' title='bbox 243 1017 306 1056; x_wconf 92' lang='lat' dir='ltr'>nil</span> <span class='ocrx_word' id='word_1_89' title='bbox 327 1017 520 1057; x_wconf 89' lang='lat' dir='ltr'>audiunt</span> <span class='ocrx_word' id='word_1_90' title='bbox 540 1019 698 1058; x_wconf 88' lang='lat' dir='ltr'>miseri</span> <span class='ocrx_word' id='word_1_91' title='bbox 720 1019 843 1070; x_wconf 88' lang='lat' dir='ltr'>quod</span> <span class='ocrx_word' id='word_1_92' title='bbox 864 1019 924 1059; x_wconf 84' lang='lat' dir='ltr'>ad</span> <span class='ocrx_word' id='word_1_93' title='bbox 944 1019 1091 1059; x_wconf 87' lang='lat' dir='ltr'>vitam</span> <span class='ocrx_word' id='word_1_94' title='bbox 1111 1018 1459 1070; x_wconf 82' lang='lat' dir='ltr'>perfectiorem,</span> <span class='ocrx_word' id='word_1_95' title='bbox 1491 1017 1550 1057; x_wconf 88' lang='lat' dir='ltr'>ad</span> <span class='ocrx_word' id='word_1_96' title='bbox 1572 1017 1873 1057; x_wconf 86' lang='lat' dir='ltr'>consiliorum</span> <span class='ocrx_word' id='word_1_97' title='bbox 1926 1017 1929 1020; x_wconf 74' lang='grc'><strong>’</strong></span> 
     </span>
     <span class='ocr_line' id='line_1_13' title="bbox 245 1087 1872 1141; baseline 0 -14"><span class='ocrx_word' id='word_1_98' title='bbox 245 1087 640 1139; x_wconf 83' lang='lat' dir='ltr'>Evangelicorum</span> <span class='ocrx_word' id='word_1_99' title='bbox 657 1090 1035 1130; x_wconf 85' lang='lat' dir='ltr'>observationem</span> <span class='ocrx_word' id='word_1_100' title='bbox 1053 1089 1249 1141; x_wconf 83' lang='lat' dir='ltr'>frigidos</span> <span class='ocrx_word' id='word_1_101' title='bbox 1266 1089 1440 1130; x_wconf 88' lang='lat' dir='ltr'>incitet.</span> <span class='ocrx_word' id='word_1_102' title='bbox 1460 1088 1640 1140; x_wconf 85' lang='lat' dir='ltr'>Jacent,</span> <span class='ocrx_word' id='word_1_103' title='bbox 1663 1088 1782 1139; x_wconf 90' lang='lat' dir='ltr'>proh</span> <span class='ocrx_word' id='word_1_104' title='bbox 1798 1088 1872 1128; x_wconf 90' lang='lat' dir='ltr'>do-</span> 
     </span>
     <span class='ocr_line' id='line_1_14' title="bbox 247 1159 1872 1211; baseline 0 -13"><span class='ocrx_word' id='word_1_105' title='bbox 247 1159 331 1208; x_wconf 92' lang='lat' dir='ltr'>lor,</span> <span class='ocrx_word' id='word_1_106' title='bbox 357 1159 421 1198; x_wconf 90' lang='lat' dir='ltr'>ita</span> <span class='ocrx_word' id='word_1_107' title='bbox 443 1160 650 1211; x_wconf 84' lang='lat' dir='ltr'>corrupti</span> <span class='ocrx_word' id='word_1_108' title='bbox 671 1160 833 1211; x_wconf 89' lang='lat' dir='ltr'>animi,</span> <span class='ocrx_word' id='word_1_109' title='bbox 859 1166 906 1200; x_wconf 94' lang='lat' dir='ltr'>ut</span> <span class='ocrx_word' id='word_1_110' title='bbox 928 1161 987 1200; x_wconf 90' lang='lat' dir='ltr'>ad</span> <span class='ocrx_word' id='word_1_111' title='bbox 1008 1172 1193 1200; x_wconf 90' lang='lat' dir='ltr'>omnem</span> <span class='ocrx_word' id='word_1_112' title='bbox 1214 1159 1310 1200; x_wconf 90' lang='lat' dir='ltr'>fere</span> <span class='ocrx_word' id='word_1_113' title='bbox 1332 1159 1611 1199; x_wconf 77' lang='lat' dir='ltr'>medicinam</span> <span class='ocrx_word' id='word_1_114' title='bbox 1630 1164 1872 1209; x_wconf 90' lang='lat' dir='ltr'>nauseent;</span> 
     </span>
     <span class='ocr_line' id='line_1_15' title="bbox 246 1229 1874 1282; baseline 0.001 -14"><span class='ocrx_word' id='word_1_115' title='bbox 246 1230 427 1269; x_wconf 86' lang='lat' dir='ltr'>laetalis</span> <span class='ocrx_word' id='word_1_116' title='bbox 459 1229 579 1279; x_wconf 74' lang='lat' dir='ltr'>(sic)</span> <span class='ocrx_word' id='word_1_117' title='bbox 607 1236 769 1281; x_wconf 89' lang='lat' dir='ltr'>torpor</span> <span class='ocrx_word' id='word_1_118' title='bbox 800 1242 854 1271; x_wconf 89' lang='lat' dir='ltr'>ac</span> <span class='ocrx_word' id='word_1_119' title='bbox 882 1238 1016 1282; x_wconf 89' lang='lat' dir='ltr'>tepor</span> <span class='ocrx_word' id='word_1_120' title='bbox 1044 1236 1243 1282; x_wconf 89' lang='lat' dir='ltr'>occupat</span> <span class='ocrx_word' id='word_1_121' title='bbox 1268 1231 1439 1271; x_wconf 88' lang='lat' dir='ltr'>omnia.</span> <span class='ocrx_word' id='word_1_122' title='bbox 1468 1229 1600 1270; x_wconf 87' lang='lat' dir='ltr'>Adeo</span> <span class='ocrx_word' id='word_1_123' title='bbox 1629 1236 1679 1269; x_wconf 88' lang='lat' dir='ltr'>ut</span> <span class='ocrx_word' id='word_1_124' title='bbox 1699 1229 1874 1269; x_wconf 90' lang='lat' dir='ltr'>nullum</span> 
     </span>
     <span class='ocr_line' id='line_1_16' title="bbox 245 1300 1874 1353; baseline 0.001 -14"><span class='ocrx_word' id='word_1_125' title='bbox 245 1311 347 1340; x_wconf 89' lang='lat' dir='ltr'>esse</span> <span class='ocrx_word' id='word_1_126' title='bbox 369 1300 646 1340; x_wconf 89' lang='lat' dir='ltr'>crediderim</span> <span class='ocrx_word' id='word_1_127' title='bbox 667 1301 1012 1352; x_wconf 83' lang='lat' dir='ltr'>Religiosorum</span> <span class='ocrx_word' id='word_1_128' title='bbox 1034 1302 1277 1353; x_wconf 85' lang='lat' dir='ltr'>Ordinem,</span> <span class='ocrx_word' id='word_1_129' title='bbox 1302 1302 1380 1353; x_wconf 90' lang='lat' dir='ltr'>qui</span> <span class='ocrx_word' id='word_1_130' title='bbox 1400 1313 1494 1341; x_wconf 88' lang='lat' dir='ltr'>non</span> <span class='ocrx_word' id='word_1_131' title='bbox 1515 1301 1574 1341; x_wconf 91' lang='lat' dir='ltr'>ad</span> <span class='ocrx_word' id='word_1_132' title='bbox 1602 1301 1874 1341; x_wconf 85' lang='lat' dir='ltr'>internecio-</span> 
     </span>
     <span class='ocr_line' id='line_1_17' title="bbox 244 1370 1875 1424; baseline 0.001 -14"><span class='ocrx_word' id='word_1_133' title='bbox 244 1382 349 1411; x_wconf 88' lang='lat' dir='ltr'>nem</span> <span class='ocrx_word' id='word_1_134' title='bbox 371 1371 457 1410; x_wconf 88' lang='lat' dir='ltr'>sibi</span> <span class='ocrx_word' id='word_1_135' title='bbox 483 1371 558 1411; x_wconf 89' lang='lat' dir='ltr'>hic</span> <span class='ocrx_word' id='word_1_136' title='bbox 586 1370 600 1389; x_wconf 67' lang='lat'><strong>²</strong></span> <span class='ocrx_word' id='word_1_137' title='bbox 628 1383 827 1423; x_wconf 81' lang='lat' dir='ltr'>vergere</span> <span class='ocrx_word' id='word_1_138' title='bbox 857 1372 1089 1423; x_wconf 88' lang='lat' dir='ltr'>videatur,</span> <span class='ocrx_word' id='word_1_139' title='bbox 1119 1374 1349 1424; x_wconf 80' lang='lat' dir='ltr'>planeque</span> <span class='ocrx_word' id='word_1_140' title='bbox 1376 1372 1589 1424; x_wconf 79' lang='lat' dir='ltr'>desperet</span> <span class='ocrx_word' id='word_1_141' title='bbox 1619 1372 1675 1412; x_wconf 88' lang='lat' dir='ltr'>de</span> <span class='ocrx_word' id='word_1_142' title='bbox 1702 1372 1875 1412; x_wconf 89' lang='lat' dir='ltr'>instau-</span> 
     </span>
     <span class='ocr_line' id='line_1_18' title="bbox 245 1440 1876 1494; baseline 0.001 -13"><span class='ocrx_word' id='word_1_143' title='bbox 245 1440 404 1481; x_wconf 82' lang='lat' dir='ltr'>randis</span> <span class='ocrx_word' id='word_1_144' title='bbox 434 1442 510 1482; x_wconf 90' lang='lat' dir='ltr'>hic</span> <span class='ocrx_word' id='word_1_145' title='bbox 540 1443 851 1483; x_wconf 76' lang='lat' dir='ltr'>monasteriis,</span> <span class='ocrx_word' id='word_1_146' title='bbox 882 1443 1061 1483; x_wconf 86' lang='lat' dir='ltr'>Verum</span> <span class='ocrx_word' id='word_1_147' title='bbox 1088 1443 1174 1483; x_wconf 89' lang='lat' dir='ltr'>has</span> <span class='ocrx_word' id='word_1_148' title='bbox 1205 1443 1519 1494; x_wconf 88' lang='lat' dir='ltr'>querimonias</span> <span class='ocrx_word' id='word_1_149' title='bbox 1546 1443 1721 1482; x_wconf 87' lang='lat' dir='ltr'>idcirco</span> <span class='ocrx_word' id='word_1_150' title='bbox 1748 1454 1876 1494; x_wconf 90' lang='lat' dir='ltr'>repe-</span> 
     </span>
     <span class='ocr_line' id='line_1_19' title="bbox 245 1513 1876 1565; baseline 0.001 -13"><span class='ocrx_word' id='word_1_151' title='bbox 245 1518 342 1553; x_wconf 88' lang='lat' dir='ltr'>tere</span> <span class='ocrx_word' id='word_1_152' title='bbox 362 1513 518 1553; x_wconf 85' lang='lat' dir='ltr'>visum</span> <span class='ocrx_word' id='word_1_153' title='bbox 539 1519 628 1564; x_wconf 90' lang='lat' dir='ltr'>est,</span> <span class='ocrx_word' id='word_1_154' title='bbox 653 1520 702 1554; x_wconf 86' lang='lat' dir='ltr'>ut</span> <span class='ocrx_word' id='word_1_155' title='bbox 730 1514 807 1553; x_wconf 90' lang='lat' dir='ltr'>alii</span> <span class='ocrx_word' id='word_1_156' title='bbox 827 1514 1180 1565; x_wconf 85' lang='lat' dir='ltr'>lacrymabilem</span> <span class='ocrx_word' id='word_1_157' title='bbox 1204 1515 1326 1554; x_wconf 91' lang='lat' dir='ltr'>hunc</span> <span class='ocrx_word' id='word_1_158' title='bbox 1354 1520 1541 1564; x_wconf 88' lang='lat' dir='ltr'>statum,</span> <span class='ocrx_word' id='word_1_159' title='bbox 1568 1521 1611 1554; x_wconf 90' lang='lat' dir='ltr'>et</span> <span class='ocrx_word' id='word_1_160' title='bbox 1633 1526 1743 1554; x_wconf 86' lang='lat' dir='ltr'>sane</span> <span class='ocrx_word' id='word_1_161' title='bbox 1767 1513 1876 1554; x_wconf 90' lang='lat' dir='ltr'>affli-</span> 
     </span>
     <span class='ocr_line' id='line_1_20' title="bbox 247 1584 1878 1636; baseline 0 -12"><span class='ocrx_word' id='word_1_162' title='bbox 247 1584 524 1635; x_wconf 89' lang='lat' dir='ltr'>ctissimum‚</span> <span class='ocrx_word' id='word_1_163' title='bbox 549 1585 831 1636; x_wconf 82' lang='lat' dir='ltr'>intelligant,</span> <span class='ocrx_word' id='word_1_164' title='bbox 856 1585 1159 1636; x_wconf 81' lang='lat' dir='ltr'>intelligendo</span> <span class='ocrx_word' id='word_1_165' title='bbox 1182 1585 1461 1625; x_wconf 86' lang='lat' dir='ltr'>condoleant</span> <span class='ocrx_word' id='word_1_166' title='bbox 1483 1584 1780 1636; x_wconf 88' lang='lat' dir='ltr'>Germaniae,</span> <span class='ocrx_word' id='word_1_167' title='bbox 1803 1585 1878 1624; x_wconf 81' lang='lat' dir='ltr'>cui</span> 
     </span>
     <span class='ocr_line' id='line_1_21' title="bbox 246 1655 1878 1707; baseline 0.001 -12"><span class='ocrx_word' id='word_1_168' title='bbox 246 1667 339 1695; x_wconf 90' lang='lat' dir='ltr'>non</span> <span class='ocrx_word' id='word_1_169' title='bbox 361 1655 485 1695; x_wconf 89' lang='lat' dir='ltr'>intus</span> <span class='ocrx_word' id='word_1_170' title='bbox 505 1656 642 1695; x_wconf 91' lang='lat' dir='ltr'>modo</span> <span class='ocrx_word' id='word_1_171' title='bbox 664 1662 820 1707; x_wconf 88' lang='lat' dir='ltr'>pestes</span> <span class='ocrx_word' id='word_1_172' title='bbox 841 1656 965 1696; x_wconf 90' lang='lat' dir='ltr'>mille</span> <span class='ocrx_word' id='word_1_173' title='bbox 993 1662 1183 1706; x_wconf 88' lang='lat' dir='ltr'>nocent,</span> <span class='ocrx_word' id='word_1_174' title='bbox 1214 1655 1295 1696; x_wconf 87' lang='lat' dir='ltr'>sed</span> <span class='ocrx_word' id='word_1_175' title='bbox 1323 1656 1464 1696; x_wconf 89' lang='lat' dir='ltr'>etiam</span> <span class='ocrx_word' id='word_1_176' title='bbox 1489 1655 1605 1696; x_wconf 86' lang='lat' dir='ltr'>foris</span> <span class='ocrx_word' id='word_1_177' title='bbox 1632 1656 1729 1696; x_wconf 87' lang='lat' dir='ltr'>vim</span> <span class='ocrx_word' id='word_1_178' title='bbox 1758 1668 1878 1696; x_wconf 91' lang='lat' dir='ltr'>sum-</span> 
     </span>
     <span class='ocr_line' id='line_1_22' title="bbox 246 1726 1879 1778; baseline 0.001 -13"><span class='ocrx_word' id='word_1_179' title='bbox 246 1737 372 1766; x_wconf 89' lang='lat' dir='ltr'>mam</span> <span class='ocrx_word' id='word_1_180' title='bbox 393 1726 544 1766; x_wconf 88' lang='lat' dir='ltr'>adfert</span> <span class='ocrx_word' id='word_1_181' title='bbox 565 1726 765 1767; x_wconf 83' lang='lat' dir='ltr'>Turcica</span> <span class='ocrx_word' id='word_1_182' title='bbox 790 1727 966 1777; x_wconf 85' lang='lat' dir='ltr'>rabies,</span> <span class='ocrx_word' id='word_1_183' title='bbox 996 1738 1114 1778; x_wconf 88' lang='lat' dir='ltr'>quae</span> <span class='ocrx_word' id='word_1_184' title='bbox 1143 1727 1210 1767; x_wconf 93' lang='lat' dir='ltr'>sic</span> <span class='ocrx_word' id='word_1_185' title='bbox 1239 1727 1534 1778; x_wconf 83' lang='lat' dir='ltr'>Hungariam</span> <span class='ocrx_word' id='word_1_186' title='bbox 1560 1726 1690 1767; x_wconf 89' lang='lat' dir='ltr'>hisce</span> <span class='ocrx_word' id='word_1_187' title='bbox 1718 1727 1879 1767; x_wconf 88' lang='lat' dir='ltr'>diebus</span> 
     </span>
     <span class='ocr_line' id='line_1_23' title="bbox 248 1796 1878 1850; baseline 0.001 -13"><span class='ocrx_word' id='word_1_188' title='bbox 248 1797 441 1838; x_wconf 83' lang='lat' dir='ltr'>vexavit</span> <span class='ocrx_word' id='word_1_189' title='bbox 470 1796 498 1838; x_wconf 80' lang='lat'>⁵.</span> <span class='ocrx_word' id='word_1_190' title='bbox 536 1797 775 1849; x_wconf 89' lang='lat' dir='ltr'>Respiciat</span> <span class='ocrx_word' id='word_1_191' title='bbox 808 1810 894 1838; x_wconf 90' lang='lat' dir='ltr'>nos</span> <span class='ocrx_word' id='word_1_192' title='bbox 928 1798 1117 1838; x_wconf 89' lang='lat' dir='ltr'>tandem</span> <span class='ocrx_word' id='word_1_193' title='bbox 1138 1798 1530 1839; x_wconf 90' lang='lat' dir='ltr'>clementissimus</span> <span class='ocrx_word' id='word_1_194' title='bbox 1551 1797 1700 1849; x_wconf 89' lang='lat' dir='ltr'>Deus,</span> <span class='ocrx_word' id='word_1_195' title='bbox 1733 1798 1878 1850; x_wconf 89' lang='lat' dir='ltr'>prius—</span> 
     </span>
     <span class='ocr_line' id='line_1_24' title="bbox 247 1868 1880 1920; baseline 0.001 -12"><span class='ocrx_word' id='word_1_196' title='bbox 247 1880 388 1919; x_wconf 86' lang='lat' dir='ltr'>quam</span> <span class='ocrx_word' id='word_1_197' title='bbox 408 1868 796 1909; x_wconf 90' lang='lat' dir='ltr'>Lutheranismus</span> <span class='ocrx_word' id='word_1_198' title='bbox 817 1876 861 1909; x_wconf 89' lang='lat' dir='ltr'>et</span> <span class='ocrx_word' id='word_1_199' title='bbox 882 1869 1270 1910; x_wconf 89' lang='lat' dir='ltr'>Mahumetismus</span> <span class='ocrx_word' id='word_1_200' title='bbox 1292 1870 1544 1920; x_wconf 87' lang='lat' dir='ltr'>pessundet</span> <span class='ocrx_word' id='word_1_201' title='bbox 1565 1881 1702 1910; x_wconf 89' lang='lat' dir='ltr'>sacra</span> <span class='ocrx_word' id='word_1_202' title='bbox 1725 1870 1880 1910; x_wconf 88' lang='lat' dir='ltr'>omnia</span> 
     </span>
     <span class='ocr_line' id='line_1_25' title="bbox 248 1939 1041 1991; baseline 0 -12"><span class='ocrx_word' id='word_1_203' title='bbox 248 1939 565 1991; x_wconf 89' lang='lat' dir='ltr'>Divinumque</span> <span class='ocrx_word' id='word_1_204' title='bbox 587 1941 762 1980; x_wconf 90' lang='lat' dir='ltr'>cultum</span> <span class='ocrx_word' id='word_1_205' title='bbox 782 1940 1041 1991; x_wconf 84' lang='lat' dir='ltr'>extinguat.</span> 
     </span>
    </p>

    <p class='ocr_par' dir='ltr' id='par_1_4' title="bbox 249 2010 1881 2416">
     <span class='ocr_line' id='line_1_26' title="bbox 329 2010 1880 2063; baseline 0.001 -13"><span class='ocrx_word' id='word_1_206' title='bbox 329 2010 405 2051; x_wconf 85' lang='lat' dir='ltr'>Ad</span> <span class='ocrx_word' id='word_1_207' title='bbox 424 2011 692 2062; x_wconf 86' lang='lat' dir='ltr'>praedictos</span> <span class='ocrx_word' id='word_1_208' title='bbox 715 2012 1035 2051; x_wconf 89' lang='lat' dir='ltr'>adolescentes</span> <span class='ocrx_word' id='word_1_209' title='bbox 1057 2011 1174 2051; x_wconf 89' lang='lat' dir='ltr'>duos</span> <span class='ocrx_word' id='word_1_210' title='bbox 1196 2011 1352 2060; x_wconf 87' lang='lat' dir='ltr'>redeo,</span> <span class='ocrx_word' id='word_1_211' title='bbox 1377 2012 1455 2063; x_wconf 91' lang='lat' dir='ltr'>qui</span> <span class='ocrx_word' id='word_1_212' title='bbox 1475 2012 1609 2052; x_wconf 89' lang='lat' dir='ltr'>nobis</span> <span class='ocrx_word' id='word_1_213' title='bbox 1631 2012 1686 2052; x_wconf 90' lang='lat' dir='ltr'>de</span> <span class='ocrx_word' id='word_1_214' title='bbox 1709 2023 1758 2052; x_wconf 90' lang='lat' dir='ltr'>se</span> <span class='ocrx_word' id='word_1_215' title='bbox 1788 2023 1880 2052; x_wconf 88' lang='lat' dir='ltr'>ma-</span> 
     </span>
     <span class='ocr_line' id='line_1_27' title="bbox 249 2080 1879 2134; baseline 0.001 -13"><span class='ocrx_word' id='word_1_216' title='bbox 249 2080 421 2132; x_wconf 82' lang='lat' dir='ltr'>gnifica</span> <span class='ocrx_word' id='word_1_217' title='bbox 436 2082 483 2121; x_wconf 92' lang='lat' dir='ltr'>in</span> <span class='ocrx_word' id='word_1_218' title='bbox 500 2081 685 2122; x_wconf 88' lang='lat' dir='ltr'>Christo</span> <span class='ocrx_word' id='word_1_219' title='bbox 702 2082 994 2133; x_wconf 89' lang='lat' dir='ltr'>pollicentur,</span> <span class='ocrx_word' id='word_1_220' title='bbox 1014 2082 1182 2133; x_wconf 90' lang='lat' dir='ltr'>quique</span> <span class='ocrx_word' id='word_1_221' title='bbox 1199 2082 1263 2122; x_wconf 90' lang='lat' dir='ltr'>nil</span> <span class='ocrx_word' id='word_1_222' title='bbox 1285 2088 1447 2134; x_wconf 89' lang='lat' dir='ltr'>optant</span> <span class='ocrx_word' id='word_1_223' title='bbox 1468 2083 1707 2122; x_wconf 89' lang='lat' dir='ltr'>ardentius</span> <span class='ocrx_word' id='word_1_224' title='bbox 1724 2094 1879 2134; x_wconf 89' lang='lat' dir='ltr'>quam,</span> 
     </span>
     <span class='ocr_line' id='line_1_28' title="bbox 250 2152 1881 2205; baseline 0.001 -13"><span class='ocrx_word' id='word_1_225' title='bbox 250 2152 425 2192; x_wconf 89' lang='lat' dir='ltr'>relictis</span> <span class='ocrx_word' id='word_1_226' title='bbox 447 2153 589 2192; x_wconf 90' lang='lat' dir='ltr'>semel</span> <span class='ocrx_word' id='word_1_227' title='bbox 612 2153 845 2203; x_wconf 89' lang='lat' dir='ltr'>omnibus,</span> <span class='ocrx_word' id='word_1_228' title='bbox 870 2153 1066 2204; x_wconf 86' lang='lat' dir='ltr'>pauperi</span> <span class='ocrx_word' id='word_1_229' title='bbox 1088 2152 1275 2193; x_wconf 90' lang='lat' dir='ltr'>Christo</span> <span class='ocrx_word' id='word_1_230' title='bbox 1298 2165 1347 2193; x_wconf 91' lang='lat' dir='ltr'>se</span> <span class='ocrx_word' id='word_1_231' title='bbox 1368 2153 1639 2205; x_wconf 89' lang='lat' dir='ltr'>mancipare</span> <span class='ocrx_word' id='word_1_232' title='bbox 1667 2165 1723 2194; x_wconf 90' lang='lat' dir='ltr'>ac</span> <span class='ocrx_word' id='word_1_233' title='bbox 1752 2154 1881 2205; x_wconf 89' lang='lat' dir='ltr'>spiri-</span> 
     </span>
     <span class='ocr_line' id='line_1_29' title="bbox 251 2222 1881 2277; baseline 0.001 -14"><span class='ocrx_word' id='word_1_234' title='bbox 251 2224 401 2264; x_wconf 89' lang='lat' dir='ltr'>tuales</span> <span class='ocrx_word' id='word_1_235' title='bbox 435 2223 483 2263; x_wconf 90' lang='lat' dir='ltr'>in</span> <span class='ocrx_word' id='word_1_236' title='bbox 507 2224 596 2263; x_wconf 90' lang='lat' dir='ltr'>hac</span> <span class='ocrx_word' id='word_1_237' title='bbox 632 2222 865 2263; x_wconf 87' lang='lat' dir='ltr'>Societate</span> <span class='ocrx_word' id='word_1_238' title='bbox 896 2235 1008 2274; x_wconf 93' lang='lat' dir='ltr'>opes</span> <span class='ocrx_word' id='word_1_239' title='bbox 1036 2223 1326 2274; x_wconf 89' lang='lat' dir='ltr'>conquirere.</span> <span class='ocrx_word' id='word_1_240' title='bbox 1356 2224 1553 2277; x_wconf 90' lang='lat' dir='ltr'>Jamque</span> <span class='ocrx_word' id='word_1_241' title='bbox 1581 2230 1631 2264; x_wconf 91' lang='lat' dir='ltr'>ut</span> <span class='ocrx_word' id='word_1_242' title='bbox 1657 2225 1717 2265; x_wconf 90' lang='lat' dir='ltr'>ad</span> <span class='ocrx_word' id='word_1_243' title='bbox 1750 2225 1881 2264; x_wconf 90' lang='lat' dir='ltr'>colle-</span> 
     </span>
     <span class='ocr_line' id='line_1_30' title="bbox 250 2293 1881 2347; baseline 0.001 -12"><span class='ocrx_word' id='word_1_244' title='bbox 250 2295 380 2346; x_wconf 87' lang='lat' dir='ltr'>gium</span> <span class='ocrx_word' id='word_1_245' title='bbox 399 2294 599 2334; x_wconf 86' lang='lat' dir='ltr'>fratrum</span> <span class='ocrx_word' id='word_1_246' title='bbox 615 2293 850 2334; x_wconf 89' lang='lat' dir='ltr'>Viennam</span> <span class='ocrx_word' id='word_1_247' title='bbox 870 2294 1114 2334; x_wconf 87' lang='lat' dir='ltr'>mittantur</span> <span class='ocrx_word' id='word_1_248' title='bbox 1135 2306 1162 2334; x_wconf 95' lang='lat' dir='ltr'>a</span> <span class='ocrx_word' id='word_1_249' title='bbox 1184 2295 1319 2334; x_wconf 87' lang='lat' dir='ltr'>nobis</span> <span class='ocrx_word' id='word_1_250' title='bbox 1339 2294 1476 2335; x_wconf 83' lang='lat' dir='ltr'>valde</span> <span class='ocrx_word' id='word_1_251' title='bbox 1497 2295 1798 2347; x_wconf 90' lang='lat' dir='ltr'>contendunt,</span> <span class='ocrx_word' id='word_1_252' title='bbox 1823 2302 1881 2346; x_wconf 88' lang='lat' dir='ltr'>et,</span> 
     </span>
     <span class='ocr_line' id='line_1_31' title="bbox 252 2364 1334 2416; baseline 0 -10"><span class='ocrx_word' id='word_1_253' title='bbox 252 2365 292 2406; x_wconf 89' lang='lat' dir='ltr'>si</span> <span class='ocrx_word' id='word_1_254' title='bbox 313 2365 525 2406; x_wconf 89' lang='lat' dir='ltr'>Christus</span> <span class='ocrx_word' id='word_1_255' title='bbox 545 2364 718 2414; x_wconf 84' lang='lat' dir='ltr'>faveat,</span> <span class='ocrx_word' id='word_1_256' title='bbox 743 2364 876 2404; x_wconf 88' lang='lat' dir='ltr'>brevi</span> <span class='ocrx_word' id='word_1_257' title='bbox 897 2370 1003 2404; x_wconf 89' lang='lat' dir='ltr'>sunt</span> <span class='ocrx_word' id='word_1_258' title='bbox 1024 2365 1334 2416; x_wconf 88' lang='lat' dir='ltr'>impetraturi.</span> 
     </span>
    </p>

    <p class='ocr_par' dir='ltr' id='par_1_5' title="bbox 253 2435 1889 2701">
     <span class='ocr_line' id='line_1_32' title="bbox 332 2435 1886 2489; baseline 0.001 -13"><span class='ocrx_word' id='word_1_259' title='bbox 332 2435 618 2487; x_wconf 89' lang='lat' dir='ltr'>Auspicatus</span> <span class='ocrx_word' id='word_1_260' title='bbox 645 2447 749 2475; x_wconf 90' lang='lat' dir='ltr'>sum</span> <span class='ocrx_word' id='word_1_261' title='bbox 774 2446 883 2486; x_wconf 86' lang='lat' dir='ltr'>ego,</span> <span class='ocrx_word' id='word_1_262' title='bbox 914 2441 1101 2487; x_wconf 91' lang='lat' dir='ltr'>praeter</span> <span class='ocrx_word' id='word_1_263' title='bbox 1123 2436 1414 2487; x_wconf 81' lang='lat' dir='ltr'>theologicas</span> <span class='ocrx_word' id='word_1_264' title='bbox 1441 2437 1668 2477; x_wconf 89' lang='lat' dir='ltr'>lectiones</span> <span class='ocrx_word' id='word_1_265' title='bbox 1689 2437 1749 2478; x_wconf 87' lang='lat' dir='ltr'>ad</span> <span class='ocrx_word' id='word_1_266' title='bbox 1770 2449 1886 2489; x_wconf 92' lang='lat' dir='ltr'>quas</span> 
     </span>
     <span class='ocr_line' id='line_1_33' title="bbox 253 2506 1887 2560; baseline 0.001 -13"><span class='ocrx_word' id='word_1_267' title='bbox 253 2507 471 2559; x_wconf 88' lang='lat' dir='ltr'>frequens</span> <span class='ocrx_word' id='word_1_268' title='bbox 510 2506 747 2547; x_wconf 90' lang='lat' dir='ltr'>concurrit</span> <span class='ocrx_word' id='word_1_269' title='bbox 787 2506 1084 2557; x_wconf 89' lang='lat' dir='ltr'>auditorium,</span> <span class='ocrx_word' id='word_1_270' title='bbox 1116 2508 1396 2558; x_wconf 87' lang='lat' dir='ltr'>praesertim</span> <span class='ocrx_word' id='word_1_271' title='bbox 1424 2514 1673 2560; x_wconf 89' lang='lat' dir='ltr'>postquam</span> <span class='ocrx_word' id='word_1_272' title='bbox 1703 2509 1887 2560; x_wconf 90' lang='lat' dir='ltr'>suscepi</span> 
     </span>
     <span class='ocr_line' id='line_1_34' title="bbox 254 2576 1889 2632; baseline 0.001 -14"><span class='ocrx_word' id='word_1_273' title='bbox 254 2578 563 2629; x_wconf 84' lang='lat' dir='ltr'>Evangelium</span> <span class='ocrx_word' id='word_1_274' title='bbox 583 2577 680 2617; x_wconf 87' lang='lat' dir='ltr'>divi</span> <span class='ocrx_word' id='word_1_275' title='bbox 695 2576 888 2629; x_wconf 90' lang='lat' dir='ltr'>Joannis</span> <span class='ocrx_word' id='word_1_276' title='bbox 909 2577 1239 2629; x_wconf 86' lang='lat' dir='ltr'>explicandum</span> <span class='ocrx_word' id='word_1_277' title='bbox 1256 2576 1285 2628; x_wconf 75' lang='lat'>⁴,</span> <span class='ocrx_word' id='word_1_278' title='bbox 1304 2590 1473 2619; x_wconf 90' lang='lat' dir='ltr'>munus</span> <span class='ocrx_word' id='word_1_279' title='bbox 1493 2579 1819 2632; x_wconf 90' lang='lat' dir='ltr'>concionandi,</span> <span class='ocrx_word' id='word_1_280' title='bbox 1842 2579 1889 2619; x_wconf 90' lang='lat' dir='ltr'>in</span> 
     </span>
     <span class='ocr_line' id='line_1_35' title="bbox 254 2651 1889 2701; baseline 0.001 -12"><span class='ocrx_word' id='word_1_281' title='bbox 254 2660 402 2701; x_wconf 87' lang='lat' dir='ltr'>eoque</span> <span class='ocrx_word' id='word_1_282' title='bbox 436 2660 644 2689; x_wconf 88' lang='lat' dir='ltr'>mensem</span> <span class='ocrx_word' id='word_1_283' title='bbox 677 2659 800 2688; x_wconf 90' lang='lat' dir='ltr'>nunc</span> <span class='ocrx_word' id='word_1_284' title='bbox 834 2660 951 2700; x_wconf 88' lang='lat' dir='ltr'>pene</span> <span class='ocrx_word' id='word_1_285' title='bbox 979 2654 1197 2700; x_wconf 85' lang='lat' dir='ltr'>quartum</span> <span class='ocrx_word' id='word_1_286' title='bbox 1225 2661 1337 2701; x_wconf 85' lang='lat' dir='ltr'>agO,</span> <span class='ocrx_word' id='word_1_287' title='bbox 1376 2651 1674 2691; x_wconf 88' lang='lat' dir='ltr'>commutatis</span> <span class='ocrx_word' id='word_1_288' title='bbox 1703 2651 1889 2691; x_wconf 90' lang='lat' dir='ltr'>interim</span> 
     </span>
    </p>
   </div>
   <div class='ocr_carea' id='block_1_3' title="bbox 309 2831 1889 2966">
    <p class='ocr_par' dir='ltr' id='par_1_6' title="bbox 309 2831 1889 2966">
     <span class='ocr_line' id='line_1_36' title="bbox 309 2831 1006 2866; baseline 0 -6"><span class='ocrx_word' id='word_1_289' title='bbox 309 2834 319 2854; x_wconf 84' lang='lat'>¹</span> <span class='ocrx_word' id='word_1_290' title='bbox 361 2833 621 2860; x_wconf 82' lang='lat' dir='ltr'>absumendum</span> <span class='ocrx_word' id='word_1_291' title='bbox 637 2832 824 2866; x_wconf 84' lang='lat' dir='ltr'>scripserat</span> <span class='ocrx_word' id='word_1_292' title='bbox 840 2831 1006 2860; x_wconf 86' lang='lat' dir='ltr'>Canisius.</span> 
     </span>
     <span class='ocr_line' id='line_1_37' title="bbox 310 2879 1735 2917; baseline 0.003 -11"><span class='ocrx_word' id='word_1_293' title='bbox 310 2881 323 2899; x_wconf 62' lang='grc' dir='ltr'><strong>Ξ</strong></span> <span class='ocrx_word' id='word_1_294' title='bbox 361 2879 429 2907; x_wconf 87' lang='lat' dir='ltr'>Hic</span> <span class='ocrx_word' id='word_1_295' title='bbox 444 2879 549 2906; x_wconf 85' lang='lat' dir='ltr'>deleri</span> <span class='ocrx_word' id='word_1_296' title='bbox 564 2882 721 2913; x_wconf 87' lang='lat' dir='ltr'>coeptum</span> <span class='ocrx_word' id='word_1_297' title='bbox 735 2879 881 2913; x_wconf 85' lang='lat' dir='ltr'>videtur,</span> <span class='ocrx_word' id='word_1_298' title='bbox 897 2887 941 2907; x_wconf 90' lang='lat' dir='ltr'>an</span> <span class='ocrx_word' id='word_1_299' title='bbox 956 2887 976 2907; x_wconf 87' lang='lat' dir='ltr'>a</span> <span class='ocrx_word' id='word_1_300' title='bbox 993 2879 1128 2908; x_wconf 82' lang='lat' dir='ltr'>Canisio</span> <span class='ocrx_word' id='word_1_301' title='bbox 1143 2888 1187 2908; x_wconf 84' lang='lat' dir='ltr'>an</span> <span class='ocrx_word' id='word_1_302' title='bbox 1201 2888 1284 2908; x_wconf 81' lang='lat' dir='ltr'>vero</span> <span class='ocrx_word' id='word_1_303' title='bbox 1299 2888 1319 2908; x_wconf 89' lang='lat' dir='ltr'>a</span> <span class='ocrx_word' id='word_1_304' title='bbox 1335 2881 1483 2909; x_wconf 86' lang='lat' dir='ltr'>Polanco</span> <span class='ocrx_word' id='word_1_305' title='bbox 1497 2889 1562 2909; x_wconf 87' lang='lat' dir='ltr'>non</span> <span class='ocrx_word' id='word_1_306' title='bbox 1578 2886 1735 2917; x_wconf 86' lang='lat' dir='ltr'>apparet.</span> 
     </span>
     <span class='ocr_line' id='line_1_38' title="bbox 310 2926 1889 2966; baseline 0.003 -12"><span class='ocrx_word' id='word_1_307' title='bbox 310 2927 324 2946; x_wconf 78' lang='lat'>5</span> <span class='ocrx_word' id='word_1_308' title='bbox 362 2927 436 2961; x_wconf 83' lang='lat' dir='ltr'>Hic,</span> <span class='ocrx_word' id='word_1_309' title='bbox 452 2927 507 2954; x_wconf 90' lang='lat' dir='ltr'>ubi</span> <span class='ocrx_word' id='word_1_310' title='bbox 523 2926 689 2953; x_wconf 85' lang='lat' dir='ltr'>Polaneus</span> <span class='ocrx_word' id='word_1_311' title='bbox 704 2926 815 2960; x_wconf 89' lang='lat' dir='ltr'>posuit</span> <span class='ocrx_word' id='word_1_312' title='bbox 826 2926 922 2954; x_wconf 73' lang='lat' dir='ltr'>hisce</span> <span class='ocrx_word' id='word_1_313' title='bbox 934 2927 1059 2955; x_wconf 80' lang='lat' dir='ltr'>diebus</span> <span class='ocrx_word' id='word_1_314' title='bbox 1070 2929 1228 2961; x_wconf 74' lang='lat' dir='ltr'>vexavit,</span> <span class='ocrx_word' id='word_1_315' title='bbox 1238 2933 1401 2963; x_wconf 85' lang='lat' dir='ltr'>posuerat</span> <span class='ocrx_word' id='word_1_316' title='bbox 1415 2929 1571 2957; x_wconf 88' lang='lat' dir='ltr'>Canisius</span> <span class='ocrx_word' id='word_1_317' title='bbox 1583 2930 1752 2965; x_wconf 83' lang='lat' dir='ltr'>conficere</span> <span class='ocrx_word' id='word_1_318' title='bbox 1761 2932 1889 2966; x_wconf 77' lang='lat' dir='ltr'>pergit.</span> 
     </span>
    </p>
   </div>
   <div class='ocr_carea' id='block_1_4' title="bbox 262 2973 1891 3049">
    <p class='ocr_par' dir='ltr' id='par_1_7' title="bbox 262 2973 1891 3049">
     <span class='ocr_line' id='line_1_39' title="bbox 310 2973 1891 3011; baseline 0.004 -11"><span class='ocrx_word' id='word_1_319' title='bbox 310 2974 325 2994; x_wconf 73' lang='lat'><strong>⁴</strong></span> <span class='ocrx_word' id='word_1_320' title='bbox 364 2973 457 3007; x_wconf 90' lang='lat' dir='ltr'>Quae</span> <span class='ocrx_word' id='word_1_321' title='bbox 472 2974 621 3001; x_wconf 85' lang='lat' dir='ltr'>averbis</span> <span class='ocrx_word' id='word_1_322' title='bbox 632 2975 781 3008; x_wconf 79' lang='lat' dir='ltr'>praeter</span> <span class='ocrx_word' id='word_1_323' title='bbox 796 2973 1008 3008; x_wconf 76' lang='lat' dir='ltr'>theologicas</span> <span class='ocrx_word' id='word_1_324' title='bbox 1032 2975 1074 3003; x_wconf 88' lang='lat' dir='ltr'>ad</span> <span class='ocrx_word' id='word_1_325' title='bbox 1101 2975 1352 3010; x_wconf 80' lang='lat' dir='ltr'>explicandum</span> <span class='ocrx_word' id='word_1_326' title='bbox 1380 2977 1606 3011; x_wconf 86' lang='lat' dir='ltr'>continentur,</span> <span class='ocrx_word' id='word_1_327' title='bbox 1632 2978 1749 3006; x_wconf 84' lang='lat' dir='ltr'>addita</span> <span class='ocrx_word' id='word_1_328' title='bbox 1770 2983 1847 3006; x_wconf 86' lang='lat' dir='ltr'>sunt</span> <span class='ocrx_word' id='word_1_329' title='bbox 1871 2987 1891 3006; x_wconf 84' lang='lat' dir='ltr'>a</span> 
     </span>
     <span class='ocr_line' id='line_1_40' title="bbox 262 3021 420 3049; baseline 0 -1"><span class='ocrx_word' id='word_1_330' title='bbox 262 3021 420 3049; x_wconf 84' lang='lat' dir='ltr'>Polanco.</span> 
     </span>
    </p>
   </div>
  </div>
 </body>
</html>
