2074 3179
940 189 1022 226 AN.
1054 189 1141 227 1551
1787 189 1858 226 307

203 281 432 328 ἯΊὶηεὶη
459 287 541 326 tali
576 286 773 326 articulo
801 286 1076 326 constituto:
1106 292 1150 326 et
1183 285 1289 325 hinc
1316 284 1491 334 evenit,
1528 290 1577 323 ut
1604 284 1738 335 liujus
1768 285 1857 324 viri

229 369 355 398 mors
378 357 592 397 omnibus
612 367 813 407 magnac
834 356 974 396 fuerit
995 363 1039 396 et
1061 355 1359 397 admirationi
1379 363 1423 395 et
1444 354 1773 394 aedificationi.

307 429 532 469 Omnibus
555 427 651 467 fere
672 427 894 467 fratribus
916 427 1089 479 aliquid
1111 437 1293 477 semper
1316 426 1520 466 occurrit
1538 426 1585 465 in
1607 437 1697 477 quo
1721 437 1853 465 occu—

227 506 415 551 pentus,
445 500 523 539 alii
551 500 676 538 enim
702 499 990 539 moribundis
1019 498 1268 544 assistunt,
1300 497 1377 537 alii
1408 497 1620 536 inimicos
1648 497 1854 536 reconci-

226 572 341 611 liant
363 577 406 610 et
428 571 473 610 in
495 577 704 610 mutuam
733 570 1108 610 benevolentiam
1137 569 1380 618 reducunt,
1404 574 1661 618 curantque
1683 573 1732 607 ut
1751 578 1854 618 gra-

227 654 309 681 ves
331 642 600 681 inimicitiae
622 648 700 681 aut
721 653 847 681 mors
868 642 995 681 illata
1018 641 1356 690 condonentur,
1382 639 1460 679 alii
1483 645 1581 678 tum
1602 639 1728 678 domi
1758 644 1855 678 tum

225 713 339 753 foris
370 713 596 764 proximis
627 714 673 752 in
704 713 1022 764 spiritualibus
1051 712 1416 758 communicant,
1450 710 1695 750 consilium
1725 721 1855 761 prae-

228 785 357 834 bent,
383 784 774 824 conscientiarum
800 784 1111 835 inquietantes
1134 784 1377 834 scrupulos
1408 782 1630 831 eximunt,
1656 782 1702 821 in
1736 781 1854 820 aliis·

228 867 316 906 que
360 854 624 906 hujusmodi
669 855 906 894 exercitiis
956 854 1228 905 saepissime
1273 859 1547 902 versantur,
1592 853 1638 892 in
1690 852 1856 903 quibus

230 926 461 975 omnibus,
485 933 708 976 quantum
729 925 887 964 videre
910 925 1030 975 licet,
1055 932 1098 964 et
1121 925 1207 964 Dei
1229 936 1398 964 nomen
1420 925 1653 964 exaltatur
1682 929 1725 962 et
1753 934 1854 974 pro-

230 997 462 1036 ximorum
483 997 607 1035 salus
629 1002 945 1046 promovetur.

306 1066 688 1107 Salmanticensis
709 1066 990 1117 Episcopus,
1022 1066 1098 1117 qui
1129 1066 1175 1105 in
1203 1065 1575 1116 praesentiarum
1603 1066 1649 1105 in
1676 1065 1765 1105 hac
1796 1065 1852 1104 ci-

225 1138 372 1178 vitate
398 1137 594 1185 residet,
627 1136 676 1176 P.
706 1136 902 1176 Doctori
932 1148 980 1176 se
1010 1137 1147 1176 valde
1175 1137 1454 1176 benevolum
1488 1136 1690 1176 ostendit
1721 1136 1854 1187 eique

226 1214 491 1260 promptam
531 1208 782 1247 admodum
821 1207 1007 1247 exhibet
1049 1208 1359 1258 voluntatem3
1398 1208 1518 1247 unde
1554 1208 1726 1247 certior
1755 1208 1852 1247 red-

229 1280 352 1319 ditus
374 1279 429 1319 de
450 1279 716 1318 infirmitate
738 1278 975 1329 Doctoris‚
1000 1289 1104 1317 eum
1125 1278 1266 1317 invisi
1282 1276 1408 1328 jubet
1426 1290 1509 1318 suo
1528 1279 1729 1329 nomine,
1749 1290 1851 1329 ope-

226 1362 327 1390 ram
359 1356 403 1389 et
439 1350 715 1390 industriam
747 1360 880 1389 suam
911 1349 1248 1388 officiosissime
1276 1349 1509 1399 deferens,
1540 1356 1704 1400 sponte
1733 1350 1853 1390 insu-

225 1432 308 1472 per
329 1420 528 1460 offerens
550 1420 769 1472 quicquid
791 1420 849 1459 ad
870 1418 967 1470 ejus
988 1420 1184 1459 salutem
1206 1420 1496 1460 conducibile
1521 1419 1529 1438 ¹
1554 1419 1850 1471 judicaverit,

226 1492 461 1532 affirmans
483 1492 570 1531 sibi
590 1491 734 1531 veluti
755 1491 1006 1542 quamdam
1022 1489 1239 1541 injuriam
1259 1491 1518 1541 irrogatam
1535 1492 1605 1541 iri,
1626 1492 1664 1531 si
1681 1491 1856 1531 Doctor

224 1574 360 1602 secus
381 1562 559 1602 fecerit.

312 1633 506 1673 Item-et
538 1633 733 1673 Praetor
768 1633 972 1673 civitatis
1002 1639 1139 1684 atque
1175 1632 1493 1673 Cancellarius
1528 1633 1859 1674 Universitatis

224 1704 454 1755 singulari
481 1705 683 1755 quodam
711 1716 798 1745 nos
823 1709 1167 1756 prosequuntur
1188 1703 1377 1755 affectu,
1408 1705 1530 1755 quod
1558 1705 1767 1756 profecto
1789 1718 1856 1745 ce-

224 1776 288 1815 dit
315 1776 363 1815 in
391 1786 613 1826 magnam
644 1775 927 1827 reipublicae
957 1775 1224 1815 utilitatem:
1262 1774 1328 1814 sic
1363 1775 1486 1815 enim
1518 1775 1685 1826 affecti,
1718 1777 1856 1827 longe

223 1847 406 1887 facilius
428 1846 657 1897 recipiunt
680 1852 724 1886 et
745 1846 1011 1896 admittunt,
1037 1852 1175 1897 atque
1201 1845 1368 1897 majori
1389 1858 1495 1886 cum
1517 1847 1747 1887 desiderio
1780 1859 1855 1887 au-

223 1918 354 1958 diunt
375 1918 413 1957 si
435 1917 545 1968 quid
566 1918 631 1957 eis
653 1917 836 1957 dicatur
858 1923 936 1957 aut
959 1923 1266 1969 proponatur,
1291 1917 1413 1969 quod
1435 1917 1494 1957 ad
1516 1924 1694 1958 rectam
1721 1918 1858 1958 officii

223 1990 295 2029 sui
329 1988 615 2028 functionem
649 1994 845 2040 spectat.
882 1987 1077 2028 Plurimi
1107 1987 1184 2027 alii
1220 1988 1490 2028 sacerdotes
1517 1994 1560 2028 et
1587 1989 1857 2029 scholastici

222 2066 320 2099 tum
340 2059 515 2110 ingenii
544 2059 688 2109 (sle),
717 2066 815 2099 tum
843 2070 1024 2098 morum
1048 2058 1280 2109 probitate
1310 2065 1624 2110 praestantes,
1655 2060 1746 2100 dici
1775 2061 1857 2100 vix

221 2137 376 2182 potest
411 2136 696 2182 quantopere
725 2130 985 2169 afficiantur
1019 2141 1132 2180 erga
1169 2129 1429 2170 institutum
1466 2136 1509 2170 et
1545 2131 1737 2171 vivendi
1772 2131 1854 2171 for-

223 2213 347 2241 mam
367 2200 613 2241 Societatis
640 2206 849 2251 nostrae,
881 2212 1079 2252 quorum
1105 2201 1338 2240 nonnullis
1366 2212 1511 2253 usque
1543 2202 1658 2242 adeo
1686 2203 1853 2253 placet,

223 2278 272 2312 ut
293 2272 335 2312 ei
355 2283 549 2322 prorsus
574 2272 728 2311 addici
750 2271 1032 2312 desiderent.

303 2342 482 2382 Horum
504 2341 593 2382 duo
627 2355 653 2382 a
679 2342 835 2383 multis
864 2343 1026 2383 diebus
1053 2343 1247 2383 admissi
1273 2350 1380 2383 sunt
1411 2344 1457 2384 in
1487 2356 1732 2384 numerum
1767 2345 1856 2384 fra-

223 2421 346 2453 trum
367 2419 648 2464 nostrorum,
681 2414 810 2465 prius
839 2420 995 2454 tamen
1016 2414 1244 2465 susceptis
1266 2415 1524 2466 exercitiis;
1547 2421 1733 2466 praeter
1754 2415 1854 2466 hos,

223 2484 301 2525 alii
322 2484 410 2524 duo
433 2490 540 2524 sunt
562 2484 700 2524 etiam
722 2484 1010 2535 sacerdotes,
1031 2484 1306 2536 jamdudum
1327 2484 1555 2526 Societati
1576 2486 1762 2526 omnino
1785 2486 1857 2526 de-

223 2555 382 2606 dicati,
406 2555 613 2595 nondum
635 2561 790 2595 tamen
813 2555 1056 2595 nobiscum
1077 2556 1275 2607 degunt:
1298 2557 1428 2608 prius
1457 2557 1579 2597 enim
1607 2557 1859 2608 theologici

223 2626 363 2667 studii
394 2637 583 2666 cursum
609 2637 934 2666 consummare
970 2627 1310 2679 decreverunt3
1347 2628 1747 2668 consummabitur
1782 2640 1857 2668 au-

221 2703 316 2738 tem
337 2703 445 2738 ante
467 2697 566 2737 dies
586 2697 767 2748 viginti,
792 2709 881 2749 quo
902 2697 1128 2749 absoluto,
1153 2698 1314 2738 statim
1336 2698 1396 2738 ad
1416 2711 1502 2739 nos
1530 2699 1736 2740 venient.
1767 2700 1859 2740 Alii

223 2780 405 2820 quoque
430 2767 626 2820 juvenes
652 2768 807 2808 multis
835 2780 890 2808 ac
911 2768 1191 2820 importunis
1218 2770 1438 2821 precibus
1458 2776 1761 2822 rogaverunt,
1787 2783 1855 2810 ro-

221 2845 428 2891 gantque
450 2839 668 2891 quotidie,
692 2844 742 2878 ut
764 2837 1082 2890 admittantur,
1108 2851 1306 2891 quorum
1326 2846 1483 2881 tamen
1502 2841 1713 2892 petitioni
1743 2854 1854 2882 non-

278 2997 287 3016 ¹
326 2997 577 3026 Maximilianus
592 2999 696 3026 habet
712 3000 958 3027 necessarium
975 3002 1036 3026 auf
1051 3000 1284 3028 conducibile.
