2074 3179
859 228 942 266 AN.
978 229 1064 266 1551
1707 228 1776 263 417

150 325 452 375 pravitatem,
476 335 695 364 reversus
716 323 886 370 fuerat,
911 335 1000 375 quo
1032 325 1078 364 in
1107 334 1265 364 errore
1296 322 1448 362 adhuc
1476 323 1640 363 vivunt
1672 335 1774 363 con-

149 395 408 446 sanguinei.

228 465 329 506 Hoc
364 466 549 506 demum
576 466 962 517 praetereundum
992 478 1085 506 non
1112 466 1223 506 duxi
1251 465 1362 517 quin
1390 465 1605 505 videlicet
1631 465 1775 505 scires

149 547 289 587 quam
320 537 377 576 ab
413 537 625 576 omnibus
654 536 827 577 Christi
855 537 1041 588 pietatis
1070 536 1289 576 studiosis
1320 536 1464 576 amati
1490 547 1721 587 essemus,
1751 548 1777 575 a

148 607 382 658 religiosis
402 608 691 659 praesertim,
712 608 790 659 qui
805 614 966 648 nostro
987 607 1304 659 maximopere
1324 606 1530 658 gaudent
1550 607 1775 657 instituto,

149 679 398 730 praecipue
414 679 584 719 fratres
601 679 859 730 capuccini,
875 678 1151 730 quibuscum
1166 678 1370 718 maxima
1385 678 1518 718 nobis
1536 678 1779 718 intercedit

150 750 460 800 familiaritas3
480 749 526 789 hi
548 750 669 790 enim
691 761 796 789 cum
816 761 904 789 nos
924 748 1091 800 majori
1112 750 1158 789 in
1178 755 1454 801 paupertate
1470 749 1633 789 vivere
1649 756 1777 801 puta-

150 827 267 869 rent,
288 820 472 860 illorum
490 821 579 860 duo
602 821 661 860 ad
681 831 766 860 nos
788 820 941 860 onusti
962 825 1277 870 accesserunt,
1297 831 1412 871 quos
1432 826 1481 860 ut
1498 820 1594 860 vidi
1616 832 1780 861 saccos

150 892 312 942 plenos
342 891 388 931 in
410 891 615 931 humeris
643 896 905 942 gestantes,
935 891 1024 931 illis
1054 891 1242 930 obviam
1271 890 1475 942 prodivi,
1505 891 1780 931 existimans

149 962 273 1012 illos,
311 962 368 1001 ob
394 962 742 1013 eleemosynam
769 962 1027 1013 quaesitam
1055 963 1224 1012 lassos,
1259 961 1382 1013 apud
1401 960 1495 1008 {nos
1523 961 1779 1014 defatigata

150 1032 358 1072 membra
393 1034 512 1072 velle
546 1044 782 1083 recreare;
821 1038 867 1072 at
903 1032 1113 1083 inquiunt
1141 1033 1226 1072 illi:
1255 1031 1314 1071 ad
1342 1044 1428 1072 vos
1455 1033 1511 1073 de
1538 1033 1780 1073 hortorum

149 1109 417 1142 nostrorum
438 1103 665 1143 fructibus
686 1104 803 1143 haec
821 1103 1023 1143 tulimus.
1048 1102 1169 1154 Quin
1190 1103 1331 1142 etiam
1352 1104 1580 1155 nonnulli,
1604 1110 1701 1144 tum
1722 1116 1780 1144 ex

149 1174 238 1213 illis
259 1180 360 1213 tum
380 1186 438 1213 ex
460 1174 562 1213 aliis
582 1174 900 1224 religionibus,
925 1173 1174 1213 conciones
1195 1174 1405 1214 audiunt.

229 1244 359 1284 Haec
388 1250 508 1295 sunt,
547 1244 820 1284 Reverende
856 1243 1010 1294 Pater,
1047 1256 1165 1295 quae
1193 1244 1276 1284 tibi
1303 1244 1350 1284 in
1376 1246 1641 1296 praesentia
1669 1246 1777 1285 scri-

150 1315 302 1355 benda
324 1321 600 1365 occurrunt3
623 1326 736 1355 sane
762 1321 807 1355 et
829 1315 951 1355 bona
973 1327 1084 1366 pars
1106 1315 1310 1365 excedit;
1334 1327 1453 1367 quae
1475 1316 1511 1356 si
1540 1323 1778 1368 exspecta-

145 1385 264 1426 tioni
286 1392 393 1426 tuae
414 1397 563 1437 parva
580 1386 876 1435 videbuntur,
896 1385 996 1425 Deo
1013 1392 1170 1425 tamen
1187 1385 1373 1437 Optimo
1391 1386 1596 1427 Maximo
1613 1388 1778 1427 horum

150 1457 331 1497 auctori
352 1457 534 1508 gratiae
556 1456 766 1508 agendae
789 1462 938 1506 erunt,
958 1456 1035 1508 qui
1050 1467 1136 1496 nos
1157 1456 1203 1496 in
1225 1468 1308 1496 sua
1325 1458 1479 1508 gratia
1497 1470 1778 1498 conservare

149 1527 382 1579 dignetur.
404 1527 538 1578 Quod
561 1528 746 1580 quidem
766 1539 851 1579 pro
872 1528 1007 1567 nobis
1029 1527 1075 1567 in
1096 1527 1403 1567 sanctissimis
1425 1529 1515 1569 tuis
1537 1529 1779 1569 sacrificiis

146 1605 196 1638 ut
219 1611 385 1639 exores
406 1599 639 1639 humiliter
661 1599 990 1650 supplicamus.

229 1669 405 1710 Datum
424 1670 671 1710 Ferrariae
691 1670 751 1710 39
774 1682 849 1710 no.
873 1669 1160 1721 Septembris
1180 1670 1346 1711 MDLI.

228 1740 282 1781 R.
312 1741 356 1781 Ρ.
379 1742 574 1795 Joannis
591 1741 735 1793 jussu.

228 1812 402 1853 Servus
423 1812 470 1852 in
491 1812 675 1853 Christo
696 1812 915 1863 indignus

1109 1955 1178 2008 Jo.
1210 1955 1322 1995 BAP.
1355 1968 1416 1996 DE
1445 1956 1572 2008 JEsu.

235 2166 604 2219 Superscrz‘ptz‘o.
637 2166 901 2207 Admodum
921 2166 1022 2206 R.d0
1049 2167 1095 2206 in
1123 2167 1262 2208 Chro.
1292 2168 1420 2209 Patri
1447 2169 1567 2210 Dno.
1595 2171 1778 2221 Ignatio

153 2239 211 2279 de
234 2239 427 2290 Loyola,
452 2238 724 2289 Praeposito
745 2236 964 2278 Generali
985 2236 1232 2278 Societatis
1252 2239 1376 2292 Jesu,
1400 2239 1592 2281 Romae.

235 2310 345 2350 Alsa
366 2320 534 2349 manu:
560 2308 673 2348 1551.
697 2308 845 2359 Quad.
869 2308 1029 2349 Ferra.
1052 2310 1077 2349 3
1097 2309 1142 2350 di
1163 2310 1231 2350 7b.
1257 2310 1311 2361 Q.
1335 2317 1379 2351 et
1399 2311 1491 2352 An.
1514 2324 1560 2353 V.
