2074 3179
843 175 922 211 Ax.
955 174 1040 211 1551
1682 172 1752 209 433

128 279 220 324 rat,
245 285 302 312 ex
323 284 413 323 qua
436 272 552 311 duos
574 271 691 310 tilios
716 276 1007 322 susceperat,
1037 281 1143 309 cum
1171 269 1347 308 nullum
1369 267 1426 307 ab
1449 279 1593 307 uxore
1615 268 1748 308 habe-

128 344 223 384 ret?
244 343 448 393 Uterque
470 349 626 382 tamen
648 353 753 381 cum
774 341 853 381 uni
873 353 932 381 ex
951 340 1162 392 patribus
1177 339 1350 379 nostris
1378 338 1618 378 confessus
1643 338 1750 378 fuis-

128 420 212 465 set,
237 414 301 453 ita
322 419 561 465 permotus
583 419 665 461 est,
690 418 738 452 ut
761 412 834 451 ille
857 411 1042 462 quidem
1062 409 1327 461 promiserit
1343 420 1392 448 se
1411 409 1753 460 quamprimum

127 486 315 525 domum
344 484 574 533 venisset,
608 495 747 534 quam
778 489 917 522 antea
947 482 1260 521 concubinam
1290 479 1538 528 habuerat,
1572 491 1675 519 eam
1705 480 1751 519 in

125 567 323 596 uxorem
345 554 615 604 ducturum3
639 560 682 593 et
703 554 794 603 hic,
817 564 963 593 uxore
985 563 1069 592 sua
1091 557 1351 599 contentus,
1375 561 1465 601 qua
1488 561 1593 589 cum
1612 550 1750 590 hone-

126 633 195 667 ste
216 626 354 676 vivit,
378 625 589 676 pellicem
611 625 737 664 illam
759 635 785 664 a
807 635 856 664 se
875 624 1191 674 expulsurum.

206 696 427 737 Nonnulli
447 702 691 748 praeterea
714 695 792 747 qui
813 706 840 734 a
862 700 1074 746 quatuor,
1099 706 1183 734 sex
1204 700 1249 734 et
1268 706 1440 734 novem
1457 694 1598 734 etiam
1619 694 1753 733 annis

128 768 329 808 confessi
349 779 442 807 non
463 766 668 816 fuerant,
692 777 816 805 nunc
837 765 962 805 facta
984 765 1106 816 apud
1130 764 1294 804 Patres
1322 771 1512 805 nostros
1540 770 1751 816 peccato—

125 851 228 879 rum
248 850 438 878 suorum
460 837 771 888 confessione,
795 836 942 876 vitam
964 836 1081 876 adeo
1103 842 1470 886 commutarunt,
1494 841 1544 875 ut
1572 847 1599 875 a
1619 835 1754 874 nodis

127 910 311 961 penitus
333 921 382 949 se
403 909 709 959 absolverint,
743 907 909 959 quibus
939 907 1189 958 plurimum
1219 907 1593 958 implicabantur,
1626 912 1670 945 et
1695 906 1754 945 ab

124 980 401 1030 inimicitiiS,
439 991 554 1031 quas
586 979 803 1019 maximis
838 978 956 1018 odiis
990 979 1296 1028 exercebant,
1329 978 1515 1018 omnino
1550 989 1751 1017 recesse-

127 1052 242 1091 rint:
266 1052 385 1091 inter
407 1062 522 1101 quos
545 1050 635 1089 duo
658 1050 721 1088 illi
749 1049 951 1089 maxime
978 1049 1171 1088 notandi
1201 1055 1328 1099 sunt,
1359 1049 1437 1099 qui
1462 1059 1608 1099 usque
1639 1048 1755 1088 adeo

128 1122 217 1161 sibi
246 1127 378 1161 erant
409 1121 583 1170 infesti,
607 1127 656 1160 ut
685 1120 802 1160 alter
832 1121 1029 1160 alterum
1057 1120 1323 1159 interimere
1352 1120 1614 1170 statuisset,
1648 1131 1752 1159 con-

128 1199 283 1232 tentus
304 1191 445 1231 etiam
464 1191 562 1230 vita
584 1191 783 1242 privari,
809 1190 917 1230 dum
939 1201 1074 1241 quem
1092 1191 1253 1230 oderat
1271 1202 1329 1229 ex
1345 1190 1433 1230 hac
1449 1191 1552 1230 luce
1570 1189 1754 1230 auferre

128 1269 300 1314 posset.
324 1262 484 1313 Itaque
506 1273 611 1301 cum
632 1262 720 1301 hoc
742 1269 935 1312 uterque
957 1262 1012 1301 de
1035 1262 1181 1300 altero
1214 1261 1464 1311 cogitaret,
1496 1267 1539 1301 et
1571 1261 1629 1300 ad
1655 1268 1754 1301 tan-

131 1341 228 1374 tum
256 1333 438 1373 facinus
465 1338 776 1384 opportunum
806 1339 989 1383 tempus
1017 1338 1331 1383 exspectaret,
1364 1333 1411 1371 in
1441 1333 1657 1381 alterum,
1691 1332 1755 1371 ita

128 1405 228 1445 Deo
251 1410 440 1455 agente,
466 1403 543 1455 qui
563 1403 695 1443 novit
717 1403 992 1443 abscondita
1016 1403 1184 1453 cordis,
1210 1403 1351 1454 aliqui
1373 1415 1430 1442 ex
1451 1403 1623 1443 nostris
1645 1403 1753 1442 inci—

128 1476 317 1526 derunt,
350 1486 455 1515 cum
480 1486 533 1514 eo
566 1475 833 1526 loquuntur3
865 1474 974 1525 quid
1004 1474 1145 1513 lateat
1175 1474 1222 1513 in
1252 1480 1441 1525 pectore
1472 1473 1667 1523 indicat3
1691 1473 1755 1513 di-

128 1559 232 1587 cam
252 1547 472 1596 breviter,
502 1556 779 1597 persuasum
800 1551 869 1584 est
896 1545 937 1584 ei
962 1550 1011 1584 ut
1040 1544 1189 1584 adiret
1217 1556 1353 1596 quem
1381 1545 1577 1596 perdere
1604 1545 1751 1596 cupie-

128 1619 223 1658 bat.
246 1618 315 1658 Ita
335 1616 512 1658 Christi
530 1615 850 1656 misericordia
874 1615 1109 1655 conciliati
1131 1616 1252 1655 inter
1272 1627 1341 1665 se,
1366 1627 1482 1667 quos
1514 1616 1758 1655 daemonis

132 1688 351 1739 iniquitas
393 1688 497 1727 odio
539 1688 823 1739 repleverat,
861 1686 1062 1726 confessi
1105 1692 1211 1726 sunt
1253 1693 1297 1727 et
1335 1687 1754 1735 communicarunt,

130 1760 245 1799 adeo
268 1759 453 1810 quidem
475 1758 708 1809 commoti,
732 1764 781 1798 ut
802 1758 943 1797 etiam
964 1758 1009 1797 in
1029 1764 1241 1797 nostram
1261 1757 1542 1798 Societatem
1563 1758 1626 1808 (ut
1642 1770 1754 1810 prae

131 1843 179 1870 se
199 1830 430 1880 ferebant)
452 1835 646 1880 uterque
665 1835 827 1880 postea
849 1829 994 1879 recipi
1016 1835 1220 1880 cuperet.
1246 1828 1349 1868 Non
1370 1830 1522 1880 placet
1550 1830 1756 1869 scribere

132 1913 272 1954 quam
291 1901 423 1942 multi
443 1901 535 1940 sint
556 1901 634 1951 qui
653 1900 981 1952 polliceantur,
1017 1906 1225 1940 veterem
1251 1900 1485 1940 hominem
1515 1906 1755 1951 exuentes,

132 1984 307 2013 novum
341 1971 547 2012 induere.
584 1971 747 2011 Plures
783 1971 905 2011 enim
938 1976 1044 2011 sunt
1071 1971 1103 2010 ii
1130 1982 1269 2022 quani
1297 1978 1345 2011 ut
1380 1971 1545 2011 litteris
1578 1972 1757 2023 possint

131 2043 478 2095 comprehendi;
493 2042 708 2094 quamvis
723 2053 884 2082 omnes
897 2042 1020 2093 quod
1032 2041 1308 2092 promittunt
1319 2053 1412 2082 non
1424 2048 1755 2093 exsequantur,

132 2115 265 2155 multi
284 2120 441 2154 tamen
463 2113 521 2153 ad
542 2113 794 2153 Dominum
812 2117 1164 2163 convertuntur,
1183 2118 1232 2152 ut
1249 2112 1390 2152 etiam
1405 2114 1615 2153 nonnulli
1632 2113 1757 2153 dixe—

131 2187 222 2226 rint
251 2186 519 2226 Messanam
540 2196 598 2224 ex
625 2184 773 2223 altera
793 2188 925 2234 parte
953 2183 1293 2223 sanctificatam
1312 2183 1480 2234 fuisse3
1513 2184 1637 2235 quod
1665 2196 1759 2225 non

131 2258 195 2298 ita
223 2257 419 2307 intelligi
444 2257 552 2296 Volo
573 2261 622 2295 ut
645 2255 691 2295 id
712 2255 899 2294 omnino
929 2265 1093 2294 Verum
1124 2265 1225 2295 esse
1256 2255 1497 2305 credatur,
1530 2256 1612 2296 sed
1642 2257 1759 2297 haec

132 2313 426 2378 ideo'scribo,
450 2332 499 2367 ut
520 2326 637 2366 sciat
657 2325 706 2365 P.
731 2326 783 2366 T.
806 2326 976 2365 multos
999 2337 1102 2366 esse
1129 2326 1221 2378 qui,
1246 2326 1293 2366 in
1314 2325 1414 2366 dies
1441 2338 1468 2366 a
1489 2327 1613 2367 malo
1634 2339 1758 2367 rece-

133 2400 308 2450 dentes,
332 2410 496 2451 pacem
517 2397 689 2438 Christi
710 2396 946 2447 inquirant
969 2403 1013 2436 et
1035 2408 1139 2436 eam
1159 2403 1517 2449 prosequantur,
1543 2404 1591 2438 ut
1608 2404 1652 2439 et
1673 2399 1760 2449 ipsi

133 2472 179 2511 in
200 2470 336 2511 domo
358 2470 436 2510 illa
457 2468 737 2518 inhabitent,
769 2468 817 2508 in
847 2479 938 2520 qua
965 2467 1131 2508 melior
1157 2472 1229 2508 est
1250 2468 1350 2508 dies
1370 2481 1466 2508 una
1487 2474 1634 2520 super
1661 2470 1762 2510 mil-

132 2542 216 2592 lia,
237 2547 281 2582 et
301 2541 348 2581 in
369 2552 460 2592 qua
489 2539 634 2580 satius
665 2544 734 2578 est
761 2537 968 2589 abjectus
997 2550 1099 2579 esse
1128 2550 1267 2591 quam
1297 2539 1509 2580 habitare
1539 2540 1586 2580 in
1613 2541 1764 2581 taber—

134 2611 317 2653 naculis
336 2617 653 2664 peccatorum.

101 2674 103 2677 ¹
217 2682 307 2724 Sed
329 2694 465 2735 quem
486 2682 681 2722 istarum
702 2680 947 2721 mulierum
966 2681 1117 2733 pietas
1138 2687 1183 2722 et
1203 2682 1390 2723 devotio
1411 2694 1504 2723 non
1532 2683 1764 2724 aedificet?

133 2766 254 2806 quae
275 2754 339 2794 ita
360 2753 494 2794 verbi
513 2752 602 2793 Dei
623 2759 667 2792 et
689 2763 853 2793 sacrae
874 2752 1115 2793 concionis
1143 2753 1312 2793 avidae
1343 2760 1470 2804 sunt,
1507 2759 1556 2794 ut
1585 2760 1665 2794 aut
1686 2766 1763 2795 ve-

135 2837 270 2877 spere
292 2830 372 2865 aut
392 2824 545 2865 media
566 2829 705 2863 nocte
725 2823 923 2875 prandio
944 2824 1214 2864 necessaria
1239 2829 1428 2875 parent,
1460 2836 1551 2876 quo
1580 2825 1761 2865 maritis

136 2896 431 2937 satisfaciant
453 2902 497 2936 et
518 2895 647 2946 ipsae
669 2894 972 2935 concionibus
1000 2896 1236 2946 intersint,
1267 2895 1432 2946 quibus
1461 2896 1763 2948 privarentur

134 2966 225 3007 nisi
251 2967 296 3007 id
324 2972 518 3018 agerent
548 2971 710 3016 noctu,
749 2965 871 3017 quod
901 2977 1058 3017 mane,
1091 2966 1201 3007 dum
1231 2967 1482 3007 conciones
1515 2967 1764 3018 habentur,

325 3043 373 3077 Τ.
398 3054 423 3077 1.
1484 3042 1529 3078 28
