<?xml version="1.0" encoding="UTF-8"?>
<!DOCTYPE html PUBLIC "-//W3C//DTD XHTML 1.0 Transitional//EN"
    "http://www.w3.org/TR/xhtml1/DTD/xhtml1-transitional.dtd">
<html xmlns="http://www.w3.org/1999/xhtml" xml:lang="en" lang="en">
 <head>
  <title>
</title>
<meta http-equiv="Content-Type" content="text/html;charset=utf-8" />
  <meta name='ocr-system' content='tesseract 3.04.00' />
  <meta name='ocr-capabilities' content='ocr_page ocr_carea ocr_par ocr_line ocrx_word'/>
</head>
<body>
  <div class='ocr_page' id='page_1' title='image "./litteraequadrime13lain_0523.png"; bbox 0 0 2074 3179; ppageno 0'>
   <div class='ocr_carea' id='block_1_1' title="bbox 880 181 1797 219">
    <p class='ocr_par' dir='ltr' id='par_1_1' title="bbox 880 181 1797 219">
     <span class='ocr_line' id='line_1_1' title="bbox 880 181 1797 219; baseline -0.001 -1"><span class='ocrx_word' id='word_1_1' title='bbox 880 181 961 218; x_wconf 65' lang='lat' dir='ltr'>AN.</span> <span class='ocrx_word' id='word_1_2' title='bbox 994 182 1084 219; x_wconf 74' lang='lat'>1552</span> <span class='ocrx_word' id='word_1_3' title='bbox 1726 182 1797 218; x_wconf 70' lang='lat'>519</span> 
     </span>
    </p>
   </div>
   <div class='ocr_carea' id='block_1_2' title="bbox 159 276 1798 3034">
    <p class='ocr_par' dir='ltr' id='par_1_2' title="bbox 166 276 1791 402">
     <span class='ocr_line' id='line_1_2' title="bbox 166 276 1791 330; baseline -0.001 -10"><span class='ocrx_word' id='word_1_4' title='bbox 166 282 430 321; x_wconf 87' lang='lat' dir='ltr'>uberrimae</span> <span class='ocrx_word' id='word_1_5' title='bbox 451 280 671 320; x_wconf 87' lang='lat' dir='ltr'>messium</span> <span class='ocrx_word' id='word_1_6' title='bbox 693 279 752 319; x_wconf 91' lang='lat' dir='ltr'>ad</span> <span class='ocrx_word' id='word_1_7' title='bbox 772 290 857 319; x_wconf 92' lang='lat' dir='ltr'>nos</span> <span class='ocrx_word' id='word_1_8' title='bbox 884 279 1067 318; x_wconf 78' lang='lat' dir='ltr'>litterae</span> <span class='ocrx_word' id='word_1_9' title='bbox 1096 278 1302 330; x_wconf 91' lang='lat' dir='ltr'>ipsarum</span> <span class='ocrx_word' id='word_1_10' title='bbox 1333 276 1791 330; x_wconf 69' lang='lat' dir='ltr'>[congregationum]</span> 
     </span>
     <span class='ocr_line' id='line_1_3' title="bbox 167 348 1073 402; baseline -0.004 -10"><span class='ocrx_word' id='word_1_11' title='bbox 167 358 315 392; x_wconf 87' lang='lat' dir='ltr'>matre</span> <span class='ocrx_word' id='word_1_12' title='bbox 332 352 522 402; x_wconf 77' lang='lat' dir='ltr'>dignae,</span> <span class='ocrx_word' id='word_1_13' title='bbox 546 350 748 402; x_wconf 87' lang='lat' dir='ltr'>undique</span> <span class='ocrx_word' id='word_1_14' title='bbox 765 348 1073 402; x_wconf 86' lang='lat' dir='ltr'>perferantur.</span> 
     </span>
    </p>

    <p class='ocr_par' dir='ltr' id='par_1_3' title="bbox 160 425 1797 1402">
     <span class='ocr_line' id='line_1_4' title="bbox 244 425 1794 478; baseline -0.003 -9"><span class='ocrx_word' id='word_1_15' title='bbox 244 429 307 469; x_wconf 93' lang='lat' dir='ltr'>Ut</span> <span class='ocrx_word' id='word_1_16' title='bbox 333 428 455 469; x_wconf 93' lang='lat' dir='ltr'>enim</span> <span class='ocrx_word' id='word_1_17' title='bbox 491 440 517 468; x_wconf 87' lang='lat' dir='ltr'>a</span> <span class='ocrx_word' id='word_1_18' title='bbox 553 428 847 468; x_wconf 86' lang='lat' dir='ltr'>confessione</span> <span class='ocrx_word' id='word_1_19' title='bbox 882 438 936 466; x_wconf 88' lang='lat' dir='ltr'>ac</span> <span class='ocrx_word' id='word_1_20' title='bbox 972 425 1191 466; x_wconf 85' lang='lat' dir='ltr'>dominici</span> <span class='ocrx_word' id='word_1_21' title='bbox 1225 426 1437 478; x_wconf 91' lang='lat' dir='ltr'>corporis</span> <span class='ocrx_word' id='word_1_22' title='bbox 1472 425 1794 466; x_wconf 74' lang='lat' dir='ltr'>communione</span> 
     </span>
     <span class='ocr_line' id='line_1_5' title="bbox 164 496 1797 552; baseline -0.003 -12"><span class='ocrx_word' id='word_1_23' title='bbox 164 500 407 552; x_wconf 85' lang='lat' dir='ltr'>incipiam,</span> <span class='ocrx_word' id='word_1_24' title='bbox 446 499 572 550; x_wconf 88' lang='lat' dir='ltr'>ipsas</span> <span class='ocrx_word' id='word_1_25' title='bbox 605 498 999 550; x_wconf 70' lang='lat' dir='ltr'>frequentantium</span> <span class='ocrx_word' id='word_1_26' title='bbox 1034 498 1080 537; x_wconf 92' lang='lat' dir='ltr'>in</span> <span class='ocrx_word' id='word_1_27' title='bbox 1116 496 1404 537; x_wconf 86' lang='lat' dir='ltr'>hebdomade</span> <span class='ocrx_word' id='word_1_28' title='bbox 1438 507 1660 536; x_wconf 89' lang='lat' dir='ltr'>numerus</span> <span class='ocrx_word' id='word_1_29' title='bbox 1694 497 1797 547; x_wconf 86' lang='lat' dir='ltr'>plus</span> 
     </span>
     <span class='ocr_line' id='line_1_6' title="bbox 164 567 1796 621; baseline -0.002 -10"><span class='ocrx_word' id='word_1_30' title='bbox 164 572 318 611; x_wconf 91' lang='lat' dir='ltr'>minus</span> <span class='ocrx_word' id='word_1_31' title='bbox 344 577 413 610; x_wconf 91' lang='lat' dir='ltr'>est</span> <span class='ocrx_word' id='word_1_32' title='bbox 443 570 796 621; x_wconf 78' lang='lat' dir='ltr'>quindenarius,</span> <span class='ocrx_word' id='word_1_33' title='bbox 828 575 878 608; x_wconf 90' lang='lat' dir='ltr'>ut</span> <span class='ocrx_word' id='word_1_34' title='bbox 907 569 1176 620; x_wconf 72' lang='lat' dir='ltr'>plurimum,</span> <span class='ocrx_word' id='word_1_35' title='bbox 1209 568 1499 608; x_wconf 85' lang='lat' dir='ltr'>vicenarium</span> <span class='ocrx_word' id='word_1_36' title='bbox 1529 573 1684 607; x_wconf 89' lang='lat' dir='ltr'>autem</span> <span class='ocrx_word' id='word_1_37' title='bbox 1714 567 1796 607; x_wconf 80' lang='lat' dir='ltr'>vix</span> 
     </span>
     <span class='ocr_line' id='line_1_7' title="bbox 163 638 1796 693; baseline -0.003 -11"><span class='ocrx_word' id='word_1_38' title='bbox 163 642 348 682; x_wconf 79' lang='lat' dir='ltr'>excedit</span> <span class='ocrx_word' id='word_1_39' title='bbox 380 653 599 693; x_wconf 89' lang='lat' dir='ltr'>unquam.</span> <span class='ocrx_word' id='word_1_40' title='bbox 637 640 772 681; x_wconf 82' lang='lat' dir='ltr'>Solus</span> <span class='ocrx_word' id='word_1_41' title='bbox 806 641 1071 691; x_wconf 90' lang='lat' dir='ltr'>elapsorum</span> <span class='ocrx_word' id='word_1_42' title='bbox 1106 646 1307 691; x_wconf 89' lang='lat' dir='ltr'>quatuor</span> <span class='ocrx_word' id='word_1_43' title='bbox 1343 639 1572 678; x_wconf 81' lang='lat' dir='ltr'>mensium</span> <span class='ocrx_word' id='word_1_44' title='bbox 1608 638 1796 678; x_wconf 85' lang='lat' dir='ltr'>Domini</span> 
     </span>
     <span class='ocr_line' id='line_1_8' title="bbox 163 709 1794 762; baseline -0.003 -9"><span class='ocrx_word' id='word_1_45' title='bbox 163 713 343 753; x_wconf 90' lang='lat' dir='ltr'>Natalis</span> <span class='ocrx_word' id='word_1_46' title='bbox 364 712 464 752; x_wconf 89' lang='lat' dir='ltr'>dies</span> <span class='ocrx_word' id='word_1_47' title='bbox 485 718 706 752; x_wconf 86' lang='lat' dir='ltr'>externos</span> <span class='ocrx_word' id='word_1_48' title='bbox 727 711 919 762; x_wconf 82' lang='lat' dir='ltr'>triginta</span> <span class='ocrx_word' id='word_1_49' title='bbox 942 710 1127 750; x_wconf 80' lang='lat' dir='ltr'>circiter</span> <span class='ocrx_word' id='word_1_50' title='bbox 1149 710 1272 762; x_wconf 90' lang='lat' dir='ltr'>apud</span> <span class='ocrx_word' id='word_1_51' title='bbox 1299 721 1385 750; x_wconf 94' lang='lat' dir='ltr'>nos</span> <span class='ocrx_word' id='word_1_52' title='bbox 1413 709 1687 750; x_wconf 85' lang='lat' dir='ltr'>confitentes</span> <span class='ocrx_word' id='word_1_53' title='bbox 1718 710 1794 749; x_wconf 89' lang='lat' dir='ltr'>ha-</span> 
     </span>
     <span class='ocr_line' id='line_1_9' title="bbox 162 780 1796 835; baseline -0.003 -11"><span class='ocrx_word' id='word_1_54' title='bbox 162 784 274 834; x_wconf 91' lang='lat' dir='ltr'>buit,</span> <span class='ocrx_word' id='word_1_55' title='bbox 300 795 498 835; x_wconf 89' lang='lat' dir='ltr'>quorum</span> <span class='ocrx_word' id='word_1_56' title='bbox 520 783 688 823; x_wconf 84' lang='lat' dir='ltr'>ibidem</span> <span class='ocrx_word' id='word_1_57' title='bbox 704 782 888 834; x_wconf 89' lang='lat' dir='ltr'>partim,</span> <span class='ocrx_word' id='word_1_58' title='bbox 913 781 1083 833; x_wconf 89' lang='lat' dir='ltr'>partim</span> <span class='ocrx_word' id='word_1_59' title='bbox 1103 788 1258 821; x_wconf 87' lang='lat' dir='ltr'>autem</span> <span class='ocrx_word' id='word_1_60' title='bbox 1276 782 1483 832; x_wconf 87' lang='lat' dir='ltr'>ipsorum</span> <span class='ocrx_word' id='word_1_61' title='bbox 1500 780 1546 820; x_wconf 92' lang='lat' dir='ltr'>in</span> <span class='ocrx_word' id='word_1_62' title='bbox 1563 780 1796 831; x_wconf 85' lang='lat' dir='ltr'>paroeciis</span> 
     </span>
     <span class='ocr_line' id='line_1_10' title="bbox 165 851 1794 895; baseline -0.003 0"><span class='ocrx_word' id='word_1_63' title='bbox 165 863 245 895; x_wconf 89' lang='lat' dir='ltr'>aut</span> <span class='ocrx_word' id='word_1_64' title='bbox 266 855 374 895; x_wconf 91' lang='lat' dir='ltr'>alibi</span> <span class='ocrx_word' id='word_1_65' title='bbox 395 854 624 894; x_wconf 79' lang='lat' dir='ltr'>Dominus</span> <span class='ocrx_word' id='word_1_66' title='bbox 644 865 781 893; x_wconf 86' lang='lat' dir='ltr'>sacra</span> <span class='ocrx_word' id='word_1_67' title='bbox 803 864 963 893; x_wconf 89' lang='lat' dir='ltr'>mensa</span> <span class='ocrx_word' id='word_1_68' title='bbox 985 864 1069 892; x_wconf 90' lang='lat' dir='ltr'>sua</span> <span class='ocrx_word' id='word_1_69' title='bbox 1093 852 1470 892; x_wconf 83' lang='lat' dir='ltr'>communicavit.</span> <span class='ocrx_word' id='word_1_70' title='bbox 1494 851 1674 891; x_wconf 88' lang='lat' dir='ltr'>Horum</span> <span class='ocrx_word' id='word_1_71' title='bbox 1696 858 1794 891; x_wconf 90' lang='lat' dir='ltr'>tan-</span> 
     </span>
     <span class='ocr_line' id='line_1_11' title="bbox 165 923 1795 977; baseline -0.003 -11"><span class='ocrx_word' id='word_1_72' title='bbox 165 932 261 966; x_wconf 86' lang='lat' dir='ltr'>tam</span> <span class='ocrx_word' id='word_1_73' title='bbox 290 926 573 977; x_wconf 89' lang='lat' dir='ltr'>paucitatem</span> <span class='ocrx_word' id='word_1_74' title='bbox 599 924 701 975; x_wconf 88' lang='lat' dir='ltr'>jure</span> <span class='ocrx_word' id='word_1_75' title='bbox 732 924 1087 973; x_wconf 77' lang='lat' dir='ltr'>condolescenS,</span> <span class='ocrx_word' id='word_1_76' title='bbox 1112 934 1261 974; x_wconf 86' lang='lat' dir='ltr'>nuper</span> <span class='ocrx_word' id='word_1_77' title='bbox 1290 923 1337 962; x_wconf 93' lang='lat' dir='ltr'>in</span> <span class='ocrx_word' id='word_1_78' title='bbox 1367 923 1463 962; x_wconf 89' lang='lat' dir='ltr'>suis</span> <span class='ocrx_word' id='word_1_79' title='bbox 1493 923 1795 962; x_wconf 89' lang='lat' dir='ltr'>concionibus</span> 
     </span>
     <span class='ocr_line' id='line_1_12' title="bbox 164 993 1796 1046; baseline -0.003 -9"><span class='ocrx_word' id='word_1_80' title='bbox 164 1002 412 1037; x_wconf 88' lang='lat' dir='ltr'>attestatus</span> <span class='ocrx_word' id='word_1_81' title='bbox 434 1002 503 1036; x_wconf 88' lang='lat' dir='ltr'>est</span> <span class='ocrx_word' id='word_1_82' title='bbox 524 996 777 1035; x_wconf 86' lang='lat' dir='ltr'>vehemens</span> <span class='ocrx_word' id='word_1_83' title='bbox 800 1006 854 1035; x_wconf 85' lang='lat' dir='ltr'>ac</span> <span class='ocrx_word' id='word_1_84' title='bbox 876 995 979 1046; x_wconf 89' lang='lat' dir='ltr'>pius</span> <span class='ocrx_word' id='word_1_85' title='bbox 1003 994 1254 1034; x_wconf 85' lang='lat' dir='ltr'>admodum</span> <span class='ocrx_word' id='word_1_86' title='bbox 1275 994 1579 1034; x_wconf 86' lang='lat' dir='ltr'>concionator</span> <span class='ocrx_word' id='word_1_87' title='bbox 1606 993 1796 1044; x_wconf 87' lang='lat' dir='ltr'>quidam</span> 
     </span>
     <span class='ocr_line' id='line_1_13' title="bbox 164 1064 1795 1118; baseline -0.002 -11"><span class='ocrx_word' id='word_1_88' title='bbox 164 1067 341 1108; x_wconf 83' lang='lat' dir='ltr'>ordinis</span> <span class='ocrx_word' id='word_1_89' title='bbox 370 1067 761 1118; x_wconf 89' lang='lat' dir='ltr'>Capuccinorum,</span> <span class='ocrx_word' id='word_1_90' title='bbox 796 1066 989 1118; x_wconf 91' lang='lat' dir='ltr'>quibus,</span> <span class='ocrx_word' id='word_1_91' title='bbox 1027 1072 1163 1105; x_wconf 85' lang='lat' dir='ltr'>extra</span> <span class='ocrx_word' id='word_1_92' title='bbox 1198 1065 1318 1105; x_wconf 85' lang='lat' dir='ltr'>hanc</span> <span class='ocrx_word' id='word_1_93' title='bbox 1356 1065 1532 1115; x_wconf 88' lang='lat' dir='ltr'>urbem,</span> <span class='ocrx_word' id='word_1_94' title='bbox 1564 1064 1701 1104; x_wconf 91' lang='lat' dir='ltr'>tertio</span> <span class='ocrx_word' id='word_1_95' title='bbox 1737 1064 1795 1104; x_wconf 89' lang='lat' dir='ltr'>ab</span> 
     </span>
     <span class='ocr_line' id='line_1_14' title="bbox 162 1134 1794 1190; baseline -0.002 -12"><span class='ocrx_word' id='word_1_96' title='bbox 162 1138 328 1190; x_wconf 87' lang='lat' dir='ltr'>lapide,</span> <span class='ocrx_word' id='word_1_97' title='bbox 353 1138 558 1177; x_wconf 88' lang='lat' dir='ltr'>maximo</span> <span class='ocrx_word' id='word_1_98' title='bbox 582 1138 788 1189; x_wconf 90' lang='lat' dir='ltr'>ipsorum</span> <span class='ocrx_word' id='word_1_99' title='bbox 809 1136 1103 1177; x_wconf 88' lang='lat' dir='ltr'>incommodo</span> <span class='ocrx_word' id='word_1_100' title='bbox 1126 1136 1234 1176; x_wconf 94' lang='lat' dir='ltr'>olim</span> <span class='ocrx_word' id='word_1_101' title='bbox 1256 1135 1672 1185; x_wconf 77' lang='lat' dir='ltr'>commorantibus,</span> <span class='ocrx_word' id='word_1_102' title='bbox 1703 1134 1794 1174; x_wconf 91' lang='lat' dir='ltr'>Do-</span> 
     </span>
     <span class='ocr_line' id='line_1_15' title="bbox 161 1207 1796 1261; baseline -0.002 -12"><span class='ocrx_word' id='word_1_103' title='bbox 161 1210 314 1250; x_wconf 90' lang='lat' dir='ltr'>minus</span> <span class='ocrx_word' id='word_1_104' title='bbox 337 1209 431 1261; x_wconf 90' lang='lat' dir='ltr'>(qui</span> <span class='ocrx_word' id='word_1_105' title='bbox 452 1220 683 1260; x_wconf 87' lang='lat' dir='ltr'>nusquam</span> <span class='ocrx_word' id='word_1_106' title='bbox 705 1209 800 1248; x_wconf 87' lang='lat' dir='ltr'>suis</span> <span class='ocrx_word' id='word_1_107' title='bbox 822 1208 951 1248; x_wconf 89' lang='lat' dir='ltr'>deest</span> <span class='ocrx_word' id='word_1_108' title='bbox 973 1207 1198 1257; x_wconf 88' lang='lat' dir='ltr'>fidelibus)</span> <span class='ocrx_word' id='word_1_109' title='bbox 1221 1207 1343 1247; x_wconf 89' lang='lat' dir='ltr'>intra</span> <span class='ocrx_word' id='word_1_110' title='bbox 1365 1207 1526 1247; x_wconf 90' lang='lat' dir='ltr'>urbem</span> <span class='ocrx_word' id='word_1_111' title='bbox 1543 1218 1688 1258; x_wconf 89' lang='lat' dir='ltr'>prope</span> <span class='ocrx_word' id='word_1_112' title='bbox 1710 1218 1796 1246; x_wconf 92' lang='lat' dir='ltr'>nos</span> 
     </span>
     <span class='ocr_line' id='line_1_16' title="bbox 160 1277 1795 1332; baseline -0.002 -12"><span class='ocrx_word' id='word_1_113' title='bbox 160 1281 384 1332; x_wconf 90' lang='lat' dir='ltr'>templum</span> <span class='ocrx_word' id='word_1_114' title='bbox 404 1279 577 1320; x_wconf 84' lang='lat' dir='ltr'>Beatae</span> <span class='ocrx_word' id='word_1_115' title='bbox 600 1279 884 1319; x_wconf 87' lang='lat' dir='ltr'>Catharinae</span> <span class='ocrx_word' id='word_1_116' title='bbox 907 1290 1094 1319; x_wconf 88' lang='lat' dir='ltr'>sacrum</span> <span class='ocrx_word' id='word_1_117' title='bbox 1116 1290 1223 1318; x_wconf 92' lang='lat' dir='ltr'>cum</span> <span class='ocrx_word' id='word_1_118' title='bbox 1243 1278 1532 1318; x_wconf 84' lang='lat' dir='ltr'>habitatione</span> <span class='ocrx_word' id='word_1_119' title='bbox 1564 1277 1675 1329; x_wconf 92' lang='lat' dir='ltr'>(quo</span> <span class='ocrx_word' id='word_1_120' title='bbox 1699 1277 1795 1329; x_wconf 90' lang='lat' dir='ltr'>jam</span> 
     </span>
     <span class='ocr_line' id='line_1_17' title="bbox 161 1349 1792 1402; baseline -0.002 -11"><span class='ocrx_word' id='word_1_121' title='bbox 161 1350 566 1402; x_wconf 85' lang='lat' dir='ltr'>commigrarunt),</span> <span class='ocrx_word' id='word_1_122' title='bbox 588 1362 673 1401; x_wconf 89' lang='lat' dir='ltr'>pro</span> <span class='ocrx_word' id='word_1_123' title='bbox 695 1350 771 1401; x_wconf 91' lang='lat' dir='ltr'>pio</span> <span class='ocrx_word' id='word_1_124' title='bbox 794 1351 1001 1401; x_wconf 89' lang='lat' dir='ltr'>ipsorum</span> <span class='ocrx_word' id='word_1_125' title='bbox 1023 1355 1133 1389; x_wconf 74' lang='lat' dir='ltr'>voto</span> <span class='ocrx_word' id='word_1_126' title='bbox 1154 1349 1270 1389; x_wconf 89' lang='lat' dir='ltr'>satis</span> <span class='ocrx_word' id='word_1_127' title='bbox 1292 1349 1558 1399; x_wconf 89' lang='lat' dir='ltr'>commoda,</span> <span class='ocrx_word' id='word_1_128' title='bbox 1584 1349 1792 1389; x_wconf 85' lang='lat' dir='ltr'>donavit.</span> 
     </span>
    </p>

    <p class='ocr_par' dir='ltr' id='par_1_4' title="bbox 159 1420 1798 3034">
     <span class='ocr_line' id='line_1_18' title="bbox 243 1420 1792 1470; baseline -0.002 -8"><span class='ocrx_word' id='word_1_129' title='bbox 243 1422 538 1462; x_wconf 87' lang='lat' dir='ltr'>Meretricem</span> <span class='ocrx_word' id='word_1_130' title='bbox 570 1433 710 1461; x_wconf 91' lang='lat' dir='ltr'>unam</span> <span class='ocrx_word' id='word_1_131' title='bbox 733 1428 776 1461; x_wconf 90' lang='lat' dir='ltr'>et</span> <span class='ocrx_word' id='word_1_132' title='bbox 798 1421 949 1460; x_wconf 86' lang='lat' dir='ltr'>forma</span> <span class='ocrx_word' id='word_1_133' title='bbox 980 1427 1024 1460; x_wconf 89' lang='lat' dir='ltr'>et</span> <span class='ocrx_word' id='word_1_134' title='bbox 1055 1427 1207 1460; x_wconf 90' lang='lat' dir='ltr'>aetate</span> <span class='ocrx_word' id='word_1_135' title='bbox 1238 1420 1581 1470; x_wconf 84' lang='lat' dir='ltr'>illecebrosam,</span> <span class='ocrx_word' id='word_1_136' title='bbox 1611 1431 1792 1470; x_wconf 85' lang='lat' dir='ltr'>nempe,</span> 
     </span>
     <span class='ocr_line' id='line_1_19' title="bbox 162 1490 1792 1542; baseline -0.001 -9"><span class='ocrx_word' id='word_1_137' title='bbox 162 1505 312 1534; x_wconf 87' lang='lat' dir='ltr'>annos</span> <span class='ocrx_word' id='word_1_138' title='bbox 333 1493 494 1534; x_wconf 88' lang='lat' dir='ltr'>decem</span> <span class='ocrx_word' id='word_1_139' title='bbox 516 1499 560 1533; x_wconf 91' lang='lat' dir='ltr'>et</span> <span class='ocrx_word' id='word_1_140' title='bbox 583 1498 687 1532; x_wconf 92' lang='lat' dir='ltr'>octo</span> <span class='ocrx_word' id='word_1_141' title='bbox 708 1499 889 1541; x_wconf 88' lang='lat' dir='ltr'>natam,</span> <span class='ocrx_word' id='word_1_142' title='bbox 916 1491 964 1531; x_wconf 82' lang='lat' dir='ltr'>P.</span> <span class='ocrx_word' id='word_1_143' title='bbox 990 1491 1207 1532; x_wconf 84' lang='lat' dir='ltr'>Andreas</span> <span class='ocrx_word' id='word_1_144' title='bbox 1229 1492 1471 1542; x_wconf 78' lang='lat' dir='ltr'>convenit,</span> <span class='ocrx_word' id='word_1_145' title='bbox 1497 1490 1594 1542; x_wconf 89' lang='lat' dir='ltr'>ejus</span> <span class='ocrx_word' id='word_1_146' title='bbox 1616 1491 1792 1531; x_wconf 89' lang='lat' dir='ltr'>confes-</span> 
     </span>
     <span class='ocr_line' id='line_1_20' title="bbox 162 1562 1793 1615; baseline -0.002 -10"><span class='ocrx_word' id='word_1_147' title='bbox 162 1565 341 1605; x_wconf 90' lang='lat' dir='ltr'>sionem</span> <span class='ocrx_word' id='word_1_148' title='bbox 363 1564 560 1615; x_wconf 78' lang='lat' dir='ltr'>audivit,</span> <span class='ocrx_word' id='word_1_149' title='bbox 585 1576 640 1604; x_wconf 89' lang='lat' dir='ltr'>ac</span> <span class='ocrx_word' id='word_1_150' title='bbox 662 1564 869 1614; x_wconf 88' lang='lat' dir='ltr'>demum,</span> <span class='ocrx_word' id='word_1_151' title='bbox 895 1564 1151 1614; x_wconf 90' lang='lat' dir='ltr'>opitulante</span> <span class='ocrx_word' id='word_1_152' title='bbox 1182 1562 1399 1613; x_wconf 90' lang='lat' dir='ltr'>Domino,</span> <span class='ocrx_word' id='word_1_153' title='bbox 1424 1575 1451 1602; x_wconf 88' lang='lat' dir='ltr'>a</span> <span class='ocrx_word' id='word_1_154' title='bbox 1473 1563 1668 1613; x_wconf 87' lang='lat' dir='ltr'>pristino</span> <span class='ocrx_word' id='word_1_155' title='bbox 1695 1562 1793 1613; x_wconf 90' lang='lat' dir='ltr'>ejus</span> 
     </span>
     <span class='ocr_line' id='line_1_21' title="bbox 167 1634 1792 1687; baseline -0.002 -11"><span class='ocrx_word' id='word_1_156' title='bbox 167 1635 357 1676; x_wconf 85' lang='lat' dir='ltr'>vivendi</span> <span class='ocrx_word' id='word_1_157' title='bbox 376 1636 513 1676; x_wconf 91' lang='lat' dir='ltr'>modo</span> <span class='ocrx_word' id='word_1_158' title='bbox 530 1635 927 1687; x_wconf 89' lang='lat' dir='ltr'>perniciosissimo</span> <span class='ocrx_word' id='word_1_159' title='bbox 945 1634 1202 1684; x_wconf 81' lang='lat' dir='ltr'>revocavit,</span> <span class='ocrx_word' id='word_1_160' title='bbox 1224 1634 1340 1674; x_wconf 86' lang='lat' dir='ltr'>adeo</span> <span class='ocrx_word' id='word_1_161' title='bbox 1358 1641 1405 1674; x_wconf 89' lang='lat' dir='ltr'>ut</span> <span class='ocrx_word' id='word_1_162' title='bbox 1426 1635 1653 1673; x_wconf 89' lang='lat' dir='ltr'>bonorum</span> <span class='ocrx_word' id='word_1_163' title='bbox 1674 1634 1792 1673; x_wconf 80' lang='lat' dir='ltr'>viro-</span> 
     </span>
     <span class='ocr_line' id='line_1_22' title="bbox 164 1704 1791 1758; baseline -0.002 -11"><span class='ocrx_word' id='word_1_164' title='bbox 164 1718 267 1747; x_wconf 90' lang='lat' dir='ltr'>rum</span> <span class='ocrx_word' id='word_1_165' title='bbox 289 1718 432 1758; x_wconf 90' lang='lat' dir='ltr'>opera</span> <span class='ocrx_word' id='word_1_166' title='bbox 453 1719 507 1746; x_wconf 91' lang='lat' dir='ltr'>ac</span> <span class='ocrx_word' id='word_1_167' title='bbox 530 1706 681 1746; x_wconf 81' lang='lat' dir='ltr'>studio</span> <span class='ocrx_word' id='word_1_168' title='bbox 704 1718 730 1745; x_wconf 93' lang='lat' dir='ltr'>a</span> <span class='ocrx_word' id='word_1_169' title='bbox 753 1705 1059 1746; x_wconf 75' lang='lat' dir='ltr'>Venetiarum</span> <span class='ocrx_word' id='word_1_170' title='bbox 1077 1704 1329 1745; x_wconf 75' lang='lat' dir='ltr'>Conversis</span> <span class='ocrx_word' id='word_1_171' title='bbox 1351 1705 1495 1756; x_wconf 85' lang='lat' dir='ltr'>(quod</span> <span class='ocrx_word' id='word_1_172' title='bbox 1517 1705 1639 1756; x_wconf 82' lang='lat' dir='ltr'>apud</span> <span class='ocrx_word' id='word_1_173' title='bbox 1659 1704 1791 1745; x_wconf 82' lang='lat' dir='ltr'>Pata-</span> 
     </span>
     <span class='ocr_line' id='line_1_23' title="bbox 164 1775 1791 1827; baseline -0.001 -10"><span class='ocrx_word' id='word_1_174' title='bbox 164 1778 300 1817; x_wconf 85' lang='lat' dir='ltr'>vinas</span> <span class='ocrx_word' id='word_1_175' title='bbox 320 1789 413 1817; x_wconf 90' lang='lat' dir='ltr'>non</span> <span class='ocrx_word' id='word_1_176' title='bbox 434 1784 531 1817; x_wconf 87' lang='lat' dir='ltr'>erat</span> <span class='ocrx_word' id='word_1_177' title='bbox 553 1777 705 1827; x_wconf 87' lang='lat' dir='ltr'>locus)</span> <span class='ocrx_word' id='word_1_178' title='bbox 734 1776 959 1827; x_wconf 89' lang='lat' dir='ltr'>admissa,</span> <span class='ocrx_word' id='word_1_179' title='bbox 985 1776 1302 1816; x_wconf 90' lang='lat' dir='ltr'>annitentibus</span> <span class='ocrx_word' id='word_1_180' title='bbox 1332 1775 1610 1827; x_wconf 84' lang='lat' dir='ltr'>quibusdam</span> <span class='ocrx_word' id='word_1_181' title='bbox 1640 1789 1666 1816; x_wconf 89' lang='lat' dir='ltr'>a</span> <span class='ocrx_word' id='word_1_182' title='bbox 1693 1788 1791 1816; x_wconf 88' lang='lat' dir='ltr'>sen-</span> 
     </span>
     <span class='ocr_line' id='line_1_24' title="bbox 163 1848 1794 1900; baseline -0.001 -12"><span class='ocrx_word' id='word_1_183' title='bbox 163 1848 308 1888; x_wconf 89' lang='lat' dir='ltr'>tentia</span> <span class='ocrx_word' id='word_1_184' title='bbox 330 1848 480 1900; x_wconf 88' lang='lat' dir='ltr'>ipsam</span> <span class='ocrx_word' id='word_1_185' title='bbox 510 1848 772 1898; x_wconf 91' lang='lat' dir='ltr'>retrahere,</span> <span class='ocrx_word' id='word_1_186' title='bbox 804 1849 1020 1888; x_wconf 86' lang='lat' dir='ltr'>exultans</span> <span class='ocrx_word' id='word_1_187' title='bbox 1047 1854 1185 1899; x_wconf 89' lang='lat' dir='ltr'>atque</span> <span class='ocrx_word' id='word_1_188' title='bbox 1216 1848 1531 1898; x_wconf 84' lang='lat' dir='ltr'>triumphans,</span> <span class='ocrx_word' id='word_1_189' title='bbox 1565 1859 1614 1886; x_wconf 90' lang='lat' dir='ltr'>se</span> <span class='ocrx_word' id='word_1_190' title='bbox 1644 1848 1794 1887; x_wconf 87' lang='lat' dir='ltr'>solum</span> 
     </span>
     <span class='ocr_line' id='line_1_25' title="bbox 159 1917 1792 1973; baseline -0.001 -14"><span class='ocrx_word' id='word_1_191' title='bbox 159 1920 318 1973; x_wconf 88' lang='lat' dir='ltr'>Jesum</span> <span class='ocrx_word' id='word_1_192' title='bbox 340 1918 577 1959; x_wconf 85' lang='lat' dir='ltr'>Christum</span> <span class='ocrx_word' id='word_1_193' title='bbox 598 1920 718 1959; x_wconf 92' lang='lat' dir='ltr'>scire</span> <span class='ocrx_word' id='word_1_194' title='bbox 741 1926 986 1959; x_wconf 88' lang='lat' dir='ltr'>assereret.</span> <span class='ocrx_word' id='word_1_195' title='bbox 1018 1918 1150 1958; x_wconf 89' lang='lat' dir='ltr'>Duae</span> <span class='ocrx_word' id='word_1_196' title='bbox 1177 1924 1422 1970; x_wconf 88' lang='lat' dir='ltr'>praeterea</span> <span class='ocrx_word' id='word_1_197' title='bbox 1453 1917 1657 1968; x_wconf 87' lang='lat' dir='ltr'>ejusdem</span> <span class='ocrx_word' id='word_1_198' title='bbox 1687 1918 1792 1957; x_wconf 86' lang='lat' dir='ltr'>fari-</span> 
     </span>
     <span class='ocr_line' id='line_1_26' title="bbox 163 1988 1794 2040; baseline -0.001 -10"><span class='ocrx_word' id='word_1_199' title='bbox 163 2002 271 2040; x_wconf 87' lang='lat' dir='ltr'>nae,</span> <span class='ocrx_word' id='word_1_200' title='bbox 310 2001 396 2029; x_wconf 90' lang='lat' dir='ltr'>nec</span> <span class='ocrx_word' id='word_1_201' title='bbox 431 1996 584 2030; x_wconf 90' lang='lat' dir='ltr'>aetate</span> <span class='ocrx_word' id='word_1_202' title='bbox 619 1990 812 2029; x_wconf 92' lang='lat' dir='ltr'>multum</span> <span class='ocrx_word' id='word_1_203' title='bbox 847 1988 1078 2040; x_wconf 85' lang='lat' dir='ltr'>dispares,</span> <span class='ocrx_word' id='word_1_204' title='bbox 1121 1989 1209 2028; x_wconf 89' lang='lat' dir='ltr'>Dei</span> <span class='ocrx_word' id='word_1_205' title='bbox 1247 1989 1587 2038; x_wconf 88' lang='lat' dir='ltr'>misericordia,</span> <span class='ocrx_word' id='word_1_206' title='bbox 1631 1988 1794 2029; x_wconf 86' lang='lat' dir='ltr'>eadem</span> 
     </span>
     <span class='ocr_line' id='line_1_27' title="bbox 162 2058 1794 2113; baseline -0.001 -13"><span class='ocrx_word' id='word_1_207' title='bbox 162 2072 278 2113; x_wconf 92' lang='lat' dir='ltr'>pene</span> <span class='ocrx_word' id='word_1_208' title='bbox 300 2060 481 2100; x_wconf 89' lang='lat' dir='ltr'>ratione</span> <span class='ocrx_word' id='word_1_209' title='bbox 511 2061 609 2100; x_wconf 84' lang='lat' dir='ltr'>vita</span> <span class='ocrx_word' id='word_1_210' title='bbox 637 2061 684 2100; x_wconf 88' lang='lat' dir='ltr'>in</span> <span class='ocrx_word' id='word_1_211' title='bbox 709 2060 874 2100; x_wconf 92' lang='lat' dir='ltr'>melius</span> <span class='ocrx_word' id='word_1_212' title='bbox 902 2066 1207 2109; x_wconf 87' lang='lat' dir='ltr'>commutata,</span> <span class='ocrx_word' id='word_1_213' title='bbox 1233 2058 1410 2099; x_wconf 86' lang='lat' dir='ltr'>aditum</span> <span class='ocrx_word' id='word_1_214' title='bbox 1441 2060 1499 2099; x_wconf 89' lang='lat' dir='ltr'>ad</span> <span class='ocrx_word' id='word_1_215' title='bbox 1528 2060 1794 2100; x_wconf 83' lang='lat' dir='ltr'>Conversas</span> 
     </span>
     <span class='ocr_line' id='line_1_28' title="bbox 163 2130 1791 2182; baseline -0.001 -11"><span class='ocrx_word' id='word_1_216' title='bbox 163 2132 530 2182; x_wconf 85' lang='lat' dir='ltr'>praestolantur:</span> <span class='ocrx_word' id='word_1_217' title='bbox 555 2143 674 2182; x_wconf 88' lang='lat' dir='ltr'>quae</span> <span class='ocrx_word' id='word_1_218' title='bbox 695 2136 866 2180; x_wconf 86' lang='lat' dir='ltr'>tamen,</span> <span class='ocrx_word' id='word_1_219' title='bbox 899 2130 1023 2181; x_wconf 89' lang='lat' dir='ltr'>quod</span> <span class='ocrx_word' id='word_1_220' title='bbox 1044 2130 1168 2181; x_wconf 90' lang='lat' dir='ltr'>apud</span> <span class='ocrx_word' id='word_1_221' title='bbox 1190 2141 1300 2170; x_wconf 86' lang='lat' dir='ltr'>suos</span> <span class='ocrx_word' id='word_1_222' title='bbox 1322 2137 1365 2170; x_wconf 92' lang='lat' dir='ltr'>et</span> <span class='ocrx_word' id='word_1_223' title='bbox 1395 2131 1540 2170; x_wconf 92' lang='lat' dir='ltr'>bonos</span> <span class='ocrx_word' id='word_1_224' title='bbox 1569 2142 1624 2170; x_wconf 87' lang='lat' dir='ltr'>ac</span> <span class='ocrx_word' id='word_1_225' title='bbox 1654 2131 1791 2170; x_wconf 86' lang='lat' dir='ltr'>hone-</span> 
     </span>
     <span class='ocr_line' id='line_1_29' title="bbox 163 2201 1794 2254; baseline -0.001 -12"><span class='ocrx_word' id='word_1_226' title='bbox 163 2208 260 2242; x_wconf 89' lang='lat' dir='ltr'>stos</span> <span class='ocrx_word' id='word_1_227' title='bbox 281 2208 500 2254; x_wconf 88' lang='lat' dir='ltr'>parentes</span> <span class='ocrx_word' id='word_1_228' title='bbox 522 2209 677 2242; x_wconf 88' lang='lat' dir='ltr'>certae</span> <span class='ocrx_word' id='word_1_229' title='bbox 701 2214 756 2242; x_wconf 87' lang='lat' dir='ltr'>ac</span> <span class='ocrx_word' id='word_1_230' title='bbox 778 2201 1080 2241; x_wconf 87' lang='lat' dir='ltr'>confirmatae</span> <span class='ocrx_word' id='word_1_231' title='bbox 1102 2201 1279 2241; x_wconf 88' lang='lat' dir='ltr'>interea</span> <span class='ocrx_word' id='word_1_232' title='bbox 1300 2202 1390 2241; x_wconf 93' lang='lat' dir='ltr'>loci</span> <span class='ocrx_word' id='word_1_233' title='bbox 1410 2201 1609 2252; x_wconf 83' lang='lat' dir='ltr'>degunt,</span> <span class='ocrx_word' id='word_1_234' title='bbox 1640 2202 1794 2242; x_wconf 88' lang='lat' dir='ltr'>minus</span> 
     </span>
     <span class='ocr_line' id='line_1_30' title="bbox 164 2271 1794 2323; baseline -0.001 -10"><span class='ocrx_word' id='word_1_235' title='bbox 164 2273 220 2313; x_wconf 92' lang='lat' dir='ltr'>de</span> <span class='ocrx_word' id='word_1_236' title='bbox 260 2273 326 2313; x_wconf 85' lang='lat' dir='ltr'>eis</span> <span class='ocrx_word' id='word_1_237' title='bbox 361 2273 638 2313; x_wconf 86' lang='lat' dir='ltr'>sollicitatur</span> <span class='ocrx_word' id='word_1_238' title='bbox 672 2272 822 2313; x_wconf 90' lang='lat' dir='ltr'>dictus</span> <span class='ocrx_word' id='word_1_239' title='bbox 857 2272 1008 2312; x_wconf 84' lang='lat' dir='ltr'>Pater.</span> <span class='ocrx_word' id='word_1_240' title='bbox 1047 2271 1137 2312; x_wconf 81' lang='lat' dir='ltr'>Sed</span> <span class='ocrx_word' id='word_1_241' title='bbox 1176 2272 1231 2311; x_wconf 87' lang='lat' dir='ltr'>de</span> <span class='ocrx_word' id='word_1_242' title='bbox 1271 2279 1437 2323; x_wconf 90' lang='lat' dir='ltr'>quarta</span> <span class='ocrx_word' id='word_1_243' title='bbox 1472 2273 1794 2313; x_wconf 75' lang='lat' dir='ltr'>vehementius</span> 
     </span>
     <span class='ocr_line' id='line_1_31' title="bbox 164 2328 1794 2394; baseline 0 -10"><span class='ocrx_word' id='word_1_244' title='bbox 164 2356 287 2384; x_wconf 89' lang='lat' dir='ltr'>nunc</span> <span class='ocrx_word' id='word_1_245' title='bbox 319 2344 549 2394; x_wconf 87' lang='lat' dir='ltr'>elaborat,</span> <span class='ocrx_word' id='word_1_246' title='bbox 582 2342 749 2394; x_wconf 89' lang='lat' dir='ltr'>majori</span> <span class='ocrx_word' id='word_1_247' title='bbox 775 2349 819 2383; x_wconf 87' lang='lat' dir='ltr'>et</span> <span class='ocrx_word' id='word_1_248' title='bbox 846 2355 929 2382; x_wconf 88' lang='lat' dir='ltr'>suo</span> <span class='ocrx_word' id='word_1_249' title='bbox 958 2349 1002 2382; x_wconf 92' lang='lat' dir='ltr'>et</span> <span class='ocrx_word' id='word_1_250' title='bbox 1028 2343 1227 2382; x_wconf 90' lang='lat' dir='ltr'>aliorum</span> <span class='ocrx_word' id='word_1_251' title='bbox 1256 2343 1463 2394; x_wconf 89' lang='lat' dir='ltr'>periculo</span> <span class='ocrx_word' id='word_1_252' title='bbox 1498 2355 1553 2383; x_wconf 93' lang='lat' dir='ltr'>ac</span> <span class='ocrx_word' id='word_1_253' title='bbox 1589 2328 1794 2394; x_wconf 86' lang='lat' dir='ltr'>pernicie</span> 
     </span>
     <span class='ocr_line' id='line_1_32' title="bbox 170 2414 1794 2466; baseline 0 -11"><span class='ocrx_word' id='word_1_254' title='bbox 170 2415 439 2455; x_wconf 86' lang='lat' dir='ltr'>constituta.</span> <span class='ocrx_word' id='word_1_255' title='bbox 464 2414 583 2455; x_wconf 90' lang='lat' dir='ltr'>Nam</span> <span class='ocrx_word' id='word_1_256' title='bbox 604 2426 752 2466; x_wconf 87' lang='lat' dir='ltr'>neque</span> <span class='ocrx_word' id='word_1_257' title='bbox 774 2426 864 2466; x_wconf 93' lang='lat' dir='ltr'>quo</span> <span class='ocrx_word' id='word_1_258' title='bbox 887 2420 985 2454; x_wconf 87' lang='lat' dir='ltr'>tuto</span> <span class='ocrx_word' id='word_1_259' title='bbox 1007 2426 1055 2454; x_wconf 92' lang='lat' dir='ltr'>se</span> <span class='ocrx_word' id='word_1_260' title='bbox 1077 2414 1292 2465; x_wconf 86' lang='lat' dir='ltr'>recipiat,</span> <span class='ocrx_word' id='word_1_261' title='bbox 1324 2425 1472 2465; x_wconf 91' lang='lat' dir='ltr'>neque</span> <span class='ocrx_word' id='word_1_262' title='bbox 1503 2415 1624 2454; x_wconf 85' lang='lat' dir='ltr'>unde</span> <span class='ocrx_word' id='word_1_263' title='bbox 1656 2415 1794 2455; x_wconf 88' lang='lat' dir='ltr'>hone-</span> 
     </span>
     <span class='ocr_line' id='line_1_33' title="bbox 169 2485 1795 2537; baseline 0 -11"><span class='ocrx_word' id='word_1_264' title='bbox 169 2492 240 2526; x_wconf 90' lang='lat' dir='ltr'>ste</span> <span class='ocrx_word' id='word_1_265' title='bbox 268 2486 356 2526; x_wconf 86' lang='lat' dir='ltr'>sibi</span> <span class='ocrx_word' id='word_1_266' title='bbox 383 2486 560 2526; x_wconf 88' lang='lat' dir='ltr'>victum</span> <span class='ocrx_word' id='word_1_267' title='bbox 594 2492 852 2537; x_wconf 88' lang='lat' dir='ltr'>comparet,</span> <span class='ocrx_word' id='word_1_268' title='bbox 890 2485 1041 2525; x_wconf 88' lang='lat' dir='ltr'>habet.</span> <span class='ocrx_word' id='word_1_269' title='bbox 1080 2485 1209 2524; x_wconf 86' lang='lat' dir='ltr'>Haec</span> <span class='ocrx_word' id='word_1_270' title='bbox 1245 2485 1474 2536; x_wconf 88' lang='lat' dir='ltr'>superiori</span> <span class='ocrx_word' id='word_1_271' title='bbox 1502 2485 1795 2526; x_wconf 88' lang='lat' dir='ltr'>hebdomada</span> 
     </span>
     <span class='ocr_line' id='line_1_34' title="bbox 163 2555 1795 2609; baseline 0 -12"><span class='ocrx_word' id='word_1_272' title='bbox 163 2556 287 2608; x_wconf 89' lang='lat' dir='ltr'>apud</span> <span class='ocrx_word' id='word_1_273' title='bbox 308 2568 394 2597; x_wconf 89' lang='lat' dir='ltr'>nos</span> <span class='ocrx_word' id='word_1_274' title='bbox 416 2569 497 2609; x_wconf 91' lang='lat' dir='ltr'>per</span> <span class='ocrx_word' id='word_1_275' title='bbox 519 2562 731 2597; x_wconf 90' lang='lat' dir='ltr'>sanctam</span> <span class='ocrx_word' id='word_1_276' title='bbox 754 2556 1095 2596; x_wconf 85' lang='lat' dir='ltr'>confessionem</span> <span class='ocrx_word' id='word_1_277' title='bbox 1122 2555 1222 2595; x_wconf 92' lang='lat' dir='ltr'>Deo</span> <span class='ocrx_word' id='word_1_278' title='bbox 1251 2556 1556 2596; x_wconf 87' lang='lat' dir='ltr'>reconciliata</span> <span class='ocrx_word' id='word_1_279' title='bbox 1585 2563 1629 2596; x_wconf 92' lang='lat' dir='ltr'>et</span> <span class='ocrx_word' id='word_1_280' title='bbox 1657 2568 1795 2597; x_wconf 88' lang='lat' dir='ltr'>sacra</span> 
     </span>
     <span class='ocr_line' id='line_1_35' title="bbox 161 2627 1795 2679; baseline 0 -11"><span class='ocrx_word' id='word_1_281' title='bbox 161 2628 332 2679; x_wconf 85' lang='lat' dir='ltr'>synaxi</span> <span class='ocrx_word' id='word_1_282' title='bbox 366 2628 665 2676; x_wconf 91' lang='lat' dir='ltr'>communita,</span> <span class='ocrx_word' id='word_1_283' title='bbox 702 2633 751 2667; x_wconf 92' lang='lat' dir='ltr'>ut</span> <span class='ocrx_word' id='word_1_284' title='bbox 785 2627 995 2667; x_wconf 88' lang='lat' dir='ltr'>membra</span> <span class='ocrx_word' id='word_1_285' title='bbox 1023 2627 1132 2666; x_wconf 91' lang='lat' dir='ltr'>olim</span> <span class='ocrx_word' id='word_1_286' title='bbox 1157 2638 1242 2667; x_wconf 86' lang='lat' dir='ltr'>sua</span> <span class='ocrx_word' id='word_1_287' title='bbox 1262 2627 1582 2667; x_wconf 89' lang='lat' dir='ltr'>immunditiae</span> <span class='ocrx_word' id='word_1_288' title='bbox 1617 2628 1795 2668; x_wconf 83' lang='lat' dir='ltr'>servire</span> 
     </span>
     <span class='ocr_line' id='line_1_36' title="bbox 164 2698 1795 2750; baseline 0 -11"><span class='ocrx_word' id='word_1_289' title='bbox 164 2699 373 2739; x_wconf 85' lang='lat' dir='ltr'>exhibuit</span> <span class='ocrx_word' id='word_1_290' title='bbox 400 2706 445 2739; x_wconf 90' lang='lat' dir='ltr'>et</span> <span class='ocrx_word' id='word_1_291' title='bbox 476 2699 798 2750; x_wconf 88' lang='lat' dir='ltr'>iniquitatibus</span> <span class='ocrx_word' id='word_1_292' title='bbox 829 2698 888 2738; x_wconf 91' lang='lat' dir='ltr'>ad</span> <span class='ocrx_word' id='word_1_293' title='bbox 919 2698 1212 2749; x_wconf 87' lang='lat' dir='ltr'>iniquitatem</span> <span class='ocrx_word' id='word_1_294' title='bbox 1239 2699 1545 2750; x_wconf 85' lang='lat' dir='ltr'>mancipavit,</span> <span class='ocrx_word' id='word_1_295' title='bbox 1578 2699 1641 2738; x_wconf 87' lang='lat' dir='ltr'>ita</span> <span class='ocrx_word' id='word_1_296' title='bbox 1671 2711 1795 2739; x_wconf 89' lang='lat' dir='ltr'>nunc</span> 
     </span>
     <span class='ocr_line' id='line_1_37' title="bbox 162 2768 1793 2820; baseline -0.001 -12"><span class='ocrx_word' id='word_1_297' title='bbox 162 2770 365 2809; x_wconf 87' lang='lat' dir='ltr'>hostiam</span> <span class='ocrx_word' id='word_1_298' title='bbox 387 2781 435 2809; x_wconf 89' lang='lat' dir='ltr'>se</span> <span class='ocrx_word' id='word_1_299' title='bbox 457 2769 558 2810; x_wconf 93' lang='lat' dir='ltr'>Deo</span> <span class='ocrx_word' id='word_1_300' title='bbox 581 2769 746 2809; x_wconf 90' lang='lat' dir='ltr'>obtulit</span> <span class='ocrx_word' id='word_1_301' title='bbox 767 2775 1084 2820; x_wconf 90' lang='lat' dir='ltr'>perpetuoque</span> <span class='ocrx_word' id='word_1_302' title='bbox 1101 2768 1276 2808; x_wconf 85' lang='lat' dir='ltr'>dicavit</span> <span class='ocrx_word' id='word_1_303' title='bbox 1297 2769 1343 2808; x_wconf 90' lang='lat' dir='ltr'>in</span> <span class='ocrx_word' id='word_1_304' title='bbox 1360 2769 1793 2810; x_wconf 86' lang='lat' dir='ltr'>sanctificationem.</span> 
     </span>
     <span class='ocr_line' id='line_1_38' title="bbox 166 2838 1796 2892; baseline 0.001 -12"><span class='ocrx_word' id='word_1_305' title='bbox 166 2839 318 2880; x_wconf 88' lang='lat' dir='ltr'>Dictis</span> <span class='ocrx_word' id='word_1_306' title='bbox 344 2840 502 2892; x_wconf 89' lang='lat' dir='ltr'>itaque</span> <span class='ocrx_word' id='word_1_307' title='bbox 538 2839 594 2880; x_wconf 89' lang='lat' dir='ltr'>de</span> <span class='ocrx_word' id='word_1_308' title='bbox 629 2839 804 2890; x_wconf 89' lang='lat' dir='ltr'>causis,</span> <span class='ocrx_word' id='word_1_309' title='bbox 835 2851 925 2891; x_wconf 93' lang='lat' dir='ltr'>quo</span> <span class='ocrx_word' id='word_1_310' title='bbox 953 2839 1097 2879; x_wconf 90' lang='lat' dir='ltr'>tutius</span> <span class='ocrx_word' id='word_1_311' title='bbox 1132 2838 1232 2878; x_wconf 90' lang='lat' dir='ltr'>Deo</span> <span class='ocrx_word' id='word_1_312' title='bbox 1267 2839 1431 2880; x_wconf 88' lang='lat' dir='ltr'>reddat</span> <span class='ocrx_word' id='word_1_313' title='bbox 1465 2846 1626 2880; x_wconf 84' lang='lat' dir='ltr'>votum</span> <span class='ocrx_word' id='word_1_314' title='bbox 1660 2852 1796 2881; x_wconf 89' lang='lat' dir='ltr'>suum</span> 
     </span>
     <span class='ocr_line' id='line_1_39' title="bbox 161 2909 1798 2963; baseline 0.001 -14"><span class='ocrx_word' id='word_1_315' title='bbox 161 2916 302 2961; x_wconf 89' lang='lat' dir='ltr'>atque</span> <span class='ocrx_word' id='word_1_316' title='bbox 323 2910 371 2950; x_wconf 91' lang='lat' dir='ltr'>in</span> <span class='ocrx_word' id='word_1_317' title='bbox 391 2911 622 2951; x_wconf 89' lang='lat' dir='ltr'>sententia</span> <span class='ocrx_word' id='word_1_318' title='bbox 642 2910 885 2961; x_wconf 88' lang='lat' dir='ltr'>persistat,</span> <span class='ocrx_word' id='word_1_319' title='bbox 910 2910 1179 2961; x_wconf 78' lang='lat' dir='ltr'>impetravit</span> <span class='ocrx_word' id='word_1_320' title='bbox 1199 2909 1299 2950; x_wconf 88' lang='lat' dir='ltr'>heri</span> <span class='ocrx_word' id='word_1_321' title='bbox 1320 2909 1458 2951; x_wconf 88' lang='lat' dir='ltr'>Pater</span> <span class='ocrx_word' id='word_1_322' title='bbox 1488 2922 1515 2950; x_wconf 86' lang='lat' dir='ltr'>a</span> <span class='ocrx_word' id='word_1_323' title='bbox 1544 2911 1798 2963; x_wconf 83' lang='lat' dir='ltr'>praefectis</span> 
     </span>
     <span class='ocr_line' id='line_1_40' title="bbox 160 2979 1795 3034; baseline 0.001 -14"><span class='ocrx_word' id='word_1_324' title='bbox 160 2981 445 3021; x_wconf 86' lang='lat' dir='ltr'>xenodochii</span> <span class='ocrx_word' id='word_1_325' title='bbox 478 2988 527 3022; x_wconf 91' lang='lat' dir='ltr'>ut</span> <span class='ocrx_word' id='word_1_326' title='bbox 562 2981 637 3021; x_wconf 90' lang='lat' dir='ltr'>vel</span> <span class='ocrx_word' id='word_1_327' title='bbox 671 2980 899 3032; x_wconf 91' lang='lat' dir='ltr'>tantisper</span> <span class='ocrx_word' id='word_1_328' title='bbox 927 2980 974 3020; x_wconf 92' lang='lat' dir='ltr'>in</span> <span class='ocrx_word' id='word_1_329' title='bbox 1007 2979 1300 3020; x_wconf 84' lang='lat' dir='ltr'>xenodochio</span> <span class='ocrx_word' id='word_1_330' title='bbox 1336 2987 1553 3034; x_wconf 89' lang='lat' dir='ltr'>suscepta</span> <span class='ocrx_word' id='word_1_331' title='bbox 1580 2983 1712 3023; x_wconf 85' lang='lat' dir='ltr'>vivat</span> <span class='ocrx_word' id='word_1_332' title='bbox 1738 2994 1795 3022; x_wconf 91' lang='lat' dir='ltr'>ac</span> 
     </span>
    </p>
   </div>
  </div>
 </body>
</html>
