2074 3179
210 155 284 193 508
729 159 962 197 LirrERAE
988 171 1346 201 QUADRlMESTREs

297 254 446 295 Movit
470 255 660 307 insuper
680 256 913 297 Dominus
935 269 1018 297 cor
1038 258 1176 310 primi
1197 264 1241 298 et
1263 259 1519 300 doctissimi
1539 261 1681 301 totius
1701 261 1860 302 dictae·

211 326 424 375 schoIae,
450 328 529 378 qui
551 328 691 367 etiam
712 333 826 368 voto
848 340 898 368 se
918 329 1054 369 nobis
1075 328 1303 381 adjunxit.

296 397 379 438 Est
409 404 453 438 et
480 399 648 438 nobilis
676 399 887 451 quidam,
917 400 1059 440 etiam
1086 401 1203 441 bene
1229 401 1396 442 doctus
1424 408 1468 443 et
1494 403 1617 454 pius,
1648 403 1855 455 ejusdem

212 469 427 519 scholae,
468 470 646 509 habens
682 471 1087 522 opulentissimum
1121 473 1476 524 canonicatum,
1516 475 1594 526 qui
1629 475 1770 515 etiam
1806 486 1854 514 se

213 540 350 580 nobis
372 540 600 592 adJ'unxit.

296 611 355 651 Et
377 613 485 663 quia
511 614 763 654 occasione
783 614 952 655 horum
973 614 1170 655 duorum
1190 617 1503 667 posteriorum
1523 617 1685 658 variae
1713 619 1855 659 tribu-

213 683 416 723 lationes
438 695 695 735 exsurgere
717 692 969 737 coeperant
992 686 1049 725 ab
1072 687 1344 727 eorumdem
1372 689 1644 739 parentibus
1672 695 1717 730 et
1743 691 1854 730 ami—

211 755 279 794 cis
304 761 349 795 et
370 768 396 795 a
420 754 632 806 Regente
654 754 863 806 ejusdem
884 757 1094 808 scholae,
1118 764 1255 809 prout
1286 770 1393 798 cum
1418 759 1580 799 ultimo
1606 762 1855 801 veredario

213 828 397 878 prolixe
420 827 612 878 scripsi,
646 828 798 868 coacti
825 828 999 868 fuimus
1025 828 1111 868 hos
1139 829 1256 869 duos
1283 841 1389 870 cum
1417 831 1541 871 dicto
1569 830 1780 873 Arnoldo
1811 840 1855 873 et

218 898 428 950 Rugerio
450 899 635 939 mittere
658 899 924 951 Coloniam,
949 911 1039 951 quo
1062 900 1231 941 ibidem
1253 902 1405 953 quiete
1426 903 1605 954 possint
1631 903 1857 955 perficere

212 970 369 1011 studia
390 982 489 1011 sua.

291 1043 421 1083 Inter
442 1042 534 1082 hoc
566 1042 778 1082 dedimus
807 1043 1031 1083 exercitia
1062 1044 1247 1084 cuidam
1273 1045 1512 1085 licentiato
1539 1058 1704 1086 sacrae
1731 1047 1855 1087 theo-

214 1115 390 1166 logiae,
415 1115 522 1154 viro
552 1114 935 1166 quadragenario
963 1121 1007 1155 et
1035 1116 1172 1156 valde
1201 1116 1496 1157 aedificativo
1522 1118 1568 1157 in
1596 1118 1721 1158 omni
1749 1129 1854 1158 con-

212 1186 483 1227 versatione
499 1197 600 1236 sua,
620 1186 932 1237 eleemosynis
950 1198 1005 1226 ac
1023 1187 1126 1226 aliis
1142 1188 1231 1238 piis
1252 1189 1485 1239 operibus,
1505 1194 1574 1228 est
1597 1189 1719 1229 enim
1740 1189 1856 1229 satis

214 1259 348 1298 dives
370 1263 414 1298 et
436 1257 693 1298 canonicus
714 1257 1049 1308 Tornacensis,
1080 1258 1250 1299 dedito.
1276 1260 1332 1299 Et
1353 1260 1427 1299 hic
1445 1272 1633 1312 quoque
1662 1266 1775 1300 voto
1806 1272 1854 1300 se

212 1329 438 1370 Societati
458 1329 638 1369 addixit
660 1328 686 1370 ¹.

294 1401 412 1442 Sunt
434 1406 478 1441 et
500 1401 579 1440 alii
601 1400 691 1441 duo
714 1400 921 1452 ejusdem
942 1402 1082 1442 studii
1100 1414 1207 1443 cum
1226 1402 1479 1454 praedictis
1505 1403 1727 1443 fratribus
1746 1436 1753 1453 ‚
1778 1404 1854 1455 qui

211 1486 238 1513 a
260 1473 425 1525 paucis
458 1471 829 1513 hebdomadibus
856 1473 1051 1513 firmiter
1077 1480 1342 1514 statuerunt
1370 1474 1520 1514 dictos
1545 1474 1717 1515 fratres
1748 1475 1857 1515 hinc

211 1545 381 1585 missos
405 1544 539 1595 sequi
560 1549 604 1584 et
625 1555 686 1584 se.
704 1543 927 1584 Societati
955 1543 1232 1597 adjungere;
1266 1544 1514 1596 diligenter
1545 1546 1859 1586 observantur

210 1617 270 1656 ab
294 1615 584 1656 adversariis
606 1621 651 1655 et
673 1627 836 1655 eorum
857 1627 1018 1655 curam
1040 1616 1310 1667 gerentibus
1335 1628 1393 1656 ne
1419 1615 1510 1656 hoc
1541 1622 1743 1668 tentent;
1777 1616 1860 1657 sed

208 1700 308 1729 non
330 1694 400 1728 est
423 1687 671 1728 consilium
693 1692 858 1727 contra
879 1687 1155 1737 Dominum3
1179 1688 1331 1739 prima
1354 1688 1603 1728 occasione
1625 1694 1670 1728 et
1691 1699 1858 1739 oppor-

207 1759 410 1800 tunitate
444 1759 711 1799 clanculum
743 1758 801 1798 ad
827 1758 999 1798 fratres
1026 1759 1188 1810 sugere
1222 1759 1480 1799 intendunt.
1509 1759 1625 1800 Sunt
1652 1765 1696 1799 et
1724 1760 1772 1799 hi
1800 1771 1859 1799 ex

209 1830 513 1872 doctioribus
535 1836 580 1870 et
601 1830 870 1881 praecipuis
892 1829 1046 1870 dictae
1066 1831 1271 1871 scholae.

293 1902 476 1943 Damus
499 1901 640 1942 modo
662 1902 890 1941 exercitia
907 1902 1095 1941 cuidam
1115 1901 1324 1953 ejusdem
1344 1913 1462 1954 pene
1483 1902 1624 1942 studii
1645 1902 1727 1942 sed
1749 1903 1858 1942 alte-

208 1975 307 2015 rius
329 1974 525 2014 scholae
543 1972 726 2025 juveni,
750 1973 830 2024 qui
851 1972 993 2013 etiam
1014 1985 1063 2013 se
1084 1973 1217 2013 nobis
1239 1972 1496 2025 adjungere
1519 1974 1667 2025 cupit,
1697 1979 1859 2025 estque

208 2045 348 2086 valde
372 2045 700 2086 aedificativus
722 2050 767 2085 et
783 2044 997 2096 placidus
1013 2043 1214 2096 juvenis.
1414 2041 1419 2045 “

288 2117 372 2157 Est
402 2122 448 2156 et
482 2115 673 2168 quidam
700 2116 891 2156 natione
922 2114 1120 2167 SardUS,
1150 2115 1358 2167 ejusdem
1381 2128 1500 2168 pene
1526 2116 1685 2166 studii,
1718 2116 1859 2156 etiam

210 2188 350 2228 valde
373 2188 719 2236 aedificativus‚
737 2187 900 2228 firmus
922 2193 967 2227 et
983 2186 1172 2228 fervens
1192 2188 1240 2228 in
1255 2187 1473 2238 Domino,
1493 2187 1571 2239 qui
1587 2188 1729 2228 etiam
1747 2193 1859 2228 voto

212 2265 257 2300 et
280 2260 579 2300 habitatione
601 2271 651 2299 se
673 2259 808 2299 nobis
830 2258 1063 2310 adjunxit3
1088 2264 1133 2299 et
1154 2258 1229 2299 hic
1251 2260 1308 2299 ab
1330 2258 1526 2299 infantia
1547 2259 1716 2310 ubique
1737 2259 1857 2299 loco-

214 2342 318 2372 rum
340 2331 462 2371 solet
485 2331 607 2371 male
629 2331 819 2379 habere,
840 2332 1064 2382 languere
1081 2337 1124 2370 et
1144 2330 1210 2370 uti
1231 2330 1377 2371 variis
1397 2330 1688 2371 medicorum
1704 2330 1858 2370 consi-

208 2403 297 2453 liis3
318 2408 578 2454 postquam
600 2414 715 2442 vero
736 2403 871 2453 plene
892 2408 937 2442 et
953 2401 1042 2441 fide
1064 2414 1114 2442 se
1134 2402 1271 2442 nobis
1292 2400 1518 2453 adjunxit,
1535 2401 1649 2442 nihil
1669 2401 1859 2441 omnino

208 2474 384 2514 horum
406 2485 576 2526 passus
597 2480 688 2522 est,
712 2485 799 2513 nec
821 2472 1017 2524 alicujus
1037 2473 1205 2513 medici
1237 2473 1495 2525 corporalis
1523 2473 1717 2513 consilio
1746 2483 1858 2512 usus

209 2550 279 2586 est
301 2558 389 2586 nec
414 2545 509 2585 ulla
529 2545 761 2596 singulari
780 2545 1006 2596 portione⁴
1023 2543 1037 2562 ‘³
1064 2551 1144 2585 aut
1171 2544 1406 2596 corporali
1433 2544 1742 2584 subventione
1776 2544 1856 2584 ali-

208 2628 316 2668 qua.
342 2617 400 2657 Et
424 2623 599 2667 tamen,
620 2616 823 2657 Domino
845 2616 1147 2668 concedente,
1172 2616 1337 2656 melius
1356 2616 1582 2668 paulatim
1605 2615 1757 2667 coepit
1779 2615 1859 2655 ha-

210 2689 319 2729 bere
347 2695 392 2729 et
415 2688 570 2729 adhuc
592 2688 757 2728 melius
778 2688 918 2728 habet
945 2699 1086 2740 quam
1116 2694 1213 2727 toto
1241 2694 1449 2739 tempore
1479 2687 1606 2727 vitae
1634 2687 1794 2738 elapso
1821 2685 1849 2727 ³.

209 2760 494 2800 Benedictus
515 2759 750 2800 Dominus
769 2759 816 2799 in
837 2759 1068 2800 omnibus.

265 2849 275 2868 ¹
323 2849 503 2883 Quintinus
519 2849 701 2884 Charla1·t‚
717 2850 756 2877 de
771 2857 836 2884 quo
851 2857 966 2884 supra.
1421 2880 1426 2885 ,

259 2898 274 2917 ²
316 2897 468 2925 Vocibus
485 2897 558 2924 ulla
576 2898 753 2932 portione,
767 2905 912 2932 quarum
926 2905 1059 2925 sensum
1075 2898 1133 2925 vix
1153 2902 1211 2925 aut
1236 2905 1276 2924 ne
1300 2898 1358 2925 vix
1374 2897 1508 2932 quidem
1529 2897 1550 2924 ii
1573 2900 1735 2931 caperent
1753 2896 1808 2930 qui
1825 2895 1859 2922 in

206 2945 371 2972 domuum
390 2945 631 2979 religiosarum
646 2946 761 2972 usibus
775 2952 841 2972 non
856 2945 922 2973 sint
934 2945 1076 2977 versati,
1091 2945 1267 2972 substituit
1287 2945 1453 2972 Polaticus
1469 2944 1539 2971 ullo
1554 2945 1636 2971 cibo.

260 2992 275 3011 ³
323 2992 442 3020 Sermo
457 2996 509 3019 est
524 2992 564 3019 de
580 2991 684 3019 Petro
699 2992 840 3027 Spigha.
