2074 3179
268 153 340 190 502
782 155 1010 193 LITTERAE
1037 167 1395 199 QUADRIMESTRES

1014 611 1203 665 CXIX

339 835 386 871 Ρ.
409 835 632 874 Adrianus
651 837 980 877 Adriaenssens

387 901 507 939 Patri
528 902 698 950 Ignatio
720 904 773 942 de
792 904 977 954 Loyola.

433 966 648 1015 Lovanio,
668 969 691 1006 8
709 969 910 1016 Januarii
931 970 1022 1008 1552
1041 971 1066 1006 ¹.

1046 1145 1144 1223 ulis

341 1323 506 1364 Gratia
527 1324 717 1365 Domini
737 1315 897 1366 Nostri
922 1325 1034 1378 Jesu
1060 1326 1143 1367 X.i
1173 1338 1279 1367 cum
1306 1327 1518 1367 omnibus
1548 1327 1697 1366 nobis.
1732 1326 1900 1366 Arnen.

340 1394 676 1436 Amantissime
723 1397 863 1437 Pater
883 1410 890 1438 :
935 1397 1259 1438 intellexeram
1301 1398 1354 1438 20
1377 1452 1379 1454 -
1398 1397 1673 1438 Decembris
1716 1403 1904 1449 postam

259 1466 508 1518 quemdam
543 1468 603 1508 ad
636 1468 798 1508 urbem
825 1469 1162 1520 profecturum.
1195 1467 1273 1509 Sic
1304 1481 1587 1521 paraveram
1618 1468 1663 1508 17
1696 1467 1903 1519 ejusdem

257 1539 438 1579 litteras
459 1537 494 1589 ²,
526 1551 643 1591 quas
669 1551 794 1580 nunc
825 1540 978 1592 mitto,
1011 1541 1121 1592 quia
1148 1541 1222 1580 ille
1250 1548 1386 1592 posta
1414 1552 1506 1581 non
1535 1540 1619 1580 fuit
1646 1539 1899 1591 profectus.

254 1608 474 1650 Referam
495 1598 609 1662 ergo
631 1623 749 1663 quae
772 1612 950 1652 interea
972 1612 1278 1664 contigerint.

334 1681 506 1722 Rector
528 1680 665 1733 hujus
686 1682 1022 1723 Universitatis
1044 1684 1244 1723 multum
1265 1683 1500 1723 laboravit
1521 1688 1570 1722 ut
1586 1683 1796 1734 placaret
1813 1680 1900 1721 Re-

253 1758 461 1803 gentem‚
499 1752 630 1805 cujus
665 1753 711 1793 in
747 1754 851 1794 aliis
885 1754 1052 1794 litteris
1087 1754 1361 1805 saepissime
1390 1754 1600 1805 memini,
1633 1753 1898 1794 inducendo

252 1823 467 1864 eumdem
486 1836 543 1864 ne
565 1830 729 1865 contra
751 1837 836 1865 nos
859 1831 939 1866 aut
959 1826 1035 1866 hic
1057 1832 1137 1866 aut
1158 1826 1204 1866 in
1231 1826 1363 1866 curia
1390 1825 1599 1876 Reginae
1631 1825 1899 1865 institueret

252 1896 393 1936 litem.
427 1895 614 1947 Regens
642 1908 756 1936 vero
792 1896 877 1937 fuit
907 1903 1176 1948 contentus,
1199 1896 1280 1937 sed
1304 1897 1393 1937 hac
1415 1896 1704 1937 conditione:
1728 1902 1778 1936 ut
1807 1907 1897 1947 ego

252 1967 508 2008 scriberem
529 1967 711 2008 litteras
733 1968 898 2020 quibus
919 1968 1091 2009 fratres
1109 1969 1327 2019 emissos,
1347 1969 1393 2008 in
1409 1969 1583 2009 Virtute
1602 1967 1894 2008 obedientiae

252 2050 529 2079 revocarem
547 2045 591 2079 et
607 2039 799 2079 eaedem
816 2039 904 2080 hae
920 2040 1104 2080 litterae
1120 2040 1420 2080 firmarentur
1435 2040 1588 2092 sigillo
1605 2039 1896 2081 Universita-

251 2111 332 2161 tis,
357 2117 401 2151 et
423 2111 488 2151 ita
509 2111 608 2163 ipse
628 2110 817 2162 Regens
839 2123 945 2152 cum
965 2111 1039 2152 his
1060 2112 1224 2152 litteris
1253 2112 1576 2164 insequeretur
1602 2111 1772 2152 fratres
1793 2122 1893 2151 eos-

250 2194 337 2234 que
358 2182 620 2222 reduceret.
644 2182 746 2233 Ego
767 2183 954 2234 saepius
976 2183 1036 2223 ad
1058 2183 1175 2223 haec
1193 2189 1237 2223 et
1254 2183 1422 2223 similia
1438 2183 1661 2235 respondi
1681 2194 1773 2222 non
1793 2193 1895 2223 esse

249 2254 296 2293 in
323 2265 427 2293 mea
448 2259 681 2305 potestate
709 2253 886 2305 aliquid
915 2253 1159 2306 injungere
1188 2255 1234 2294 in
1263 2254 1438 2295 virtute
1465 2254 1779 2304 obedientiae,
1808 2265 1896 2294 nec

248 2336 335 2365 nos
355 2336 461 2364 eam
481 2324 655 2365 habere
677 2325 1084 2376 consuetudinem;
1110 2326 1276 2366 deinde
1298 2325 1447 2366 dictos
1476 2325 1647 2366 fratres
1674 2337 1767 2366 non
1798 2336 1893 2365 am-

249 2396 369 2447 plius
389 2407 492 2436 esse
514 2396 598 2436 sub
621 2396 886 2437 obedientia
918 2409 1020 2437 mea
1049 2397 1131 2437 sed
1159 2395 1258 2449 ejus
1286 2409 1368 2438 seu
1397 2408 1561 2438 eorum
1588 2408 1695 2438 cum
1724 2396 1893 2448 quibus

249 2473 371 2508 sunt.
395 2467 486 2508 Sed
509 2468 598 2508 ista
620 2468 881 2520 intelligere
901 2475 1154 2520 nequeunt.
1178 2468 1288 2509 Post
1309 2469 1426 2509 haec
1447 2469 1570 2509 idem
1595 2468 1782 2519 Regens
1814 2478 1888 2507 ea-

250 2540 356 2579 dem
378 2539 574 2579 contulit
595 2551 701 2579 cum
723 2540 927 2591 quodam
949 2539 1141 2580 doctore
1162 2541 1449 2592 theologiae,
1474 2540 1613 2580 unico
1642 2539 1793 2579 amico
1814 2550 1895 2578 no-

249 2618 369 2662 stro,
394 2616 438 2651 et
460 2622 567 2651 cum
592 2610 832 2650 lachrimis
861 2612 1007 2651 multa
1034 2611 1099 2651 illi
1126 2611 1263 2662 dixit,
1288 2611 1352 2652 ita
1380 2618 1430 2652 ut
1458 2611 1580 2651 idem
1608 2610 1773 2650 doctor
1800 2608 1898 2661 jam

307 2795 317 2815 ¹
357 2795 606 2830 Autographae
622 2795 761 2822 litterae
777 2795 921 2823 Adriani
938 2800 1015 2824 sunt
1031 2796 1064 2824 in
1080 2797 1206 2831 duplici
1221 2797 1300 2824 folio
1321 2804 1352 2824 n.
1376 2796 1530 2824 140.-Ex
1552 2797 1620 2831 his,
1636 2800 1673 2824 ut
1688 2796 1793 2824 moris
1808 2799 1896 2830 erat,

252 2843 420 2877 quaedam
435 2844 606 2877 excerpsit
624 2843 792 2870 Polancus
807 2843 840 2870 in
858 2843 1043 2872 Societatis
1059 2845 1175 2872 domos
1197 2845 1474 2886 transmittenda.
1497 2844 1627 2872 Horum
1650 2848 1766 2872 autem
1781 2851 1899 2872 excer-

250 2893 387 2924 ptorum
403 2891 567 2917 habemus
583 2890 794 2924 exemplaria
810 2891 884 2918 duo:
901 2899 1003 2919 unum
1027 2892 1060 2919 in
1085 2892 1248 2919 Historia
1270 2893 1387 2924 varia,
1411 2893 1479 2920 vol.
1506 2900 1526 2926 1,
1553 2892 1608 2920 sol.
1622 2893 1683 2926 29&
1701 2893 1849 2920 alterum
1864 2892 1898 2919 in

250 2937 335 2965 Cod.
352 2938 431 2972 1551,
448 2939 505 2965 soi.
521 2939 547 2965 5.

306 2984 320 3004 2
358 2986 428 3013 Eas
440 2986 545 3014 habes
558 2994 670 3021 supra,
687 2994 717 3014 n.
735 2986 802 3019 CX,
817 2993 895 3021 pag.
907 2987 970 3014 452.
