2074 3179
285 141 353 178 180
797 143 1024 182 LITTERAE
1051 156 1408 187 QUADRIMESTRES

283 237 594 279 Sacramento
617 250 674 279 en
695 240 806 290 ella,
831 252 888 279 en
910 240 1190 280 hazimiento
1212 241 1267 281 de
1288 243 1501 294 gracias;
1530 256 1559 294 y
1588 243 1838 284 escribiose
1860 257 1916 285 en

281 309 323 348 el
344 309 479 349 misal
501 311 542 350 el
562 311 638 351 dia
660 311 780 351 dela
802 323 911 362 paz,
937 311 1151 352 diziendo
1180 324 1269 364 que
1299 314 1418 354 cada
1447 317 1537 354 ano
1566 314 1660 354 han
1690 314 1747 355 de
1775 315 1917 356 hazer

281 382 418 433 aquel
440 382 516 422 dia
544 381 677 422 fiesta
704 383 908 422 solemne
938 369 965 422 a
991 382 1142 423 honor
1171 396 1203 435 y
1233 383 1383 424 honra
1414 385 1471 425 de
1503 385 1643 436 Dios,
1676 398 1764 438 que
1786 393 1915 427 tanto

280 451 386 492 bien
406 453 473 493 les
494 453 634 493 habia
657 453 828 504 hecho,
862 465 996 494 como
1032 454 1108 494 dia
1139 453 1195 495 de
1225 466 1279 495 su
1309 456 1613 508 nacimiento,
1647 468 1763 509 pues
1789 469 1847 498 en
1875 460 1916 498 e'l

278 523 450 563 habian
472 524 718 564 renascido
748 536 836 576 por
857 536 911 564 su
930 525 1093 576 gracia
1115 538 1145 577 y
1167 526 1437 566 clemencia.
1470 526 1541 567 De
1571 528 1680 568 todo
1713 541 1762 569 se
1794 529 1915 571 dela

277 594 429 643 gloria
451 597 477 634 a
500 595 543 634 la
568 592 727 635 divin'a
748 595 1010 647 Magestad.

1022 1025 1159 1078 LIV

340 1253 386 1290 P.
406 1253 709 1302 Hieronymus
732 1255 987 1292 Domenech

388 1319 506 1357 Patri
528 1320 699 1368 Ignatio
719 1320 773 1358 de
793 1320 978 1367 Loyola.

435 1384 671 1433 Panormo,
696 1386 740 1423 15
759 1386 989 1424 Februarii
1012 1385 1103 1422 1550
1123 1386 1148 1421 ¹.

1040 1534 1137 1611 nis

264 1676 371 1712 Copia
397 1678 593 1705 litterarum
628 1677 821 1705 Reverendi
843 1677 956 1705 Patris
984 1677 1024 1705 D.
1054 1678 1227 1714 Jeronymi
1251 1677 1448 1706 Domenech
1479 1678 1638 1706 Panormi
1671 1679 1704 1706 15
1727 1678 1907 1706 Februarii

317 1725 525 1759 scriptarum
552 1726 594 1753 ad
619 1733 714 1752 suum
735 1725 768 1752 in
797 1724 933 1752 Christo
956 1725 1095 1753 Patrem
1115 1725 1354 1752 Reverendum
1371 1725 1511 1754 Patrem
1535 1726 1574 1753 D.
1591 1726 1763 1761 Ignatium
1779 1725 1905 1753 Romae

316 1777 488 1807 agentem.

341 1880 507 1921 Gratia
528 1880 721 1921 Domini
740 1882 904 1931 nostri,
930 1888 1015 1921 etc.

338 1950 559 1992 Debitum
582 1952 895 2002 obedientiae,
921 1964 1011 2004 qua
1034 1958 1200 2003 quarto
1223 1964 1406 2004 quoque
1433 1963 1593 1993 mense
1615 1952 1819 1993 scribere
1841 1959 1901 1993 te-

256 2034 421 2063 nemur
443 2035 513 2074 ea,
540 2035 659 2075 quae
680 2023 911 2064 Dominus
942 2035 1024 2075 per
1044 2022 1329 2064 Societatem
1355 2029 1566 2064 nostram
1591 2029 1660 2064 est
1681 2008 1903 2076 operatus

256 2093 425 2134 horum
446 2095 671 2135 nobilium
692 2094 871 2146 favore,
895 2095 973 2146 qui
994 2095 1129 2135 nobis
1151 2106 1291 2147 quam
1314 2094 1519 2135 maxime
1540 2094 1831 2146 profuerunt,
1859 2102 1902 2136 et

254 2165 409 2206 adhuc
431 2173 630 2218 prosunt
653 2167 968 2217 declarantes,
1000 2172 1049 2206 ut
1075 2164 1278 2206 Vestrae
1304 2165 1618 2207 Reverentiae
1644 2178 1728 2218 per
1749 2166 1901 2206 solva-

252 2248 376 2288 mus,
403 2238 671 2279 scribuntur
692 2238 895 2287 litterae,
921 2249 1026 2278 cum
1052 2237 1235 2278 Rev.dus
1256 2237 1395 2278 Pater
1417 2238 1607 2290 Laynez
1624 2250 1708 2290 per
1732 2238 1899 2278 nimias

251 2309 588 2361 occupationes
610 2310 655 2349 id
677 2316 921 2361 praestare
941 2314 1156 2361 nequeat.

330 2379 587 2432 Postquam
609 2381 826 2421 undecim
847 2379 860 2398 ²¹
882 2380 945 2420 illi
966 2380 1157 2431 fratres,
1183 2380 1261 2432 qui
1281 2380 1417 2421 istinc
1439 2385 1682 2431 venerant,
1706 2379 1796 2420 huc
1820 2392 1893 2431 ap—

304 2493 314 2512 ¹
356 2492 427 2519 Has
450 2493 588 2520 litteras
603 2493 778 2527 hispanice
796 2500 815 2519 a
830 2491 1059 2520 Domenechio
1081 2492 1231 2526 scriptas
1253 2493 1343 2520 haud
1373 2492 1584 2526 dubitamus;
1600 2491 1659 2519 sed
1680 2491 1895 2526 hispanicum

247 2539 502 2574 autographum
517 2540 559 2566 ad
574 2547 635 2567 nos
649 2547 753 2574 usque
770 2547 835 2567 non
850 2540 1018 2574 pervenit.
1035 2539 1209 2567 Habemus
1226 2543 1341 2568 tamen
1355 2539 1613 2574 adversarium,
1628 2539 1767 2566 Polanci
1791 2539 1895 2573 ipsius

246 2594 348 2614 manu
373 2587 601 2621 emendatum,
622 2587 792 2614 versionis
808 2587 936 2614 latinae
963 2587 995 2614 in
1017 2587 1113 2621 folio,
1131 2587 1183 2615 cui
1208 2588 1241 2615 in
1264 2588 1409 2622 pristino
1424 2587 1571 2615 archivii
1587 2587 1703 2614 ordine
1719 2586 1892 2620 obtigerat

248 2641 338 2661 num.
353 2633 396 2665 80.
411 2641 499 2661 nunc
517 2638 630 2661 autem
646 2634 689 2661 11.

301 2681 315 2701 Ξ
356 2681 517 2716 Magnam
543 2682 582 2709 de
607 2689 747 2709 numero
773 2689 900 2717 eorum,
927 2684 981 2717 qui
1006 2682 1105 2717 primi
1130 2683 1162 2710 in
1185 2683 1469 2710 Panormitanum
1491 2681 1681 2716 Collegium
1701 2682 1744 2708 ab
1759 2680 1893 2716 Ignatio

249 2729 342 2763 missi
358 2734 448 2763 sunt,
465 2730 736 2757 controversiam
750 2734 866 2758 movet
882 2731 1060 2765 Aguilera,
1077 2734 1111 2758 et
1126 2730 1260 2765 quidem
1283 2730 1493 2758 auctoritate
1517 2729 1621 2757 trium
1642 2728 1890 2757 vetustissimo-

250 2784 325 2804 rum
340 2778 494 2805 codicum
510 2777 677 2811 suffultuS,
693 2777 746 2805 his
760 2778 887 2805 verbis:
904 2777 1035 2812 Itaque,
1052 2778 1216 2815 inclinato
1228 2778 1299 2813 jam
1315 2777 1526 2812 Septembri,
1542 2785 1558 2804 e
1575 2777 1702 2804 nostris
1717 2776 1891 2803 duodecim

247 2823 454 2852 Panormum
470 2825 650 2859 appulere,
667 2832 732 2852 non
747 2832 830 2852 vero
846 2825 899 2853 his
912 2825 1107 2860 pauciores;
1121 2832 1200 2852 nam
1214 2826 1269 2860 qui
1285 2832 1408 2853 novem
1423 2825 1570 2859 primum
1585 2824 1719 2851 venisse
1734 2823 1891 2854 tradidit.

245 2879 353 2906 neque
369 2872 607 2899 vetustissima
623 2872 826 2901 documenta
841 2873 1022 2907 consuluit,
1037 2880 1145 2907 neque
1169 2880 1246 2900 cum
1270 2873 1413 2900 Bartolo
1429 2875 1605 2906 consonat,
1629 2879 1668 2899 eo
1689 2871 1728 2898 de
1752 2878 1890 2898 numero

243 2919 386 2946 disserte
404 2923 590 2947 statuente.
607 2919 643 2946 ld
659 2920 794 2954 quidem
809 2928 846 2948 eo
861 2921 1045 2956 contigisse
1061 2921 1224 2954 arbitror,
1245 2921 1333 2955 quod
1357 2921 1390 2948 in
1413 2920 1563 2955 antiquis
1580 2919 1752 2947 codicibus
1767 2925 1890 2945 novem

241 2964 425 2996 dumtaxat
437 2967 620 3002 ,expressis
645 2968 834 2996 nominibus
858 2972 1073 3002 censeantur3
1099 2972 1170 2996 tres
1193 2975 1276 2995 vero
1301 2958 1422 3003 reliqui
1448 2966 1673 2996 dissimulatis
1699 2966 1889 2994 nominibus-
