2074 3179
907 206 991 243 AN.
1022 205 1108 242 1551
1755 201 1823 237 441

194 299 311 340 simo
328 300 519 351 supplir;
542 307 586 340 et
604 301 691 340 alle
712 302 836 342 volte
857 301 1005 341 siamo
1023 298 1244 356 chiamati
1264 298 1324 338 da
1341 308 1541 349 persone
1560 297 1763 336 amalate
1785 302 1829 336 et

197 370 360 410 alcune
387 371 429 410 d’
454 371 580 410 assai
610 371 916 423 importanza.
941 372 1063 412 Altri
1092 381 1311 422 vengono
1337 380 1418 420 per
1439 367 1679 407 risolversi
1700 366 1743 405 d’
1769 367 1829 405 31-

197 451 287 480 cun
303 441 455 491 dubio,
474 441 580 481 altri
597 442 861 482 vorrebono
879 441 1075 494 qualche
1091 441 1278 481 lettione
1293 438 1592 490 particolare,
1609 443 1653 477 et
1666 448 1830 489 spesso

195 510 334 562 leggo
374 511 482 552 delli
519 513 699 564 psalmi.
742 513 775 553 Il
815 513 946 553 Rmo.
972 512 1151 563 Legato
1186 523 1274 551 con
1307 510 1449 550 molta
1484 508 1754 548 confidenza
1789 507 1832 546 ci

198 582 383 622 chiama
415 589 459 622 et
486 583 691 635 adopera
721 585 830 624 nelli
859 584 957 624 casi
985 583 1026 622 d'
1056 583 1259 632 heresia‚
1290 580 1524 621 visitando
1548 578 1746 631 qualche
1767 578 1830 618 in-

196 659 442 693 carcerato
463 660 507 693 et
529 655 741 694 vedendo
763 655 868 694 libri
888 654 1098 705 sospetti3
1122 654 1264 693 etiam
1285 652 1331 692 di
1352 662 1549 702 persone
1575 649 1622 689 di
1639 649 1765 690 fama
1787 656 1831 689 et

198 724 495 776 predicatori,
521 730 608 765 etc.

277 796 439 845 Quello
456 796 667 845 vecchio,
688 796 750 836 dil
766 796 901 847 quale
920 795 1218 835 scrivessimo
1240 793 1325 833 che
1341 804 1424 844 per
1446 791 1728 832 ostinatione
1745 802 1830 830 sua

198 877 276 905 era
300 872 422 906 stato
444 878 566 907 nove
588 879 613 906 o
635 866 754 906 dieci
774 866 885 906 anni
912 867 957 906 in
979 866 1193 917 prigione
1216 864 1461 905 durissima
1486 868 1529 902 et
1551 861 1830 902 condemna-

198 937 294 976 tovi
319 948 403 988 per
429 948 634 989 sempre,
664 937 904 977 essendosi
931 936 1144 988 abjurato
1174 942 1218 976 et
1252 939 1506 976 trattenuto
1538 935 1616 985 qul
1643 933 1690 972 in
1721 944 1833 972 casa

197 1007 242 1046 di
273 1007 564 1058 Monsignor,
603 1008 769 1048 adesso
804 1019 917 1060 pare
953 1013 1082 1048 tanto
1115 1007 1348 1047 catholico
1384 1011 1429 1045 et
1459 1005 1505 1044 in
1532 1004 1683 1044 verita
1714 1003 1830 1043 rico-

197 1088 374 1128 gnosce
396 1078 424 1118 l'
444 1090 574 1118 error
603 1090 686 1118 suo
717 1085 761 1119 et
789 1091 877 1119 con
898 1079 1081 1119 mirabil
1102 1078 1289 1118 fervore
1320 1076 1473 1117 studia
1505 1076 1546 1115 le
1575 1086 1684 1115 cose
1712 1074 1833 1114 della

199 1148 302 1188 fede
325 1149 570 1197 catholica,
596 1150 845 1189 scrivendo
867 1155 1031 1189 contra
1058 1149 1123 1200 gli
1143 1148 1359 1196 heretici,
1385 1147 1431 1187 di
1452 1147 1591 1187 modo
1614 1146 1699 1186 che
1720 1157 1833 1197 pare

198 1225 480 1258 novamente
501 1220 731 1270 nasciutO,
756 1232 844 1260 con
863 1221 1043 1271 grande
1065 1219 1356 1260 edificatione
1378 1218 1484 1258 delli
1504 1217 1642 1257 fedeli
1664 1222 1708 1256 et
1726 1228 1830 1256 con-

196 1289 377 1329 fusione
395 1290 520 1341 degli
537 1290 812 1341 adversarii,
834 1292 918 1331 che
936 1293 1014 1343 qui
1035 1303 1128 1331 non
1150 1301 1395 1339 mancano;
1420 1300 1506 1340 pur
1529 1289 1570 1328 ci
1590 1294 1831 1328 mostrano

194 1360 339 1400 haver
366 1360 444 1412 piu
471 1361 665 1412 rispetto
695 1362 779 1401 che
807 1362 981 1413 prima3
1013 1369 1057 1402 et
1087 1362 1133 1401 in
1164 1361 1360 1412 qualche
1389 1359 1705 1400 conventiculi
1734 1370 1830 1398 sus-

194 1432 331 1482 petti‚
365 1432 487 1472 dove
518 1438 641 1472 sotto
670 1438 884 1484 pretexto
917 1433 963 1472 di
991 1433 1380 1484 raggionamento
1413 1431 1652 1482 spirituale
1690 1430 1729 1469 si
1759 1441 1830 1469 so-

193 1502 350 1552 gliono
379 1502 476 1542 dire
501 1514 609 1542 cose
626 1503 858 1554 pestifere,
886 1504 1226 1544 ritrovandomi
1243 1509 1287 1543 et
1314 1502 1556 1554 pigliando
1578 1502 1622 1541 la
1643 1501 1826 1552 parola,

191 1573 375 1613 almeno
412 1574 715 1614 dissimulano
750 1574 781 1614 li
809 1575 912 1614 suoi
940 1574 1143 1615 concetti
1168 1585 1252 1625 per
1279 1573 1464 1622 alhora,
1489 1578 1532 1612 et
1569 1572 1724 1611 alcuni
1752 1571 1831 1622 gia

195 1644 446 1684 macchiati
467 1656 685 1696 vengono
707 1657 733 1684 a
758 1645 929 1685 ridursi
951 1647 1040 1685 alla
1063 1645 1300 1697 syncerita
1330 1644 1449 1684 della
1477 1643 1597 1683 fede.

276 1714 437 1766 Quello
472 1715 658 1766 hebreo,
697 1716 769 1756 del
800 1717 936 1768 quale
970 1716 1016 1756 fu
1051 1716 1130 1767 gia
1166 1716 1343 1765 scritto,
1381 1715 1585 1765 giovanc
1621 1713 1666 1753 di
1702 1713 1832 1752 venti

195 1786 320 1837 anni,
345 1786 390 1826 di
411 1787 555 1826 molto
576 1787 731 1827 buono
755 1787 942 1838 ingenio
970 1793 1013 1827 et
1038 1787 1260 1838 giudicio‚
1285 1793 1328 1826 et
1353 1786 1478 1826 assai
1505 1790 1694 1825 versato
1713 1784 1832 1823 nelle

197 1857 414 1897 scritture
437 1857 703 1909 hebraiche,
729 1858 926 1898 essendo
949 1864 1071 1898 stato
1100 1870 1191 1898 con
1218 1858 1317 1907 noi,
1354 1868 1488 1897 come
1509 1868 1600 1896 uno
1623 1855 1729 1895 delli
1750 1867 1833 1894 no-

197 1927 280 1967 stri
300 1926 488 1978 fratelli,
513 1928 592 1979 piu
614 1928 660 1968 di
681 1940 742 1968 un
765 1941 912 1978 mese,
937 1929 1203 1969 finalmente
1224 1940 1306 1980 pei·
1330 1928 1485 1979 gratia
1507 1927 1548 1966 d'
1573 1926 1717 1977 Iddio‚
1744 1937 1833 1965 con

196 1999 238 2038 13
269 1999 501 2047 oratione,
530 1999 697 2047 studio,
731 2000 913 2051 dispute
941 2008 985 2040 et
1017 2000 1139 2040 bona
1168 1999 1529 2039 conversatione
1563 1998 1624 2037 ha
1658 2008 1831 2047 cogno-

197 2070 347 2109 sciuto
368 2071 411 2109 13
433 2070 585 2109 verita
606 2082 630 2109 e
652 2070 864 2110 ricevuto
892 2071 923 2110 il
952 2070 1048 2111 Sto.
1080 2071 1329 2111 battesimo
1359 2082 1448 2109 con
1469 2080 1589 2119 gran
1620 2068 1833 2108 solemni-

195 2140 316 2190 tade3
339 2145 384 2180 et
406 2140 570 2180 adesso
593 2140 679 2180 che
696 2153 744 2180 se
761 2141 826 2192 gli
842 2153 1115 2192 proponeva
1133 2142 1323 2192 elegger
1340 2141 1479 2180 alcun
1501 2139 1674 2192 partito
1696 2150 1779 2190 pei·
1800 2139 1832 2178 il

197 2223 280 2250 suo
302 2216 400 2250 star
421 2217 465 2251 et
487 2211 636 2262 viver,
661 2211 762 2251 dice
792 2211 876 2251 che
905 2212 969 2262 gli
996 2212 1184 2263 pareria
1211 2223 1339 2251 esser
1368 2222 1521 2262 perso,
1557 2209 1765 2250 uscendo
1787 2209 1833 2248 di

198 2293 322 2332 casa,
347 2288 390 2322 et
411 2282 456 2322 fa
478 2282 657 2333 grande
691 2282 913 2322 instantia
935 2283 1020 2323 che
1041 2284 1085 2322 lo
1107 2283 1353 2323 riteniamo
1375 2294 1457 2334 per
1479 2288 1577 2322 star
1607 2281 1697 2321 alla
1729 2281 1830 2321 obe·

198 2353 370 2393 dientia
406 2353 525 2393 della
561 2353 874 2405 Compagnia,
912 2353 1184 2394 mostrando
1219 2354 1474 2394 bonissimo
1515 2353 1747 2404 principio
1787 2353 1832 2391 di

198 2431 311 2463 vera
333 2423 527 2463 humilta
555 2435 578 2463 e
605 2424 720 2463 total
748 2424 1050 2476 dispositione
1072 2425 1117 2465 di
1138 2425 1317 2465 servire
1346 2437 1372 2464 a
1400 2423 1491 2464 Dio
1522 2424 1568 2464 in
1589 2423 1755 2475 quella.
1779 2422 1833 2463 Ci

198 2506 310 2546 pare
329 2494 429 2545 che,
453 2495 662 2546 parendo
680 2495 770 2534 alla
791 2494 839 2535 P.
864 2495 942 2547 V.,
962 2508 1054 2536 non
1075 2497 1115 2536 si
1136 2500 1226 2547 puo
1247 2507 1470 2536 mancare
1491 2495 1536 2535 di
1557 2495 1831 2535 trattenerlo

198 2565 259 2605 fin
281 2578 307 2604 a
328 2565 473 2606 veder
494 2571 739 2605 constante
759 2577 905 2617 segno
928 2566 1049 2607 della
1070 2567 1318 2607 vocatione
1340 2578 1440 2617 sua,
1464 2566 1572 2617 qual
1593 2565 1655 2605 fin
1676 2567 1755 2616 qui
1771 2565 1831 2604 ha

197 2642 438 2686 mostrato,
469 2642 513 2676 et
533 2636 683 2676 anche
709 2648 991 2687 provaremo
1018 2639 1046 2677 l'
1066 2638 1259 2678 habilita
1288 2649 1395 2688 sua,
1421 2637 1506 2677 che
1526 2648 1640 2688 pare
1661 2635 1831 2675 habbia

197 2708 316 2747 nelle
340 2708 504 2748 lettere
525 2719 618 2746 non
638 2707 819 2748 minore
840 2708 925 2749 che
951 2709 982 2749 il
1009 2708 1254 2760 desiderio,
1285 2708 1370 2749 che
1403 2720 1490 2760 pur
1517 2719 1631 2759 pare
1667 2706 1830 2747 arden-

198 2778 392 2829 tissimo;
413 2785 457 2818 et
474 2777 855 2818 verisimilmente
871 2783 1009 2830 potra
1029 2779 1146 2819 bene
1167 2779 1402 2831 imparare
1424 2780 1467 2818 la
1485 2779 1645 2829 lingua
1666 2777 1827 2827 latina,

199 2848 415 2889 havendo
436 2849 516 2900 gia
542 2849 589 2888 in
615 2847 754 2899 pochi
780 2849 889 2889 anni
918 2850 1150 2902 imparato
1181 2849 1207 2890 l'
1237 2850 1446 2900 italiana,
1480 2848 1730 2901 spagnola,
1762 2854 1829 2888 tu-

197 2919 387 2969 descha‚
418 2918 663 2960 morescha
696 2924 740 2958 et
774 2920 1075 2972 turchescha,
1114 2922 1234 2962 oltra
1261 2921 1287 2960 l’
1317 2920 1553 2971 hebraica;
1587 2923 1612 2959 e
1632 2925 1755 2960 stato
1784 2920 1828 2959 al

198 2989 351 3041 Can-0,
377 2991 424 3031 in
444 2990 750 3039 Hierusalem,
774 2997 879 3043 etc„
903 2997 947 3032 et
968 2992 1007 3032 si
1027 2992 1318 3044 maraveglia
1341 3003 1473 3032 come
1493 2991 1548 3031 N.
1573 2990 1774 3041 Signore
1797 2990 1830 3029 li
