2074 3179
871 164 952 200 AN.
986 163 1076 201 1550
1724 163 1791 201 183

163 261 369 313 saepius,
393 259 559 312 majori
579 260 715 300 solito
738 260 979 310 diligentia
1001 259 1188 299 scholas
1208 258 1425 308 visitant,
1459 264 1666 310 tempore
1698 272 1789 300 rna-
1835 246 1838 249 ’

161 332 311 373 tutino
345 330 516 371 Missae
551 331 800 381 intersunt,
839 337 883 371 et
922 330 1083 370 diebus
1119 329 1365 369 dominicis
1401 335 1507 369 ante
1546 329 1791 381 prandium

161 403 476 444 concionibus.
501 401 732 452 Tempore
752 413 866 442 vero
888 400 1208 453 pomeridiano
1237 400 1377 451 aliqui
1410 399 1467 439 ad
1498 411 1607 440 suos
1636 412 1789 440 rever-

161 480 320 515 tuntur
340 474 608 525 magistros
628 473 706 524 qui
727 472 793 512 eis
813 472 986 523 aliquid
1004 471 1244 523 spirituale
1265 472 1526 522 perlegunt.
1543 471 1676 512 Unde
1692 477 1790 512 tum

161 556 245 597 per
264 544 528 597 praedicta,
551 549 649 584 tum
670 543 809 583 etiam
830 555 911 594 per
938 543 1206 592 lectionem,
1230 553 1368 593 quam
1399 541 1448 581 P.
1481 542 1669 593 Laynez
1701 543 1789 582 sin—

162 616 285 667 gulis
307 615 452 655 sextis
472 614 601 655 feriis
621 614 839 666 perlegit,
865 613 1116 654 admodum
1138 612 1227 654 illis
1246 612 1536 652 fructuosam
1557 620 1601 652 et
1624 624 1790 652 conve-

158 687 382 736 nientem,
407 698 493 726 nec
513 697 607 726 non
637 685 778 725 etiam
808 697 891 737 per
922 684 1077 725 studia
1107 684 1350 734 bonosque
1382 684 1590 735 ipsorum
1619 695 1787 731 mores,

159 757 389 798 Dominus
412 756 502 807 (cui
523 757 607 797 soli
629 757 730 796 laus
753 762 797 796 et
817 754 983 807 gloria)
1005 754 1280 795 mirabiliter
1301 760 1536 806 operatur.

239 828 543 868 Reverendus
560 827 609 867 P.
627 827 817 878 Laynez
839 827 886 867 in
908 827 1107 866 ecclesia
1128 826 1394 877 praecipua,
1414 833 1661 877 praesente
1683 825 1790 865 Pro-

161 911 271 950 rege
293 899 541 950 multisque
562 898 881 949 magnatibus,
906 897 1103 948 singulis
1125 897 1371 937 dominicis
1393 897 1556 936 diebus
1586 904 1655 936 est
1684 908 1788 936 con-

159 970 391 1020 cionatus,
416 969 553 1021 idque
573 981 666 1009 non
689 969 787 1008 sine
808 980 980 1019 magna
1003 969 1209 1008 omnium
1230 974 1327 1008 turn
1355 968 1664 1008 admiratione
1693 973 1789 1007 tum

157 1041 492 1090 satisfactione,
530 1046 690 1091 atque,
728 1046 775 1079 ut
803 1040 849 1079 in
878 1040 1041 1079 eadem
1076 1039 1275 1079 ecclesia
1303 1047 1401 1079 tota
1433 1040 1792 1079 concionaretur

159 1111 545 1163 quadragesima,
569 1111 764 1150 multum
784 1110 869 1150 fuit
890 1110 1226 1161 desideratum;
1251 1110 1368 1150 adeo
1388 1117 1437 1150 ut
1457 1111 1588 1150 multi
1615 1111 1791 1150 nobiles

157 1182 216 1222 ob
248 1182 337 1222 loci
360 1181 671 1233 capacitatem
692 1181 925 1232 totiusque
947 1181 1152 1221 civitatis
1181 1181 1580 1229 commoditatem,
1614 1182 1672 1221 ad
1702 1182 1791 1222 hoc

156 1253 404 1304 plurimum
425 1252 690 1292 institerint.
714 1250 804 1292 Sed
827 1252 934 1302 quia
958 1251 1033 1291 hic
1054 1252 1184 1291 locus
1206 1251 1419 1303 Pro-regi
1436 1252 1612 1303 totique
1634 1253 1791 1292 curiae

159 1324 311 1363 fuerat
350 1322 695 1373 incommodus,
737 1322 901 1362 melius
937 1322 1090 1362 visum
1125 1322 1209 1362 fuit
1244 1323 1520 1374 praedicare
1555 1323 1632 1363 ubi
1667 1335 1789 1363 anno

157 1400 397 1434 transacto
427 1394 748 1445 praedicabat.

169 1480 172 1482 ’
236 1465 369 1506 Ultra
390 1466 506 1505 haec
528 1465 670 1516 aliqui
690 1464 890 1504 fratrum
911 1471 1009 1504 turn
1031 1465 1077 1504 in
1099 1465 1383 1512 carceribus,
1402 1473 1498 1505 tum
1520 1466 1566 1505 in
1586 1466 1787 1517 hospita-

157 1537 297 1587 libus,
323 1542 420 1576 tum
442 1537 488 1576 in
509 1536 797 1583 triremibus,
821 1537 977 1586 gratia
1008 1535 1117 1584 Dei,
1147 1547 1241 1576 non
1272 1537 1370 1576 sine
1398 1536 1551 1576 fructu
1579 1538 1667 1576 hoc
1695 1537 1788 1577 Ad-

156 1613 301 1648 ventu
332 1607 740 1658 praedicaverunt.
771 1605 891 1646 Nam
924 1607 1208 1647 incarcerati
1237 1607 1371 1658 quasi
1399 1619 1559 1647 omnes
1588 1608 1788 1648 confessi

160 1684 267 1718 sunt
289 1684 333 1718 et
355 1678 842 1725 communicaverunt,
866 1678 974 1718 licet
993 1689 1239 1718 numerum
1261 1679 1541 1718 excederent
1562 1684 1788 1719 tercento-

160 1761 284 1799 rum,
314 1755 358 1789 et
392 1749 544 1789 bullae
578 1761 663 1801 pro
699 1749 854 1789 multis
888 1755 935 1788 ut
971 1750 1325 1789 absolverentur
1355 1756 1461 1789 sunt
1495 1750 1784 1801 impetratae.

155 1820 351 1872 Jamque
385 1820 574 1871 viginti,
612 1820 690 1872 qui
726 1821 782 1860 ob
818 1820 1021 1860 debitum
1055 1821 1117 1860 ibi
1151 1820 1496 1869 detinebantur,
1536 1822 1788 1861 auxiliante

155 1891 438 1931 authoritate
456 1898 499 1931 et
516 1892 814 1942 eleemosyna
825 1892 1079 1943 Pro—regis,
1098 1892 1414 1931 liberavimus.
1429 1891 1665 1941 Similiter,
1680 1894 1788 1945 quia

156 1963 319 2003 diebus
340 1962 593 2002 transactis
615 1963 747 2002 multi
768 1963 814 2002 in
835 1962 1153 2002 infirmitatem
1181 1962 1469 2013 ceciderant,
1503 1968 1661 2014 atque,
1694 1976 1788 2003 mo-

155 2034 382 2074 rientibus
402 2033 701 2084 quibusdam,
726 2033 985 2084 periculum
1013 2039 1112 2073 erat
1142 2045 1199 2072 ne
1229 2039 1272 2073 et
1302 2033 1378 2072 alii
1408 2033 1523 2073 febri
1553 2034 1632 2073 illa
1661 2035 1787 2074 mali-

155 2116 249 2156 gna
270 2103 584 2155 inficerentur,
611 2110 824 2144 curatum
846 2104 1034 2143 omnino
1056 2115 1230 2155 magna
1250 2103 1335 2143 fuit
1355 2104 1577 2144 instantia
1609 2105 1710 2145 illos
1741 2106 1787 2145 in

156 2175 386 2227 hospitale
408 2186 514 2215 cum
544 2174 639 2214 suis
668 2175 892 2214 custodiis
922 2174 1187 2225 transferri,
1218 2175 1295 2226 qui
1323 2175 1413 2214 hoc
1442 2176 1614 2215 auxilio
1642 2176 1789 2216 vitam

158 2246 248 2286 sibi
267 2251 434 2297 putant
455 2251 801 2286 conservatam.

236 2317 287 2357 In
308 2317 576 2356 triremibus
598 2328 715 2367 opus
735 2316 911 2356 factum
942 2322 1011 2356 est
1038 2328 1132 2356 non
1162 2317 1315 2357 minus
1346 2317 1618 2358 admirabile
1647 2330 1788 2369 quam

157 2398 358 2438 magnae
380 2387 716 2427 aedificationis
736 2387 1014 2439 plurimique
1034 2386 1230 2438 fructus,
1255 2388 1363 2439 quia
1379 2400 1462 2439 per
1482 2388 1789 2439 praedicatio-

156 2469 239 2498 nes
268 2458 331 2498 ibi
359 2458 509 2498 factas
545 2469 705 2498 omnes
735 2458 813 2509 qui
847 2458 893 2497 in
927 2458 993 2498 eis
1028 2458 1382 2509 reperiebantur
1409 2459 1673 2509 christiani,
1703 2471 1786 2511 per

154 2528 342 2569 Patrem
362 2529 551 2581 Laynez
572 2529 782 2580 aliosque
808 2527 1057 2569 Societatis
1086 2535 1278 2570 nostrae
1309 2531 1598 2581 sacerdotes,
1632 2531 1786 2571 admo-

158 2599 266 2639 dum
286 2600 375 2640 illis
396 2599 728 2650 necessariam,
759 2605 803 2639 et
823 2599 1023 2640 antehac
1045 2611 1072 2639 a
1092 2600 1249 2640 multis
1268 2602 1555 2652 neglectam,
1580 2602 1788 2642 fecerunt

159 2670 516 2711 confessionem.
550 2670 675 2710 Inter
696 2682 775 2711 eos
803 2671 927 2710 enim
950 2671 1153 2722 reperire
1181 2671 1265 2711 fuit
1294 2672 1519 2723 quosdam
1542 2673 1619 2724 qui
1641 2685 1666 2712 a
1687 2685 1784 2723 seX,

158 2741 237 2792 qui
256 2753 283 2781 a
305 2740 480 2792 decem,
500 2741 578 2792 qui
599 2753 625 2781 a
647 2740 924 2792 quindecim,
944 2741 1023 2792 qui
1044 2754 1071 2781 a
1087 2741 1255 2792 viginti
1276 2742 1426 2792 anniS,
1446 2743 1524 2794 qui
1545 2749 1641 2783 toto
1664 2743 1787 2783 vitae

158 2822 268 2851 suae
289 2817 498 2863 tempore
519 2813 695 2852 nullam
715 2811 923 2852 fecerant
943 2811 1298 2853 confessionem:
1323 2813 1535 2853 omnibus
1556 2826 1648 2854 una
1669 2826 1786 2854 voce

157 2881 438 2923 dicentibus:
463 2882 597 2934 Quod
618 2882 847 2923 Dominus
877 2883 1087 2923 visitavit
1120 2883 1300 2934 plebem
1331 2895 1463 2924 suam
1494 2890 1537 2924 et
1567 2884 1689 2936 quod
1718 2897 1787 2925 re—

160 2952 375 3004 demptae
394 2953 579 2994 suerant
596 2954 779 2994 animae
800 2954 1023 3005 ipsorum.
