2074 3179
842 164 924 200 AN.
958 162 1047 198 1532
1688 162 1759 197 505>

805 649 1082 703 CXXXH

202 915 247 952 P.
269 914 491 952 Adrianus
511 913 836 951 Adriaenssens

248 980 368 1017 Patri
387 979 556 1026 Ignatio
576 978 628 1015 de
648 978 832 1026 Loyola.

293 1044 507 1088 Lovanio,
527 1044 550 1080 2
567 1043 734 1091 Aprilis
757 1044 848 1080 1532
870 1045 894 1081 ¹.

939 1253 959 1285 †

902 1288 998 1328 IHS

211 1469 374 1509 Gratia
397 1474 440 1508 et
462 1480 554 1520 pax
576 1468 750 1508 Christi
771 1469 1030 1508 nobiscum.

213 1539 311 1579 Κάρ
334 1551 388 1579 ac
410 1540 729 1579 amantissime
753 1540 798 1578 in
820 1539 903 1579 X.“
924 1538 1084 1578 Pater:

210 1610 491 1662 Accepimus
511 1611 691 1650 litteras
718 1609 809 1650 Rdi
831 1610 880 1649 P.
905 1610 1128 1650 Polanchi
1153 1610 1353 1660 scriptas
1372 1608 1436 1649 8f²
1458 1609 1628 1659 Martii,
1665 1609 1757 1660 qui-

131 1682 217 1721 bus
237 1681 486 1733 plurimum
507 1682 552 1721 in
574 1681 778 1721 Domino
800 1681 955 1732 gavisi
978 1692 1153 1731 sumus,
1179 1680 1381 1720 maxime
1411 1680 1519 1731 quia
1548 1679 1758 1730 intelligi-

130 1764 233 1792 mus
255 1751 496 1792 Summum
517 1752 788 1792 Pontificem
809 1752 934 1803 apud
959 1752 1296 1804 Imperatorem
1316 1756 1651 1802 procurantem
1679 1762 1759 1790 no-

132 1824 202 1863 bis
224 1824 459 1863 licentiam
479 1823 689 1873 erigendi
711 1824 973 1874 collegium.

210 1894 397 1945 Regens
418 1894 613 1945 Collegii
633 1895 863 1944 Liliensis,
887 1895 964 1934 ubi
984 1894 1155 1934 fratres
1173 1893 1269 1945 jam
1290 1893 1505 1943 visitant,
1529 1905 1623 1932 non
1644 1892 1759 1932 desi-

131 1966 197 2006 nit
218 1965 352 2005 nobis
374 1965 539 2005 offerre
560 1971 708 2005 totum
729 1965 1001 2016 Collegium,
1025 1971 1074 2005 ut
1095 1977 1180 2005 nos
1201 1965 1265 2005 ibi
1286 1965 1455 2014 simus,
1487 1964 1607 2004 sicut
1628 1962 1759 2004 Stan-

129 2037 284 2077 donici
304 2037 349 2076 in
371 2036 520 2076 Porco
542 2037 570 2074 ²³.
593 2036 774 2077 Norunt
795 2043 1028 2077 nostrates
1051 2037 1161 2088 quid
1182 2036 1335 2076 velim.
1360 2036 1417 2076 Et
1438 2041 1542 2086 post
1560 2041 1759 2092 mortem

130 2120 265 2148 suam
300 2108 421 2147 idem
447 2107 633 2158 Regens
659 2108 940 2159 relinqueret
975 2107 1184 2158 Collegio
1215 2107 1366 2147 eidem
1386 2113 1585 2159 quatuor
1616 2106 1758 2146 millia

130 2180 412 2219 florenorum
432 2179 588 2219 semel.
612 2178 669 2218 Et
688 2179 735 2218 in
756 2179 921 2219 eodem
942 2178 1150 2229 Collegio
1172 2184 1242 2218 est
1262 2178 1374 2218 satis
1397 2178 1552 2229 ampla
1574 2177 1754 2227 domus,

129 2262 223 2290 non
245 2251 440 2290 multum
460 2250 728 2290 necessaria
749 2249 971 2301 Collegio,
996 2261 1102 2290 cum
1121 2250 1307 2301 publico
1323 2250 1510 2290 sacello.
1531 2248 1607 2289 Sic
1625 2260 1757 2300 cupe—

126 2327 196 2361 ret
216 2332 301 2360 nos
321 2321 383 2360 ibi
403 2321 628 2371 habitare,
653 2328 697 2360 et
719 2321 782 2361 ita
804 2320 1029 2372 paulatim
1049 2327 1197 2361 totum
1219 2320 1479 2372 Collegium
1508 2331 1753 2371 occupare.

129 2391 250 2432 Sane
271 2403 365 2431 non
386 2397 543 2443 posset
564 2390 785 2431 Societati
807 2391 918 2443 quid
934 2391 1138 2442 optatius
1156 2392 1202 2431 in
1222 2391 1321 2431 istis
1340 2391 1634 2432 inferioribus
1655 2402 1757 2441 par-

127 2463 250 2502 tibus
271 2463 557 2513 contingere.
583 2462 664 2501 Est
685 2463 826 2502 etiam
846 2463 975 2502 locus
1002 2462 1315 2514 amplissimus
1342 2468 1386 2502 et
1415 2462 1463 2502 in
1488 2462 1589 2513 ipso
1617 2461 1757 2501 corde

128 2533 300 2585 oppidi.
324 2534 479 2574 Unum
499 2539 567 2573 est
589 2533 712 2584 quod
733 2533 886 2573 obstat
914 2533 1160 2583 quominus
1190 2533 1417 2573 hactenus
1444 2532 1654 2584 petitioni
1672 2531 1756 2571 Re-

182 2726 191 2745 ¹
232 2726 479 2760 Autographae
494 2727 631 2754 litterae
647 2726 678 2752 in
694 2727 772 2754 folio
788 2734 818 2753 n.
835 2727 895 2754 14³.

181 2774 195 2792 ²
232 2773 276 2800 “11
292 2772 442 2807 Collegio
458 2773 515 2800 del
536 2773 655 2805 Porco,
669 2773 726 2807 gia
740 2774 854 2801 antico
868 2775 922 2801 nel
939 2777 1050 2808 tempo
1066 2774 1120 2801 del
1143 2774 1177 2801 P.
1192 2773 1361 2807 Adriano,
1378 2773 1516 2800 haveva
1531 2776 1651 2806 questa
1664 2772 1754 2806 ripu-

128 2820 273 2854 tatione,
290 2820 321 2847 di
336 2827 449 2847 essere
472 2821 536 2847 ben
559 2820 772 2855 provveduto
795 2820 826 2847 di
849 2824 950 2855 tutto,
975 2821 1085 2848 buona
1101 2828 1192 2854 casa,
1217 2821 1326 2847 buono
1350 2820 1608 2847 trattenimento
1623 2819 1752 2853 divita,

128 2867 228 2894 buoni
243 2867 345 2901 fundi,
362 2868 472 2895 buona
486 2868 804 2902 amministratione,
829 2869 937 2896 buono
961 2868 1093 2901 ordine,
1119 2872 1199 2902 etc.;
1225 2872 1258 2895 et
1279 2868 1354 2895 inde
1375 2867 1595 2902 proverbium
1617 2866 1755 2894 Comme

128 2913 324 2941 Messieurs
338 2915 381 2941 de
401 2914 601 2942 Standonck
616 2916 708 2942 dans
721 2915 753 2942 le
767 2915 892 2948 Porco,
905 2919 939 2943 et
954 2916 1173 2943 conservavit
1194 2915 1351 2949 deinceps
1366 2916 1488 2942 bonum
1508 2914 1588 2942 illud
1604 2922 1753 2948 nomem„

129 2960 224 2988 Hanc
240 2962 399 2989 notitiam
414 2962 573 2989 debemus
588 2962 792 2989 humanitati
807 2962 920 2990 Patris
935 2963 962 2995 J.
978 2963 1015 2989 Β.
1031 2962 1109 2990 Van
1124 2962 1245 2995 Meurs,
1263 2961 1294 2989 S.
1307 2962 1334 2995 J.
