<?xml version="1.0" encoding="UTF-8"?>
<!DOCTYPE html PUBLIC "-//W3C//DTD XHTML 1.0 Transitional//EN"
    "http://www.w3.org/TR/xhtml1/DTD/xhtml1-transitional.dtd">
<html xmlns="http://www.w3.org/1999/xhtml" xml:lang="en" lang="en">
 <head>
  <title>
</title>
<meta http-equiv="Content-Type" content="text/html;charset=utf-8" />
  <meta name='ocr-system' content='tesseract 3.04.00' />
  <meta name='ocr-capabilities' content='ocr_page ocr_carea ocr_par ocr_line ocrx_word'/>
</head>
<body>
  <div class='ocr_page' id='page_1' title='image "./litteraequadrime13lain_0466.png"; bbox 0 0 2074 3179; ppageno 0'>
   <div class='ocr_carea' id='block_1_1' title="bbox 186 103 1308 148">
    <p class='ocr_par' dir='ltr' id='par_1_1' title="bbox 186 103 1308 148">
     <span class='ocr_line' id='line_1_1' title="bbox 186 103 1308 148; baseline 0.002 -8"><span class='ocrx_word' id='word_1_1' title='bbox 186 106 220 140; x_wconf 66' lang='lat' dir='ltr'><strong>4ae</strong></span> <span class='ocrx_word' id='word_1_2' title='bbox 229 104 260 141; x_wconf 70' lang='lat'><strong>12</strong></span> <span class='ocrx_word' id='word_1_3' title='bbox 700 103 925 141; x_wconf 80' lang='lat' dir='ltr'><strong>LlTTERAE</strong></span> <span class='ocrx_word' id='word_1_4' title='bbox 952 115 1308 148; x_wconf 78' lang='lat' dir='ltr'><strong>QUADRIMESTRES</strong></span> 
     </span>
    </p>
   </div>
   <div class='ocr_carea' id='block_1_2' title="bbox 917 558 1085 612">
    <p class='ocr_par' dir='ltr' id='par_1_2' title="bbox 917 558 1085 612">
     <span class='ocr_line' id='line_1_2' title="bbox 917 558 1085 612; baseline -0.006 0"><span class='ocrx_word' id='word_1_5' title='bbox 917 558 1085 612; x_wconf 87' lang='lat' dir='ltr'>CXII</span> 
     </span>
    </p>
   </div>
   <div class='ocr_carea' id='block_1_3' title="bbox 257 805 1078 972">
    <p class='ocr_par' dir='ltr' id='par_1_3' title="bbox 257 805 1078 972">
     <span class='ocr_line' id='line_1_3' title="bbox 257 805 766 844; baseline -0.002 -1"><span class='ocrx_word' id='word_1_6' title='bbox 257 807 304 843; x_wconf 80' lang='lat' dir='ltr'><strong>P.</strong></span> <span class='ocrx_word' id='word_1_7' title='bbox 326 806 587 844; x_wconf 87' lang='lat' dir='ltr'><strong>Leonardus</strong></span> <span class='ocrx_word' id='word_1_8' title='bbox 607 805 766 843; x_wconf 89' lang='lat' dir='ltr'><strong>Kessel</strong></span> 
     </span>
     <span class='ocr_line' id='line_1_4' title="bbox 302 864 821 913; baseline -0.002 -10"><span class='ocrx_word' id='word_1_9' title='bbox 302 866 349 903; x_wconf 83' lang='lat' dir='ltr'><strong>P.</strong></span> <span class='ocrx_word' id='word_1_10' title='bbox 371 865 542 913; x_wconf 76' lang='lat' dir='ltr'><strong>ignatio</strong></span> <span class='ocrx_word' id='word_1_11' title='bbox 562 864 615 902; x_wconf 91' lang='lat' dir='ltr'><strong>de</strong></span> <span class='ocrx_word' id='word_1_12' title='bbox 636 865 821 912; x_wconf 86' lang='lat' dir='ltr'><strong>Loyola.</strong></span> 
     </span>
     <span class='ocr_line' id='line_1_5' title="bbox 349 924 1078 972; baseline -0.001 -10"><span class='ocrx_word' id='word_1_13' title='bbox 349 924 554 972; x_wconf 87' lang='lat' dir='ltr'><strong>Colonia,</strong></span> <span class='ocrx_word' id='word_1_14' title='bbox 574 924 618 962; x_wconf 83' lang='lat'><strong>31</strong></span> <span class='ocrx_word' id='word_1_15' title='bbox 641 924 919 970; x_wconf 83' lang='lat' dir='ltr'><strong>Decembris,</strong></span> <span class='ocrx_word' id='word_1_16' title='bbox 944 924 1030 961; x_wconf 91' lang='grc'>1551</span> <span class='ocrx_word' id='word_1_17' title='bbox 1054 925 1078 961; x_wconf 86' lang='lat'><strong>¹.</strong></span> 
     </span>
    </p>
   </div>
   <div class='ocr_carea' id='block_1_4' title="bbox 949 1098 1055 1187">
    <p class='ocr_par' dir='ltr' id='par_1_4' title="bbox 949 1098 1055 1187">
     <span class='ocr_line' id='line_1_6' title="bbox 949 1098 1055 1187; baseline 0 -14"><span class='ocrx_word' id='word_1_18' title='bbox 949 1098 1055 1187; x_wconf 65' lang='lat' dir='ltr'><strong>inffi</strong></span> 
     </span>
    </p>
   </div>
   <div class='ocr_carea' id='block_1_5' title="bbox 177 1275 1818 2541">
    <p class='ocr_par' dir='ltr' id='par_1_5' title="bbox 262 1275 1759 1328">
     <span class='ocr_line' id='line_1_7' title="bbox 262 1275 1759 1328; baseline -0.001 -11"><span class='ocrx_word' id='word_1_19' title='bbox 262 1276 427 1317; x_wconf 80' lang='lat' dir='ltr'>Gratia</span> <span class='ocrx_word' id='word_1_20' title='bbox 449 1283 493 1317; x_wconf 89' lang='lat' dir='ltr'><strong>et</strong></span> <span class='ocrx_word' id='word_1_21' title='bbox 514 1288 608 1328; x_wconf 85' lang='lat' dir='ltr'><strong>pax</strong></span> <span class='ocrx_word' id='word_1_22' title='bbox 630 1276 805 1317; x_wconf 80' lang='lat' dir='ltr'>Christi</span> <span class='ocrx_word' id='word_1_23' title='bbox 825 1275 1015 1316; x_wconf 89' lang='lat' dir='ltr'>Domini</span> <span class='ocrx_word' id='word_1_24' title='bbox 1036 1276 1095 1316; x_wconf 90' lang='lat' dir='ltr'><strong>sit</strong></span> <span class='ocrx_word' id='word_1_25' title='bbox 1116 1287 1300 1327; x_wconf 90' lang='lat' dir='ltr'><strong>semper</strong></span> <span class='ocrx_word' id='word_1_26' title='bbox 1320 1276 1367 1315; x_wconf 91' lang='lat' dir='ltr'><strong>in</strong></span> <span class='ocrx_word' id='word_1_27' title='bbox 1384 1276 1597 1316; x_wconf 88' lang='lat' dir='ltr'><strong>omnibus</strong></span> <span class='ocrx_word' id='word_1_28' title='bbox 1614 1276 1759 1316; x_wconf 87' lang='lat' dir='ltr'><strong>nobis.</strong></span> 
     </span>
    </p>

    <p class='ocr_par' dir='ltr' id='par_1_6' title="bbox 261 1347 1117 1389">
     <span class='ocr_line' id='line_1_8' title="bbox 261 1347 1117 1389; baseline 0 -1"><span class='ocrx_word' id='word_1_29' title='bbox 261 1347 670 1388; x_wconf 85' lang='lat' dir='ltr'><strong>Reverendissime</strong></span> <span class='ocrx_word' id='word_1_30' title='bbox 692 1348 740 1388; x_wconf 93' lang='lat' dir='ltr'><strong>in</strong></span> <span class='ocrx_word' id='word_1_31' title='bbox 761 1347 948 1389; x_wconf 89' lang='lat' dir='ltr'><strong>Christo</strong></span> <span class='ocrx_word' id='word_1_32' title='bbox 964 1347 1117 1388; x_wconf 87' lang='lat' dir='ltr'><strong>Pater.</strong></span> 
     </span>
    </p>

    <p class='ocr_par' dir='ltr' id='par_1_7' title="bbox 177 1418 1818 2388">
     <span class='ocr_line' id='line_1_9' title="bbox 263 1418 1818 1472; baseline 0 -13"><span class='ocrx_word' id='word_1_33' title='bbox 263 1419 490 1472; x_wconf 89' lang='lat' dir='ltr'><strong>Proposui</strong></span> <span class='ocrx_word' id='word_1_34' title='bbox 527 1418 838 1460; x_wconf 84' lang='lat' dir='ltr'><strong>Reverentiae</strong></span> <span class='ocrx_word' id='word_1_35' title='bbox 877 1419 1079 1459; x_wconf 79' lang='lat' dir='ltr'><strong>Vestrae</strong></span> <span class='ocrx_word' id='word_1_36' title='bbox 1118 1419 1282 1470; x_wconf 77' lang='lat' dir='ltr'>paucis</span> <span class='ocrx_word' id='word_1_37' title='bbox 1321 1431 1375 1459; x_wconf 92' lang='lat' dir='ltr'><strong>ea</strong></span> <span class='ocrx_word' id='word_1_38' title='bbox 1414 1424 1655 1470; x_wconf 89' lang='lat' dir='ltr'><strong>repetere,</strong></span> <span class='ocrx_word' id='word_1_39' title='bbox 1699 1431 1818 1471; x_wconf 90' lang='lat' dir='ltr'><strong>quae</strong></span> 
     </span>
     <span class='ocr_line' id='line_1_10' title="bbox 181 1489 1816 1542; baseline 0 -12"><span class='ocrx_word' id='word_1_40' title='bbox 181 1490 310 1530; x_wconf 88' lang='lat' dir='ltr'><strong>Deus</strong></span> <span class='ocrx_word' id='word_1_41' title='bbox 332 1490 547 1542; x_wconf 88' lang='lat' dir='ltr'><strong>Optimus</strong></span> <span class='ocrx_word' id='word_1_42' title='bbox 566 1490 803 1531; x_wconf 84' lang='lat' dir='ltr'><strong>Maximus</strong></span> <span class='ocrx_word' id='word_1_43' title='bbox 824 1490 914 1530; x_wconf 88' lang='lat' dir='ltr'><strong>hoc</strong></span> <span class='ocrx_word' id='word_1_44' title='bbox 936 1489 1267 1542; x_wconf 88' lang='lat' dir='ltr'><strong>quadrimestri</strong></span> <span class='ocrx_word' id='word_1_45' title='bbox 1289 1489 1510 1530; x_wconf 88' lang='lat' dir='ltr'>Coloniae</span> <span class='ocrx_word' id='word_1_46' title='bbox 1538 1491 1726 1542; x_wconf 88' lang='lat' dir='ltr'><strong>operari</strong></span> <span class='ocrx_word' id='word_1_47' title='bbox 1753 1490 1816 1530; x_wconf 89' lang='lat' dir='ltr'><strong>di-</strong></span> 
     </span>
     <span class='ocr_line' id='line_1_11' title="bbox 179 1561 1817 1613; baseline 0 -11"><span class='ocrx_word' id='word_1_48' title='bbox 179 1568 352 1613; x_wconf 84' lang='lat' dir='ltr'><strong>gnatus</strong></span> <span class='ocrx_word' id='word_1_49' title='bbox 382 1568 451 1602; x_wconf 90' lang='lat' dir='ltr'><strong>est</strong></span> <span class='ocrx_word' id='word_1_50' title='bbox 479 1562 538 1602; x_wconf 87' lang='lat' dir='ltr'><strong>ad</strong></span> <span class='ocrx_word' id='word_1_51' title='bbox 567 1562 769 1613; x_wconf 82' lang='lat' dir='ltr'>gloriam</span> <span class='ocrx_word' id='word_1_52' title='bbox 796 1567 841 1601; x_wconf 90' lang='lat' dir='ltr'><strong>et</strong></span> <span class='ocrx_word' id='word_1_53' title='bbox 870 1561 1057 1601; x_wconf 91' lang='lat' dir='ltr'><strong>laudem</strong></span> <span class='ocrx_word' id='word_1_54' title='bbox 1087 1561 1371 1601; x_wconf 77' lang='lat' dir='ltr'><strong>sanctissimi</strong></span> <span class='ocrx_word' id='word_1_55' title='bbox 1404 1561 1608 1601; x_wconf 88' lang='lat' dir='ltr'><strong>nominis</strong></span> <span class='ocrx_word' id='word_1_56' title='bbox 1643 1562 1734 1613; x_wconf 92' lang='lat' dir='ltr'><strong>sui,</strong></span> <span class='ocrx_word' id='word_1_57' title='bbox 1767 1569 1817 1602; x_wconf 90' lang='lat' dir='ltr'><strong>ut</strong></span> 
     </span>
     <span class='ocr_line' id='line_1_12' title="bbox 178 1632 1816 1685; baseline -0.001 -12"><span class='ocrx_word' id='word_1_58' title='bbox 178 1634 401 1685; x_wconf 90' lang='lat' dir='ltr'><strong>omnium,</strong></span> <span class='ocrx_word' id='word_1_59' title='bbox 433 1633 719 1673; x_wconf 82' lang='lat' dir='ltr'><strong>audientium</strong></span> <span class='ocrx_word' id='word_1_60' title='bbox 749 1633 835 1673; x_wconf 85' lang='lat' dir='ltr'><strong>has</strong></span> <span class='ocrx_word' id='word_1_61' title='bbox 863 1633 1044 1673; x_wconf 82' lang='lat' dir='ltr'><strong>litteras</strong></span> <span class='ocrx_word' id='word_1_62' title='bbox 1071 1632 1185 1684; x_wconf 83' lang='lat' dir='ltr'><strong>legi,</strong></span> <span class='ocrx_word' id='word_1_63' title='bbox 1209 1632 1428 1683; x_wconf 86' lang='lat' dir='ltr'><strong>precibus</strong></span> <span class='ocrx_word' id='word_1_64' title='bbox 1458 1632 1624 1684; x_wconf 85' lang='lat' dir='ltr'><strong>adjuti,</strong></span> <span class='ocrx_word' id='word_1_65' title='bbox 1649 1633 1695 1673; x_wconf 92' lang='lat' dir='ltr'><strong>in</strong></span> <span class='ocrx_word' id='word_1_66' title='bbox 1718 1633 1816 1673; x_wconf 82' lang='lat' dir='ltr'><strong>dies</strong></span> 
     </span>
     <span class='ocr_line' id='line_1_13' title="bbox 180 1703 1815 1757; baseline -0.001 -12"><span class='ocrx_word' id='word_1_67' title='bbox 180 1706 333 1756; x_wconf 84' lang='lat' dir='ltr'><strong>magis</strong></span> <span class='ocrx_word' id='word_1_68' title='bbox 353 1704 580 1757; x_wconf 87' lang='lat' dir='ltr'><strong>proficere</strong></span> <span class='ocrx_word' id='word_1_69' title='bbox 600 1706 859 1745; x_wconf 85' lang='lat' dir='ltr'><strong>valeamus.</strong></span> <span class='ocrx_word' id='word_1_70' title='bbox 883 1704 989 1755; x_wconf 90' lang='lat' dir='ltr'><strong>Ipso</strong></span> <span class='ocrx_word' id='word_1_71' title='bbox 1012 1704 1083 1744; x_wconf 91' lang='lat' dir='ltr'><strong>die</strong></span> <span class='ocrx_word' id='word_1_72' title='bbox 1104 1703 1427 1743; x_wconf 85' lang='lat' dir='ltr'><strong>Innocentium</strong></span> <span class='ocrx_word' id='word_1_73' title='bbox 1458 1703 1720 1756; x_wconf 88' lang='lat' dir='ltr'><strong>recepimus</strong></span> <span class='ocrx_word' id='word_1_74' title='bbox 1750 1704 1815 1744; x_wconf 81' lang='lat' dir='ltr'><strong>lit-</strong></span> 
     </span>
     <span class='ocr_line' id='line_1_14' title="bbox 180 1774 1813 1826; baseline -0.001 -10"><span class='ocrx_word' id='word_1_75' title='bbox 180 1783 306 1816; x_wconf 88' lang='lat' dir='ltr'><strong>teras</strong></span> <span class='ocrx_word' id='word_1_76' title='bbox 350 1775 403 1816; x_wconf 88' lang='lat' dir='ltr'><strong>R.</strong></span> <span class='ocrx_word' id='word_1_77' title='bbox 448 1774 603 1816; x_wconf 87' lang='lat' dir='ltr'><strong>Patris</strong></span> <span class='ocrx_word' id='word_1_78' title='bbox 637 1775 829 1815; x_wconf 86' lang='lat' dir='ltr'><strong>Polanci</strong></span> <span class='ocrx_word' id='word_1_79' title='bbox 866 1775 1067 1826; x_wconf 87' lang='lat' dir='ltr'><strong>scriptas</strong></span> <span class='ocrx_word' id='word_1_80' title='bbox 1107 1786 1165 1814; x_wconf 79' lang='lat' dir='ltr'><strong>ex</strong></span> <span class='ocrx_word' id='word_1_81' title='bbox 1192 1774 1414 1815; x_wconf 91' lang='lat' dir='ltr'><strong>mandato</strong></span> <span class='ocrx_word' id='word_1_82' title='bbox 1445 1775 1494 1815; x_wconf 90' lang='grc' dir='ltr'><strong>Ρ.</strong></span> <span class='ocrx_word' id='word_1_83' title='bbox 1531 1774 1590 1815; x_wconf 89' lang='lat' dir='ltr'><strong>V.</strong></span> <span class='ocrx_word' id='word_1_84' title='bbox 1634 1775 1813 1815; x_wconf 79' lang='lat' dir='ltr'><strong>decima</strong></span> 
     </span>
     <span class='ocr_line' id='line_1_15' title="bbox 179 1845 1816 1899; baseline -0.001 -12"><span class='ocrx_word' id='word_1_85' title='bbox 179 1848 378 1899; x_wconf 82' lang='lat' dir='ltr'><strong>septima</strong></span> <span class='ocrx_word' id='word_1_86' title='bbox 405 1847 707 1898; x_wconf 83' lang='lat' dir='ltr'><strong>Novembris,</strong></span> <span class='ocrx_word' id='word_1_87' title='bbox 737 1846 904 1898; x_wconf 88' lang='lat' dir='ltr'><strong>quibus</strong></span> <span class='ocrx_word' id='word_1_88' title='bbox 932 1846 1183 1898; x_wconf 90' lang='lat' dir='ltr'><strong>plurimum</strong></span> <span class='ocrx_word' id='word_1_89' title='bbox 1217 1846 1263 1886; x_wconf 92' lang='lat' dir='ltr'><strong>in</strong></span> <span class='ocrx_word' id='word_1_90' title='bbox 1290 1846 1494 1886; x_wconf 91' lang='lat' dir='ltr'><strong>Domino</strong></span> <span class='ocrx_word' id='word_1_91' title='bbox 1529 1845 1729 1886; x_wconf 89' lang='lat' dir='ltr'><strong>recreati</strong></span> <span class='ocrx_word' id='word_1_92' title='bbox 1761 1857 1816 1886; x_wconf 80' lang='lat' dir='ltr'><strong>ac</strong></span> 
     </span>
     <span class='ocr_line' id='line_1_16' title="bbox 181 1917 1813 1969; baseline -0.001 -10"><span class='ocrx_word' id='word_1_93' title='bbox 181 1919 433 1959; x_wconf 83' lang='lat' dir='ltr'><strong>confortati</strong></span> <span class='ocrx_word' id='word_1_94' title='bbox 453 1918 639 1958; x_wconf 86' lang='lat' dir='ltr'><strong>fuimus.</strong></span> <span class='ocrx_word' id='word_1_95' title='bbox 664 1917 834 1958; x_wconf 88' lang='lat' dir='ltr'><strong>Dicere</strong></span> <span class='ocrx_word' id='word_1_96' title='bbox 855 1929 951 1958; x_wconf 92' lang='lat' dir='ltr'><strong>non</strong></span> <span class='ocrx_word' id='word_1_97' title='bbox 971 1917 1151 1958; x_wconf 90' lang='lat' dir='ltr'><strong>sufficio</strong></span> <span class='ocrx_word' id='word_1_98' title='bbox 1173 1923 1398 1969; x_wconf 88' lang='lat' dir='ltr'><strong>quantum</strong></span> <span class='ocrx_word' id='word_1_99' title='bbox 1419 1917 1581 1968; x_wconf 84' lang='lat' dir='ltr'><strong>gaudii</strong></span> <span class='ocrx_word' id='word_1_100' title='bbox 1602 1928 1813 1968; x_wconf 87' lang='lat' dir='ltr'><strong>suscepe-</strong></span> 
     </span>
     <span class='ocr_line' id='line_1_17' title="bbox 177 1988 1816 2041; baseline -0.002 -10"><span class='ocrx_word' id='word_1_101' title='bbox 177 1991 237 2031; x_wconf 85' lang='lat' dir='ltr'><strong>rit</strong></span> <span class='ocrx_word' id='word_1_102' title='bbox 265 2002 396 2031; x_wconf 89' lang='lat' dir='ltr'><strong>meus</strong></span> <span class='ocrx_word' id='word_1_103' title='bbox 431 1990 624 2041; x_wconf 88' lang='lat' dir='ltr'><strong>spiritus</strong></span> <span class='ocrx_word' id='word_1_104' title='bbox 652 2001 710 2029; x_wconf 77' lang='lat' dir='ltr'><strong>ex</strong></span> <span class='ocrx_word' id='word_1_105' title='bbox 740 1989 909 2029; x_wconf 90' lang='lat' dir='ltr'><strong>litteris</strong></span> <span class='ocrx_word' id='word_1_106' title='bbox 935 1989 1219 2029; x_wconf 89' lang='lat' dir='ltr'><strong>mentionem</strong></span> <span class='ocrx_word' id='word_1_107' title='bbox 1252 1989 1531 2029; x_wconf 86' lang='lat' dir='ltr'><strong>facientibus</strong></span> <span class='ocrx_word' id='word_1_108' title='bbox 1559 1988 1615 2028; x_wconf 94' lang='lat' dir='ltr'><strong>de</strong></span> <span class='ocrx_word' id='word_1_109' title='bbox 1643 1988 1816 2040; x_wconf 87' lang='lat' dir='ltr'><strong>profes-</strong></span> 
     </span>
     <span class='ocr_line' id='line_1_18' title="bbox 180 2060 1816 2113; baseline -0.001 -11"><span class='ocrx_word' id='word_1_110' title='bbox 180 2063 327 2113; x_wconf 82' lang='lat' dir='ltr'><strong>sione;</strong></span> <span class='ocrx_word' id='word_1_111' title='bbox 344 2073 599 2113; x_wconf 88' lang='lat' dir='ltr'><strong>numquam</strong></span> <span class='ocrx_word' id='word_1_112' title='bbox 617 2060 729 2101; x_wconf 91' lang='lat' dir='ltr'><strong>mihi</strong></span> <span class='ocrx_word' id='word_1_113' title='bbox 746 2060 912 2101; x_wconf 89' lang='lat' dir='ltr'><strong>laetius</strong></span> <span class='ocrx_word' id='word_1_114' title='bbox 928 2061 1152 2101; x_wconf 88' lang='lat' dir='ltr'><strong>nuncium</strong></span> <span class='ocrx_word' id='word_1_115' title='bbox 1167 2061 1413 2112; x_wconf 86' lang='lat' dir='ltr'><strong>obtingere</strong></span> <span class='ocrx_word' id='word_1_116' title='bbox 1428 2060 1670 2113; x_wconf 89' lang='lat' dir='ltr'><strong>potuisset:</strong></span> <span class='ocrx_word' id='word_1_117' title='bbox 1689 2071 1816 2100; x_wconf 89' lang='lat' dir='ltr'><strong>num-</strong></span> 
     </span>
     <span class='ocr_line' id='line_1_19' title="bbox 181 2131 1817 2185; baseline -0.002 -12"><span class='ocrx_word' id='word_1_118' title='bbox 181 2145 322 2185; x_wconf 87' lang='lat' dir='ltr'><strong>quam</strong></span> <span class='ocrx_word' id='word_1_119' title='bbox 345 2133 562 2183; x_wconf 87' lang='lat' dir='ltr'><strong>antehac,</strong></span> <span class='ocrx_word' id='word_1_120' title='bbox 586 2132 640 2172; x_wconf 88' lang='lat' dir='ltr'><strong>R.</strong></span> <span class='ocrx_word' id='word_1_121' title='bbox 664 2132 732 2183; x_wconf 56' lang='lat' dir='ltr'><strong>P„</strong></span> <span class='ocrx_word' id='word_1_122' title='bbox 757 2131 812 2172; x_wconf 91' lang='lat' dir='ltr'><strong>de</strong></span> <span class='ocrx_word' id='word_1_123' title='bbox 834 2137 963 2172; x_wconf 88' lang='lat' dir='ltr'><strong>tanta</strong></span> <span class='ocrx_word' id='word_1_124' title='bbox 986 2133 1144 2183; x_wconf 82' lang='lat' dir='ltr'><strong>gratia</strong></span> <span class='ocrx_word' id='word_1_125' title='bbox 1167 2143 1309 2172; x_wconf 89' lang='lat' dir='ltr'><strong>ausus</strong></span> <span class='ocrx_word' id='word_1_126' title='bbox 1331 2132 1541 2183; x_wconf 83' lang='lat' dir='ltr'><strong>cogitare</strong></span> <span class='ocrx_word' id='word_1_127' title='bbox 1562 2131 1649 2183; x_wconf 76' lang='lat' dir='ltr'><strong>fui,</strong></span> <span class='ocrx_word' id='word_1_128' title='bbox 1674 2143 1817 2183; x_wconf 87' lang='lat' dir='ltr'><strong>quare</strong></span> 
     </span>
     <span class='ocr_line' id='line_1_20' title="bbox 180 2202 1813 2257; baseline -0.004 -12"><span class='ocrx_word' id='word_1_129' title='bbox 180 2204 384 2257; x_wconf 89' lang='lat' dir='ltr'><strong>majores</strong></span> <span class='ocrx_word' id='word_1_130' title='bbox 405 2204 586 2256; x_wconf 82' lang='lat' dir='ltr'><strong>gratias</strong></span> <span class='ocrx_word' id='word_1_131' title='bbox 607 2203 708 2244; x_wconf 91' lang='lat' dir='ltr'><strong>Deo</strong></span> <span class='ocrx_word' id='word_1_132' title='bbox 730 2215 834 2243; x_wconf 92' lang='lat' dir='ltr'><strong>meo</strong></span> <span class='ocrx_word' id='word_1_133' title='bbox 856 2203 1016 2255; x_wconf 86' lang='lat' dir='ltr'><strong>debeo,</strong></span> <span class='ocrx_word' id='word_1_134' title='bbox 1041 2209 1086 2244; x_wconf 89' lang='lat' dir='ltr'><strong>et</strong></span> <span class='ocrx_word' id='word_1_135' title='bbox 1106 2203 1210 2252; x_wconf 91' lang='lat' dir='ltr'><strong>tibi,</strong></span> <span class='ocrx_word' id='word_1_136' title='bbox 1234 2202 1288 2243; x_wconf 89' lang='lat' dir='ltr'><strong>R.</strong></span> <span class='ocrx_word' id='word_1_137' title='bbox 1312 2202 1385 2254; x_wconf 57' lang='lat' dir='ltr'><strong>P„</strong></span> <span class='ocrx_word' id='word_1_138' title='bbox 1410 2203 1466 2243; x_wconf 92' lang='lat' dir='ltr'><strong>de</strong></span> <span class='ocrx_word' id='word_1_139' title='bbox 1486 2208 1617 2243; x_wconf 88' lang='lat' dir='ltr'><strong>tanta</strong></span> <span class='ocrx_word' id='word_1_140' title='bbox 1643 2203 1813 2254; x_wconf 83' lang='lat' dir='ltr'><strong>gratia.</strong></span> 
     </span>
     <span class='ocr_line' id='line_1_21' title="bbox 182 2274 1816 2326; baseline -0.001 -10"><span class='ocrx_word' id='word_1_141' title='bbox 182 2277 322 2317; x_wconf 81' lang='lat' dir='ltr'><strong>Brevi</strong></span> <span class='ocrx_word' id='word_1_142' title='bbox 355 2276 512 2316; x_wconf 91' lang='lat' dir='ltr'><strong>omnia</strong></span> <span class='ocrx_word' id='word_1_143' title='bbox 543 2275 601 2315; x_wconf 83' lang='lat' dir='ltr'><strong>ad</strong></span> <span class='ocrx_word' id='word_1_144' title='bbox 632 2274 847 2315; x_wconf 84' lang='lat' dir='ltr'><strong>effectum</strong></span> <span class='ocrx_word' id='word_1_145' title='bbox 876 2274 1133 2326; x_wconf 87' lang='lat' dir='ltr'><strong>perducere</strong></span> <span class='ocrx_word' id='word_1_146' title='bbox 1161 2275 1382 2326; x_wconf 90' lang='lat' dir='ltr'><strong>conabor,</strong></span> <span class='ocrx_word' id='word_1_147' title='bbox 1417 2274 1473 2315; x_wconf 92' lang='lat' dir='ltr'><strong>de</strong></span> <span class='ocrx_word' id='word_1_148' title='bbox 1505 2274 1672 2326; x_wconf 89' lang='lat' dir='ltr'><strong>quibus</strong></span> <span class='ocrx_word' id='word_1_149' title='bbox 1706 2280 1816 2314; x_wconf 87' lang='lat' dir='ltr'><strong>tunc</strong></span> 
     </span>
     <span class='ocr_line' id='line_1_22' title="bbox 182 2345 867 2388; baseline -0.003 0"><span class='ocrx_word' id='word_1_150' title='bbox 182 2348 322 2388; x_wconf 88' lang='lat' dir='ltr'><strong>latius</strong></span> <span class='ocrx_word' id='word_1_151' title='bbox 344 2347 499 2387; x_wconf 90' lang='lat' dir='ltr'><strong>omnia</strong></span> <span class='ocrx_word' id='word_1_152' title='bbox 522 2346 819 2387; x_wconf 82' lang='lat' dir='ltr'><strong>conscribam</strong></span> <span class='ocrx_word' id='word_1_153' title='bbox 839 2345 867 2386; x_wconf 70' lang='lat'><strong>⁶³.</strong></span> 
     </span>
    </p>

    <p class='ocr_par' dir='ltr' id='par_1_8' title="bbox 180 2416 1815 2541">
     <span class='ocr_line' id='line_1_23' title="bbox 268 2416 1815 2470; baseline -0.002 -11"><span class='ocrx_word' id='word_1_154' title='bbox 268 2419 444 2470; x_wconf 81' lang='lat' dir='ltr'><strong>Magna</strong></span> <span class='ocrx_word' id='word_1_155' title='bbox 465 2418 599 2458; x_wconf 90' lang='lat' dir='ltr'><strong>nobis</strong></span> <span class='ocrx_word' id='word_1_156' title='bbox 628 2417 851 2458; x_wconf 88' lang='lat' dir='ltr'><strong>Coloniae</strong></span> <span class='ocrx_word' id='word_1_157' title='bbox 879 2423 1007 2470; x_wconf 90' lang='lat' dir='ltr'><strong>patet</strong></span> <span class='ocrx_word' id='word_1_158' title='bbox 1033 2416 1177 2469; x_wconf 90' lang='lat' dir='ltr'><strong>janua</strong></span> <span class='ocrx_word' id='word_1_159' title='bbox 1209 2417 1394 2458; x_wconf 89' lang='lat' dir='ltr'><strong>Christo</strong></span> <span class='ocrx_word' id='word_1_160' title='bbox 1423 2417 1604 2457; x_wconf 89' lang='lat' dir='ltr'><strong>animas</strong></span> <span class='ocrx_word' id='word_1_161' title='bbox 1634 2416 1815 2457; x_wconf 84' lang='lat' dir='ltr'><strong>lucrifa-</strong></span> 
     </span>
     <span class='ocr_line' id='line_1_24' title="bbox 180 2488 1814 2541; baseline -0.002 -10"><span class='ocrx_word' id='word_1_162' title='bbox 180 2491 339 2531; x_wconf 84' lang='lat' dir='ltr'><strong>ciendi</strong></span> <span class='ocrx_word' id='word_1_163' title='bbox 360 2490 512 2541; x_wconf 83' lang='lat' dir='ltr'><strong>magis</strong></span> <span class='ocrx_word' id='word_1_164' title='bbox 535 2501 673 2541; x_wconf 83' lang='lat' dir='ltr'><strong>quam</strong></span> <span class='ocrx_word' id='word_1_165' title='bbox 695 2495 835 2530; x_wconf 90' lang='lat' dir='ltr'><strong>antea</strong></span> <span class='ocrx_word' id='word_1_166' title='bbox 853 2500 1075 2541; x_wconf 89' lang='lat' dir='ltr'><strong>unquam.</strong></span> <span class='ocrx_word' id='word_1_167' title='bbox 1095 2488 1423 2529; x_wconf 90' lang='lat' dir='ltr'><strong>Confitentium</strong></span> <span class='ocrx_word' id='word_1_168' title='bbox 1439 2500 1661 2528; x_wconf 90' lang='lat' dir='ltr'><strong>numerus</strong></span> <span class='ocrx_word' id='word_1_169' title='bbox 1679 2499 1814 2539; x_wconf 86' lang='lat' dir='ltr'><strong>auge-</strong></span> 
     </span>
    </p>
   </div>
   <div class='ocr_carea' id='block_1_6' title="bbox 199 2597 290 2601">
    <p class='ocr_par' dir='ltr' id='par_1_9' title="bbox 199 2597 290 2601">
     <span class='ocr_line' id='line_1_25' title="bbox 199 2597 290 2601; baseline 0 0"><span class='ocrx_word' id='word_1_170' title='bbox 199 2597 290 2601; x_wconf 95' lang='lat' dir='ltr'><strong> </strong></span> 
     </span>
    </p>
   </div>
   <div class='ocr_carea' id='block_1_7' title="bbox 294 2595 465 2600">
    <p class='ocr_par' dir='ltr' id='par_1_10' title="bbox 294 2595 465 2600">
     <span class='ocr_line' id='line_1_26' title="bbox 294 2595 465 2600; baseline 0 0"><span class='ocrx_word' id='word_1_171' title='bbox 294 2595 465 2600; x_wconf 95' lang='lat' dir='ltr'><strong> </strong></span> 
     </span>
    </p>
   </div>
   <div class='ocr_carea' id='block_1_8' title="bbox 182 2643 1818 2869">
    <p class='ocr_par' dir='ltr' id='par_1_11' title="bbox 182 2643 1816 2725">
     <span class='ocr_line' id='line_1_27' title="bbox 238 2643 1816 2678; baseline -0.001 -8"><span class='ocrx_word' id='word_1_172' title='bbox 238 2644 247 2663; x_wconf 92' lang='lat'>¹</span> <span class='ocrx_word' id='word_1_173' title='bbox 289 2643 342 2670; x_wconf 84' lang='lat' dir='ltr'><strong>Ex</strong></span> <span class='ocrx_word' id='word_1_174' title='bbox 357 2643 584 2677; x_wconf 82' lang='lat' dir='ltr'><strong>autographis</strong></span> <span class='ocrx_word' id='word_1_175' title='bbox 605 2643 741 2676; x_wconf 82' lang='lat' dir='ltr'><strong>litteris,</strong></span> <span class='ocrx_word' id='word_1_176' title='bbox 771 2651 856 2678; x_wconf 88' lang='lat' dir='ltr'><strong>quae</strong></span> <span class='ocrx_word' id='word_1_177' title='bbox 881 2643 914 2670; x_wconf 91' lang='lat' dir='ltr'><strong>in</strong></span> <span class='ocrx_word' id='word_1_178' title='bbox 937 2643 1061 2678; x_wconf 85' lang='lat' dir='ltr'><strong>duplici</strong></span> <span class='ocrx_word' id='word_1_179' title='bbox 1087 2643 1165 2670; x_wconf 88' lang='lat' dir='ltr'><strong>folio</strong></span> <span class='ocrx_word' id='word_1_180' title='bbox 1189 2643 1418 2678; x_wconf 88' lang='lat' dir='ltr'><strong>reperiuntur,</strong></span> <span class='ocrx_word' id='word_1_181' title='bbox 1434 2643 1487 2671; x_wconf 88' lang='lat' dir='ltr'><strong>cui</strong></span> <span class='ocrx_word' id='word_1_182' title='bbox 1508 2651 1539 2670; x_wconf 89' lang='lat' dir='ltr'><strong>n.</strong></span> <span class='ocrx_word' id='word_1_183' title='bbox 1555 2643 1633 2670; x_wconf 91' lang='lat' dir='ltr'><strong>olim</strong></span> <span class='ocrx_word' id='word_1_184' title='bbox 1647 2643 1715 2677; x_wconf 84' lang='lat'><strong>392,</strong></span> <span class='ocrx_word' id='word_1_185' title='bbox 1732 2650 1816 2670; x_wconf 87' lang='lat' dir='ltr'><strong>nunc</strong></span> 
     </span>
     <span class='ocr_line' id='line_1_28' title="bbox 182 2690 1331 2725; baseline 0 -7"><span class='ocrx_word' id='word_1_186' title='bbox 182 2698 266 2718; x_wconf 81' lang='lat' dir='ltr'><strong>vero</strong></span> <span class='ocrx_word' id='word_1_187' title='bbox 280 2690 315 2717; x_wconf 87' lang='lat'><strong>90</strong></span> <span class='ocrx_word' id='word_1_188' title='bbox 327 2694 359 2717; x_wconf 86' lang='lat' dir='ltr'><strong>et</strong></span> <span class='ocrx_word' id='word_1_189' title='bbox 374 2691 418 2718; x_wconf 78' lang='lat'><strong>91.</strong></span> <span class='ocrx_word' id='word_1_190' title='bbox 434 2690 498 2718; x_wconf 89' lang='lat' dir='ltr'><strong>Est</strong></span> <span class='ocrx_word' id='word_1_191' title='bbox 513 2694 546 2717; x_wconf 86' lang='lat' dir='ltr'><strong>et</strong></span> <span class='ocrx_word' id='word_1_192' title='bbox 558 2690 795 2725; x_wconf 86' lang='lat' dir='ltr'><strong>apographum</strong></span> <span class='ocrx_word' id='word_1_193' title='bbox 807 2691 839 2718; x_wconf 87' lang='lat' dir='ltr'><strong>in</strong></span> <span class='ocrx_word' id='word_1_194' title='bbox 854 2691 910 2718; x_wconf 87' lang='lat' dir='ltr'><strong>fol.</strong></span> <span class='ocrx_word' id='word_1_195' title='bbox 926 2691 943 2718; x_wconf 86' lang='lat'><strong>2</strong></span> <span class='ocrx_word' id='word_1_196' title='bbox 956 2691 1009 2719; x_wconf 86' lang='lat' dir='ltr'><strong>v.⁰</strong></span> <span class='ocrx_word' id='word_1_197' title='bbox 1024 2694 1058 2718; x_wconf 90' lang='lat' dir='ltr'><strong>et</strong></span> <span class='ocrx_word' id='word_1_198' title='bbox 1072 2691 1089 2718; x_wconf 82' lang='lat'><em>8</em></span> <span class='ocrx_word' id='word_1_199' title='bbox 1104 2690 1238 2719; x_wconf 83' lang='lat' dir='ltr'><strong>Codicis</strong></span> <span class='ocrx_word' id='word_1_200' title='bbox 1253 2691 1331 2719; x_wconf 87' lang='grc'>1551.</span> 
     </span>
    </p>

    <p class='ocr_par' dir='ltr' id='par_1_12' title="bbox 182 2738 1818 2869">
     <span class='ocr_line' id='line_1_29' title="bbox 239 2738 1818 2773; baseline 0.001 -8"><span class='ocrx_word' id='word_1_201' title='bbox 239 2740 253 2758; x_wconf 70' lang='grc'><strong>“-’</strong></span> <span class='ocrx_word' id='word_1_202' title='bbox 293 2739 385 2772; x_wconf 86' lang='lat' dir='ltr'><strong>Quae</strong></span> <span class='ocrx_word' id='word_1_203' title='bbox 402 2739 575 2772; x_wconf 85' lang='lat' dir='ltr'><strong>hucusque</strong></span> <span class='ocrx_word' id='word_1_204' title='bbox 591 2738 676 2765; x_wconf 79' lang='lat' dir='ltr'><strong>dixit</strong></span> <span class='ocrx_word' id='word_1_205' title='bbox 692 2738 902 2773; x_wconf 89' lang='lat' dir='ltr'><strong>Leonardus,</strong></span> <span class='ocrx_word' id='word_1_206' title='bbox 926 2739 1026 2773; x_wconf 86' lang='lat' dir='ltr'><strong>linea,</strong></span> <span class='ocrx_word' id='word_1_207' title='bbox 1049 2742 1085 2766; x_wconf 91' lang='lat' dir='ltr'><strong>ut</strong></span> <span class='ocrx_word' id='word_1_208' title='bbox 1107 2740 1250 2773; x_wconf 83' lang='lat' dir='ltr'><strong>solebat,</strong></span> <span class='ocrx_word' id='word_1_209' title='bbox 1273 2740 1504 2767; x_wconf 87' lang='lat' dir='ltr'><strong>circumducta</strong></span> <span class='ocrx_word' id='word_1_210' title='bbox 1520 2740 1685 2767; x_wconf 86' lang='lat' dir='ltr'><strong>conclusit</strong></span> <span class='ocrx_word' id='word_1_211' title='bbox 1700 2739 1818 2767; x_wconf 79' lang='lat' dir='ltr'><strong>Polan-</strong></span> 
     </span>
     <span class='ocr_line' id='line_1_30' title="bbox 182 2785 1817 2821; baseline -0.001 -7"><span class='ocrx_word' id='word_1_212' title='bbox 182 2794 253 2821; x_wconf 81' lang='lat' dir='ltr'><strong>cuS,</strong></span> <span class='ocrx_word' id='word_1_213' title='bbox 270 2790 306 2813; x_wconf 88' lang='lat' dir='ltr'><strong>ut</strong></span> <span class='ocrx_word' id='word_1_214' title='bbox 321 2794 341 2813; x_wconf 85' lang='lat' dir='ltr'><strong>a</strong></span> <span class='ocrx_word' id='word_1_215' title='bbox 356 2785 516 2819; x_wconf 86' lang='lat' dir='ltr'><strong>librariis,</strong></span> <span class='ocrx_word' id='word_1_216' title='bbox 538 2786 616 2813; x_wconf 85' lang='lat' dir='ltr'><strong>dum</strong></span> <span class='ocrx_word' id='word_1_217' title='bbox 632 2786 694 2813; x_wconf 83' lang='lat' dir='ltr'><strong>has</strong></span> <span class='ocrx_word' id='word_1_218' title='bbox 709 2786 846 2813; x_wconf 81' lang='lat' dir='ltr'><strong>litteras</strong></span> <span class='ocrx_word' id='word_1_219' title='bbox 868 2788 1155 2821; x_wconf 84' lang='lat' dir='ltr'><strong>transcriberent,</strong></span> <span class='ocrx_word' id='word_1_220' title='bbox 1171 2787 1544 2821; x_wconf 83' lang='lat' dir='ltr'><strong>praetermitterentur.</strong></span> <span class='ocrx_word' id='word_1_221' title='bbox 1560 2787 1688 2815; x_wconf 86' lang='lat' dir='ltr'><strong>Eorum</strong></span> <span class='ocrx_word' id='word_1_222' title='bbox 1703 2790 1817 2814; x_wconf 89' lang='lat' dir='ltr'><strong>tamen</strong></span> 
     </span>
     <span class='ocr_line' id='line_1_31' title="bbox 183 2832 1351 2869; baseline 0 -7"><span class='ocrx_word' id='word_1_223' title='bbox 183 2835 258 2862; x_wconf 87' lang='lat' dir='ltr'><strong>loco</strong></span> <span class='ocrx_word' id='word_1_224' title='bbox 273 2832 510 2860; x_wconf 83' lang='lat' dir='ltr'><strong>substituenda</strong></span> <span class='ocrx_word' id='word_1_225' title='bbox 525 2833 610 2860; x_wconf 87' lang='lat' dir='ltr'><strong>haec</strong></span> <span class='ocrx_word' id='word_1_226' title='bbox 625 2833 657 2860; x_wconf 91' lang='lat' dir='ltr'><strong>in</strong></span> <span class='ocrx_word' id='word_1_227' title='bbox 672 2833 827 2867; x_wconf 83' lang='lat' dir='ltr'><strong>margine</strong></span> <span class='ocrx_word' id='word_1_228' title='bbox 839 2841 941 2861; x_wconf 87' lang='lat' dir='ltr'><strong>manu</strong></span> <span class='ocrx_word' id='word_1_229' title='bbox 955 2834 1027 2869; x_wconf 90' lang='lat' dir='ltr'><strong>ipse</strong></span> <span class='ocrx_word' id='word_1_230' title='bbox 1039 2835 1179 2868; x_wconf 85' lang='lat' dir='ltr'><strong>propria</strong></span> <span class='ocrx_word' id='word_1_231' title='bbox 1194 2835 1330 2869; x_wconf 85' lang='lat' dir='ltr'><strong>scripsit</strong></span> <span class='ocrx_word' id='word_1_232' title='bbox 1345 2842 1351 2862; x_wconf 80' lang='lat' dir='ltr'>z</span> 
     </span>
    </p>
   </div>
   <div class='ocr_carea' id='block_1_9' title="bbox 237 2879 1816 2961">
    <p class='ocr_par' dir='ltr' id='par_1_13' title="bbox 237 2879 1816 2961">
     <span class='ocr_line' id='line_1_32' title="bbox 237 2879 1816 2915; baseline 0.001 -8"><span class='ocrx_word' id='word_1_233' title='bbox 237 2880 292 2907; x_wconf 81' lang='lat' dir='ltr'><strong>Ex</strong></span> <span class='ocrx_word' id='word_1_234' title='bbox 306 2880 440 2906; x_wconf 76' lang='lat' dir='ltr'><strong>litteris</strong></span> <span class='ocrx_word' id='word_1_235' title='bbox 456 2879 578 2906; x_wconf 78' lang='lat' dir='ltr'><strong>Palris</strong></span> <span class='ocrx_word' id='word_1_236' title='bbox 592 2880 783 2911; x_wconf 79' lang='lat' dir='ltr'><strong>Leonardz&#39;,</strong></span> <span class='ocrx_word' id='word_1_237' title='bbox 794 2881 996 2915; x_wconf 76' lang='lat' dir='ltr'><strong>praepositi</strong></span> <span class='ocrx_word' id='word_1_238' title='bbox 1008 2881 1147 2915; x_wconf 73' lang='lat' dir='ltr'><strong>collegii</strong></span> <span class='ocrx_word' id='word_1_239' title='bbox 1163 2881 1388 2909; x_wconf 81' lang='lat' dir='ltr'><strong>Colom&#39;ensis·</strong></span> <span class='ocrx_word' id='word_1_240' title='bbox 1399 2883 1479 2910; x_wconf 68' lang='lat' dir='ltr'><strong>uim</strong></span> <span class='ocrx_word' id='word_1_241' title='bbox 1503 2883 1709 2911; x_wconf 76' lang='lat' dir='ltr'><strong>Decembris</strong></span> <span class='ocrx_word' id='word_1_242' title='bbox 1723 2882 1816 2910; x_wconf 82' lang='lat'><em>1551.</em></span> 
     </span>
     <span class='ocr_line' id='line_1_33' title="bbox 241 2928 592 2961; baseline 0 -7"><span class='ocrx_word' id='word_1_243' title='bbox 241 2928 365 2954; x_wconf 76' lang='lat' dir='ltr'><strong>Gratia</strong></span> <span class='ocrx_word' id='word_1_244' title='bbox 383 2928 415 2953; x_wconf 84' lang='lat' dir='ltr'><strong>et</strong></span> <span class='ocrx_word' id='word_1_245' title='bbox 429 2930 513 2961; x_wconf 74' lang='lat' dir='ltr'><strong>pax,</strong></span> <span class='ocrx_word' id='word_1_246' title='bbox 528 2932 592 2954; x_wconf 87' lang='lat' dir='ltr'><strong>etc.</strong></span> 
     </span>
    </p>
   </div>
  </div>
 </body>
</html>
