2074 3179
153 170 225 208 442
668 170 895 208 LITTERAE
923 181 1282 214 QUADRIMESTRES

155 268 216 308 ha
245 267 466 308 condotto
494 279 520 308 3
552 268 617 308 tal
647 274 783 319 porto
811 267 858 307 di
891 268 1056 316 salute,
1094 268 1170 308 dal
1203 270 1339 320 quale
1369 281 1462 310 non
1493 270 1532 310 si
1559 270 1794 310 vorrebbe

157 339 469 390 allontanare‚
493 338 728 390 sperando
751 338 835 378 che
855 342 1168 390 perseverarat
1190 339 1236 379 di
1254 340 1370 380 bene
1393 341 1439 381 in
1455 341 1626 392 meglio
1644 342 1790 382 601113

154 410 412 450 medesima
447 410 615 460 gratia.
651 410 708 450 Et
738 413 876 461 potra
912 421 1040 450 esser
1075 410 1385 451 instrumento
1422 423 1504 462 per
1543 412 1792 463 aggiutare

156 482 264 521 altri
287 480 314 519 ¹.

234 553 284 593 Io
305 564 390 604 per
411 552 743 593 commissione
764 552 885 592 della
906 551 955 593 P.
980 553 1038 593 V.
1063 553 1127 593 mi
1156 564 1334 604 occupo
1364 553 1410 593 in
1440 565 1615 605 purgas
1637 555 1792 596 alcuni

158 624 266 664 libri
287 629 332 664 et
355 636 442 665 con
463 625 507 663 la
528 629 745 675 presente
766 635 824 664 ne
845 624 1017 664 mando
1040 635 1131 664 uno
1153 623 1182 662 Ξ.

236 694 542 746 Monsignore
568 694 599 734 il
630 693 791 735 Priore
813 695 855 734 ci
874 701 1013 746 porta
1035 707 1220 747 sempre
1248 696 1391 736 molta
1413 695 1657 736 affectione
1678 701 1722 737 et
1742 696 1791 738 fa

155 772 330 818 quanto
353 767 383 806 li
415 770 439 806 e
469 766 690 818 possibile
718 766 922 807 secondo
942 767 988 806 13
1013 767 1151 807 solita
1173 779 1257 807 sua
1283 767 1479 819 charita,
1504 779 1793 808 racomman-

153 837 352 878 dandosi
373 849 462 878 eon
483 837 561 878 noi
584 838 672 877 alle
694 838 895 878 orationi
917 838 1038 878 della
1059 838 1107 878 P.
1134 838 1218 879 V.a
1239 844 1284 878 et
1304 838 1546 890 pregando
1567 840 1612 879 13
1633 839 1792 880 divina

155 910 335 950 Maesta
356 909 441 950 6116
464 909 702 961 compisca
724 909 771 949 in
792 910 871 950 noi
891 910 997 950 tutti
1019 916 1139 950 tutto
1162 910 1192 950 il
1212 910 1506 962 beneplacito
1526 922 1628 951 suo.

236 981 306 1021 De
328 980 531 1021 Venetia
555 980 632 1020 alli
653 980 706 1020 26
727 980 772 1021 di
793 979 1052 1021 Settembre
1078 981 1193 1021 1551.

234 1051 293 1092 Di
316 1051 374 1091 V.
401 1051 454 1091 R.
478 1052 526 1091 P.
556 1051 759 1103 indegno
782 1064 920 1092 servo
937 1053 985 1092 in
1005 1053 1118 1106 Jesu
1143 1052 1345 1094 Christo.

1096 1195 1300 1236 ANDREA
1328 1209 1388 1236 DE
1419 1196 1574 1236 FRUs1.

240 1409 350 1449 silla
373 1420 517 1448 mame
542 1408 590 1448 in
614 1409 690 1449 ΒΑ
713 1409 928 1460 pagiua:
950 1409 1099 1460 Quad.
1125 1410 1245 1450 Ven.
1268 1409 1383 1449 71³¹·ss
1409 1409 1522 1449 1551.

237 1480 300 1520 Et
322 1479 438 1520 alsa:
458 1480 574 1531 1551,
599 1479 651 1519 26
672 1480 717 1520 di
737 1479 849 1520 Sett.
874 1480 1089 1520 Venetia.

210 1665 220 1685 ¹
259 1665 346 1692 Vide
362 1673 476 1700 supra,
493 1673 523 1692 n.
539 1672 631 1699 xclx,
647 1673 725 1699 pag.
740 1664 790 1692 391
808 1668 841 1692 et
857 1668 924 1692 not.
942 1665 967 1692 1.

208 1714 221 1733 ‘2
261 1713 456 1747 Scripserat
473 1713 508 1740 P.
525 1712 685 1740 Andreae
702 1712 822 1740 Frusio
840 1712 876 1740 P.
892 1712 1048 1747 Ignatius
1069 1715 1105 1739 ut
1127 1712 1278 1746 aliquam
1302 1712 1471 1739 rationem
1494 1712 1593 1740 iniret
1618 1713 1661 1740 ad
1675 1713 1798 1741 Teren-

156 1761 240 1789 tium
256 1766 289 1788 et
306 1762 391 1788 alios
406 1763 526 1795 poetas
542 1761 738 1795 purgandos
754 1768 773 1787 3
789 1761 892 1787 rebus
904 1761 1064 1793 lascivis,
1080 1763 1116 1787 ut
1128 1760 1291 1794 juventus
1307 1760 1353 1787 sic
1370 1760 1558 1794 puritatem
1573 1760 1708 1795 linguae
1723 1762 1799 1790 lati-

154 1817 217 1836 nae
234 1814 266 1836 et
283 1814 443 1836 ornatum
460 1808 615 1835 hauriret
632 1812 667 1835 ut
683 1815 815 1835 morum
830 1808 1014 1842 integritas
1030 1808 1275 1834 detrimentum
1296 1815 1361 1834 non
1383 1811 1578 1842 pateretur3
1600 1812 1634 1835 et
1654 1810 1741 1843 quod
1756 1810 1799 1837 ad

155 1857 241 1884 alios
257 1857 392 1891 quidem
408 1858 528 1890 poetas
544 1855 681 1889 attinet,
699 1855 837 1882 difficile
860 1863 925 1882 non
947 1855 1009 1882 suit
1031 1856 1093 1882 hoc
1121 1860 1312 1890 praestare,
1330 1863 1431 1890 quum
1446 1863 1487 1883 ea
1503 1863 1588 1890 quae
1604 1856 1735 1884 lasciva
1750 1865 1800 1884 cs-

155 1909 241 1937 sent,
257 1905 327 1932 sine
346 1904 457 1938 operis
472 1903 680 1930 detrimento
695 1906 833 1937 possent
849 1902 971 1936 omitti;
989 1906 1022 1930 et
1038 1903 1087 1931 ita
1109 1910 1129 1930 a
1145 1903 1181 1930 P.
1198 1902 1320 1930 Frusio
1342 1903 1375 1930 id
1394 1903 1549 1931 effectum
1564 1907 1632 1937 est,
1650 1911 1689 1931 ac
1704 1912 1802 1938 prae-

154 1952 275 1980 sertim
289 1953 322 1979 in
334 1951 480 1979 Horatio
496 1955 529 1978 et
544 1951 707 1985 Martiali;
722 1951 755 1978 in
770 1951 932 1978 Terentio
948 1959 1030 1978 vero
1048 1950 1248 1986 perdifficile
1264 1951 1446 1978 videbatur
1461 1951 1628 1978 rationem
1651 1952 1802 1986 aliquam

156 2000 239 2026 inire
253 2000 295 2027 ad
311 2007 351 2026 ea
366 1998 586 2033 removenda,
603 2006 689 2032 quae
705 2005 827 2032 parum
843 2002 959 2026 essent
971 1999 1131 2032 honesta,
1143 2006 1245 2033 quum
1263 2002 1502 2033 argumentum
1516 1999 1625 2033 ipsum
1641 2007 1680 2027 ea
1696 2000 1799 2028 conti-

155 2054 236 2074 nere
252 2047 438 2074 videretur.
454 2045 520 2074 Sed
535 2046 567 2073 id
583 2046 796 2080 excogitavit
813 2045 965 2080 Frusius,
991 2050 1028 2074 ut
1052 2054 1139 2081 quae
1162 2046 1203 2073 de
1227 2046 1407 2073 inhonesto
1429 2053 1544 2074 amore
1566 2047 1611 2074 ibi
1632 2047 1800 2081 dicuntur,

157 2095 196 2121 de
212 2095 354 2122 honesto
373 2098 407 2121 ct
423 2093 595 2128 conjugali
611 2093 816 2121 dicerentur.
835 2094 882 2121 At
899 2093 935 2120 P.
951 2093 1086 2128 Ignatio
1103 2094 1188 2122 haec
1204 2095 1293 2122 ratio
1309 2094 1479 2128 purgandi
1493 2095 1641 2128 probata
1655 2102 1721 2122 non
1737 2099 1799 2129 est,

157 2150 259 2177 quum
274 2141 396 2169 animis
408 2142 573 2177 juvenum
588 2145 660 2169 tam
676 2149 762 2176 quae
778 2142 818 2169 de
835 2142 1007 2177 conjugali
1023 2149 1124 2176 quarn
1148 2150 1234 2177 quae
1260 2142 1298 2169 de
1321 2142 1501 2170 inhonesto
1523 2149 1638 2170 amore
1654 2142 1802 2170 diceren-

158 2196 224 2223 tur,
241 2190 372 2224 species
390 2194 506 2224 turpes
522 2190 563 2216 ob
578 2190 693 2216 oculos
709 2188 834 2217 ment-is
847 2190 1030 2217 obtrudere
1052 2194 1207 2224 possent3
1224 2194 1257 2217 et
1273 2190 1407 2218 demum
1422 2197 1461 2217 ne
1478 2189 1660 2218 Terentius
1674 2191 1807 2225 legere«

155 2242 222 2273 tur,
239 2239 326 2267 hane
343 2239 453 2273 ipsam
467 2240 509 2267 ob
523 2246 675 2272 causam=
692 2239 724 2266 in
744 2237 872 2266 nostris
894 2238 1020 2266 scholis
1041 2238 1231 2273 prohibuit.
1255 2237 1441 2271 POLANcus.
1469 2237 1603 2272 Chron„
1625 2238 1704 2266 Soc.
1726 2238 1800 2274 ses.

155 2292 180 2314 t.
196 2293 228 2319 11,
248 2294 314 2320 pag
340 2286 447 2320 214,n.
466 2285 527 2314 103.
