2074 3179
198 173 267 211 406
712 175 937 212 LITTERAE
965 186 1322 218 QUADRlMESTRES

198 270 359 310 eodem
382 271 521 311 modo
542 271 628 311 iter
650 277 844 322 agentes
867 283 957 323 quo
978 271 1239 311 Bononiam
1256 283 1416 324 usque,
1436 272 1709 313 Tridentum
1731 284 1829 324 per-

201 341 432 393 venimus;
456 354 482 382 a
499 342 613 382 R.m0
641 342 881 383 Cardinali
901 343 1081 393 Legato
1099 341 1295 383 Concilii
1312 355 1367 383 ac
1384 343 1498 384 R.1110
1522 356 1704 396 quoque
1722 344 1829 385 Car-

198 412 340 452 dinali
371 413 643 459 Tridentino
666 420 709 453 et
739 414 796 453 ab
825 413 928 453 aliis
957 413 1217 465 Episcopis,
1241 413 1507 455 Veronensi
1534 421 1578 455 et
1608 415 1829 466 Calagur-

198 483 365 534 ritanO,
400 485 523 536 apud
552 496 689 536 quem
718 485 879 536 pransi
905 496 1065 524 sumus
1094 490 1138 524 et
1168 485 1311 536 aliqui
1338 485 1478 525 etiam
1508 485 1704 526 fratrum
1733 493 1830 527 tum

198 555 339 595 latine
361 561 458 595 tum
478 556 633 596 italice
661 555 941 605 concionati,
964 561 1163 607 paterna
1191 567 1304 595 sane
1332 557 1517 607 excepti
1543 556 1714 597 fuimus
1740 558 1829 609 pie-

198 632 308 677 tate,
333 627 526 679 quinon
556 627 708 666 solum
729 639 848 678 quae
877 627 924 667 in
952 633 1164 667 nostrum
1190 627 1279 667 iter
1306 627 1586 668 videbantur
1617 640 1829 669 necessa-

198 698 289 749 ria,
321 710 487 738 verum
517 699 655 738 etiam
686 699 866 750 seipsos
893 699 1014 738 ultro
1047 698 1214 738 offerre
1249 699 1384 739 nobis
1411 711 1505 739 non
1541 699 1829 751 dubitabant,

198 769 356 810 divino
385 770 589 821 quodam
615 781 774 810 amore
802 781 858 810 ac
884 770 1004 809 mira
1028 768 1319 820 jucunditate
1348 782 1509 810 coram
1538 771 1831 811 adstantibus

199 841 631 892 complectebantur
655 841 680 881 ¹.

285 911 501 952 Secundo
523 924 683 953 sumus
704 913 809 953 inde
831 913 1030 965 profecti
1055 913 1143 964 die,
1168 918 1321 964 atque,
1351 920 1401 953 ut
1422 925 1833 963 consueveramus,

198 984 285 1023 iter
325 990 542 1035 agentes,
585 984 750 1036 paucis
789 991 894 1036 post
934 984 1096 1025 diebus
1136 984 1328 1024 fluvium
1367 985 1620 1034 tenuimus,
1664 985 1741 1037 qui
1777 986 1833 1025 ab

198 1055 439 1106 Inspruch,
465 1067 547 1095 seu
577 1055 869 1108 Oeneponto,
902 1056 941 1095 si
961 1055 1111 1106 malis,
1136 1056 1268 1107 regia
1290 1055 1495 1106 civitate,
1527 1068 1610 1096 sex
1634 1056 1692 1096 ad
1713 1068 1833 1097 sum-

198 1138 322 1166 mum
339 1126 613 1167 milliaribus
630 1127 771 1168 distat
790 1128 982 1178 italicis,
1002 1127 1156 1179 ibique
1174 1127 1335 1167 navim
1352 1128 1736 1179 conscendentes,
1756 1129 1833 1169 ubi

197 1198 275 1237 diu
296 1197 416 1238 forte
438 1198 592 1239 fuerat
625 1199 985 1250 immorandum,
1009 1199 1099 1238 nisi
1122 1198 1178 1238 ab
1200 1197 1533 1249 Inspruchensi
1554 1200 1685 1250 regio
1718 1199 1831 1240 Con-

197 1269 299 1309 silio
321 1271 455 1321 quasi
482 1270 686 1311 edictum
718 1271 952 1323 quoddam
983 1282 1038 1310 ac
1068 1269 1251 1321 imperii
1279 1269 1432 1320 sigillo
1463 1270 1737 1321 obsignatae
1768 1271 1834 1312 lit-

196 1348 325 1381 terae
348 1343 676 1394 accessissent,
702 1343 761 1383 ad
782 1343 1019 1383 Viennam
1041 1341 1202 1393 quinto
1224 1346 1329 1392 post
1351 1342 1615 1393 appulimus
1637 1343 1725 1383 die.

277 1411 354 1453 Sic
390 1414 560 1466 itaque,
599 1414 739 1455 Pater
771 1413 1214 1463 observandissime,
1252 1423 1344 1452 uno
1374 1424 1532 1453 mense
1569 1420 1719 1454 totum
1750 1415 1836 1454 iter

197 1485 501 1526 confecimus.
532 1486 583 1526 In
612 1485 770 1537 Italia,
801 1493 851 1526 ut
883 1486 1000 1538 dixi,
1031 1487 1358 1540 concionibus,
1397 1486 1838 1528 conversationibus

198 1563 339 1608 atque
369 1557 596 1609 exemplis
631 1558 921 1599 dilectissimi
951 1560 1101 1600 nostri
1127 1560 1299 1600 fratres
1330 1559 1504 1611 aliquid
1532 1559 1651 1598 lucri
1682 1558 1837 1597 facere

198 1629 564 1680 contendebant,
602 1641 752 1681 neque
788 1629 834 1670 id
869 1630 1055 1681 quidem
1091 1637 1319 1671 tentatum
1354 1631 1453 1671 sine
1491 1630 1646 1670 fructu
1686 1629 1837 1669 ausim

197 1697 366 1750 dicere,
401 1699 632 1752 siquidem
659 1712 743 1752 per
776 1700 865 1741 Dei
899 1701 1239 1753 benignitatem
1266 1702 1457 1742 odorem
1482 1701 1670 1753 pietatis
1700 1707 1839 1752 atque

200 1771 445 1822 religionis
466 1771 636 1823 ubique
664 1771 935 1812 fundebant.
960 1773 1021 1813 Ut
1051 1779 1207 1813 autem
1228 1778 1421 1813 ventum
1454 1773 1500 1812 in
1533 1772 1838 1813 Germaniam

197 1848 280 1892 est,
307 1854 410 1882 cum
434 1842 595 1893 lingua
616 1843 859 1883 minimum
879 1845 1092 1884 valerent
1119 1850 1169 1884 ut
1190 1844 1333 1884 animi
1355 1850 1610 1896 conceptus
1640 1855 1838 1895 expone-

201 1921 318 1964 rent,
347 1925 480 1965 pace,
514 1914 867 1966 tranquillitate,
898 1915 1142 1966 modestia,
1173 1915 1495 1956 taciturnitate
1529 1927 1584 1955 ac
1613 1914 1838 1966 patientia

197 1984 242 2024 id
272 1985 592 2037 unusquisque
628 1985 809 2026 efficere
843 1986 1170 2036 contendebat,
1200 1993 1250 2026 ut
1281 1987 1495 2027 omnibus
1526 1985 1839 2027 aedificationi

197 2062 335 2096 esset.

276 2126 492 2180 Suscepit
526 2141 611 2169 nos
632 2129 672 2170 R
693 2129 754 2156 ‘³¹1³
779 2129 828 2169 Ρ.
853 2129 1076 2170 Claudius
1106 2136 1156 2170 ut
1183 2136 1342 2182 patres
1363 2130 1471 2181 (sic)
1502 2130 1711 2179 decebat,
1743 2129 1834 2181 qui,

198 2211 304 2239 cum
327 2200 504 2252 aliquot
528 2206 635 2241 ante
658 2201 757 2241 dies
779 2202 871 2241 huc
889 2201 1145 2253 appulisset
1166 2201 1396 2253 simulque
1413 2213 1519 2241 cum
1541 2212 1596 2240 eo
1619 2200 1737 2251 Mgr.
1760 2199 1838 2239 Pe-

199 2278 297 2310 trus
334 2270 654 2323 Schorichius,
688 2271 964 2324 jamdudum
990 2284 1076 2313 nos
1110 2278 1496 2325 exspectaverat;
1533 2272 1719 2324 excepit
1753 2283 1838 2311 nos

199 2342 333 2381 Rmus
354 2342 639 2383 Viennensis
666 2342 703 2394 ‘²;
733 2350 1019 2396 exceperunt
1049 2351 1094 2384 et
1117 2344 1195 2384 alii
1228 2344 1490 2395 dignissimi
1520 2343 1625 2394 viri,
1659 2349 1703 2383 et
1729 2354 1842 2394 prae

203 2415 403 2454 caeteris
423 2414 558 2454 ΚΒΜ
578 2415 868 2455 Labacensis
889 2414 918 2466 ⁵,
943 2416 1022 2467 qui
1044 2421 1114 2455 est
1135 2415 1253 2467 Regi
1275 2416 1333 2455 ab
1361 2415 1545 2455 animae
1578 2414 1772 2454 secretis
1794 2419 1838 2453 et

201 2485 495 2537 dispensator
531 2487 958 2538 eleemosynarum,
1000 2498 1183 2526 summa
1223 2498 1336 2527 sane
1376 2498 1482 2526 cum
1515 2485 1702 2537 pietate.
1747 2484 1836 2536 Qui

200 2557 341 2597 etiam
365 2557 425 2597 ad
445 2557 701 2609 hospitium
721 2569 883 2609 usque,
909 2558 1011 2598 aliis
1033 2558 1284 2598 comitatus
1300 2558 1432 2608 viris,
1457 2558 1577 2597 ultro
1594 2568 1681 2597 nos
1703 2567 1839 2608 quae-

202 2629 340 2669 situm
368 2629 517 2679 venit,
553 2629 804 2680 statimque
834 2629 1118 2669 destinatum
1148 2629 1425 2669 habitationi
1452 2629 1606 2668 locum
1634 2627 1837 2679 paravit,

257 2816 266 2835 ¹
308 2814 362 2842 Sic
379 2819 558 2849 utrumque
575 2815 822 2849 apographum3
840 2822 900 2841 nec
918 2819 1009 2841 certo
1025 2815 1227 2848 attingimus
1240 2822 1326 2848 quae
1341 2815 1448 2841 verba
1460 2817 1517 2841 aut
1530 2813 1766 2840 desiderentur
1781 2816 1840 2840 aut

202 2863 389 2890 redundent
404 2867 462 2890 aut
478 2863 652 2890 emendari
670 2863 816 2890 debeant
832 2866 867 2889 ut
883 2869 1001 2889 sensus
1015 2862 1214 2896 perspicuus
1231 2862 1381 2900 evadat„

255 2911 269 2929 ⁴2
308 2910 511 2937 Fredericus
523 2910 671 2943 Nausea,
687 2910 892 2938 Viennensis
909 2909 1108 2944 Episcopus.

257 2958 270 2976 Γ·
310 2958 468 2986 Urbanus
483 2957 785 2991 WVeber<Text01ffi
802 2957 1012 2985 Labacensis
1026 2957 1231 2991 Episcopus,
1250 2957 1473 2990 Ferdinandi,
1491 2957 1720 2984 Romanorum
1737 2956 1841 2990 Regis

205 3006 446 3033 confessarius.
