2074 3179
305 169 348 205 51
364 169 378 203 l
824 169 1050 206 LITTERAE
1078 179 1434 211 QUADRmESTREs

304 266 381 316 qui
395 265 481 304 hoc
499 265 760 305 institutum
775 265 968 305 coelitus
981 265 1230 306 Ferrariae
1243 266 1510 319 demissum,
1526 273 1779 320 antequam
1793 269 1848 308 de
1862 280 1948 309 sua

300 336 544 387 juventute
567 342 723 376 actum
751 342 894 386 essct,
919 336 1134 377 dictitant
1155 343 1199 377 et
1226 337 1345 378 inter
1371 345 1505 389 gesta
1525 340 1772 390 praeclara
1803 339 1949 379 Ducis

304 408 391 447 hoc
409 408 480 447 vel
500 408 546 447 in
564 408 726 459 primis
745 420 847 448 esse
866 408 1206 448 collocandum.
1225 408 1348 449 Reor
1366 415 1410 449 et
1426 409 1514 461 ipsi
1531 410 1653 450 Duci
1668 422 1763 451 non
1779 422 1947 462 parum

298 478 578 530 jucundum3
601 490 709 518 nam
731 479 918 530 saepius
940 479 1079 519 aedes
1099 485 1287 520 nostras
1307 481 1616 533 praeteriens,
1641 481 1751 522 dum
1780 493 1947 534 nempe

304 562 411 590 cum
431 551 595 602 paucis
617 550 760 590 animi
781 562 924 590 causa
946 551 1115 591 lustrat
1136 551 1318 603 urbem,
1343 563 1462 603 equo
1485 552 1544 592 ad
1564 564 1748 593 murum
1769 554 1846 593 vel
1867 565 1947 605 po-

304 621 395 661 tius
412 622 639 673 parietem
657 621 872 672 deducto,
893 628 1032 674 caput
1049 623 1331 673 transennis,
1352 635 1472 674 quae
1489 623 1535 663 in
1551 623 1707 664 vicum
1723 630 1942 675 vergunt,

302 693 526 733 admovet
549 698 593 732 et
615 698 694 733 aut
715 699 1070 745 praeceptorem
1100 695 1355 745 legentem,
1389 694 1427 734 is
1456 700 1525 734 est
1552 693 1771 735 Andreas
1798 696 1945 735 Bono-

301 764 491 815 niensis,
511 770 590 804 aut
611 775 809 816 puerum
829 765 1078 816 quemdam
1099 771 1326 816 orantem,
1347 771 1425 805 aut
1448 771 1607 806 mutuo
1629 765 1946 818 disceptantes

304 847 466 876 omnes
489 836 693 876 intuetur
716 843 759 876 et
782 836 923 876 audit.
948 835 1087 876 FaXit
1108 836 1473 888 benignissimus
1493 837 1650 890 Jesus,
1682 836 1787 889 Opt.
1818 837 1944 877 Max.

302 907 449 957 Deus,
472 912 520 947 ut
537 907 727 947 tandem
748 907 859 958 quid
881 907 967 947 sibi
989 907 1178 959 suisque
1199 908 1501 948 emolumenti
1521 908 1633 961 Jesu
1654 906 1866 948 Societas
1888 909 1947 948 sit

302 979 524 1029 allatura,
550 978 589 1018 si
611 990 715 1018 eam
735 979 781 1018 in
803 991 856 1019 eo
877 979 1028 1030 pretio
1052 979 1245 1030 habeat,
1270 990 1359 1030 quo
1382 978 1537 1030 debet,
1572 980 1824 1031 intelligat!
1858 979 1947 1020 Hic

300 1055 397 1090 tam
419 1050 565 1089 multa
587 1050 882 1090 scholasticis
903 1049 959 1090 de
987 1050 1126 1090 rebus
1153 1050 1310 1101 retuli,
1347 1050 1396 1091 Ρ.
1428 1056 1548 1102 opt.‚
1579 1062 1670 1103 quo
1700 1051 1830 1091 noris
1861 1063 1947 1103 pro

300 1121 490 1161 modulo
513 1133 597 1161 suo
619 1122 693 1161 sui
714 1133 942 1173 quemque
966 1121 1103 1162 officii
1124 1122 1356 1162 rationem
1377 1121 1565 1162 habere.

380 1193 441 1233 Ut
468 1199 624 1233 autem
652 1193 711 1233 ad
746 1193 1009 1245 spiritualia
1039 1193 1247 1243 veniam,
1280 1193 1446 1233 unicus
1473 1192 1570 1233 fere
1603 1198 1672 1233 est
1699 1193 1753 1234 R.
1784 1193 1832 1234 P.
1862 1193 1945 1233 Pa-

299 1264 536 1315 schasius,
561 1264 639 1316 qui
661 1265 810 1305 sacris
832 1266 969 1316 plane
993 1264 1211 1316 operibus
1239 1271 1379 1304 vacat
1407 1265 1589 1316 illisque
1620 1271 1689 1305 est
1717 1264 1945 1305 deditissi-

299 1346 423 1387 mus,
449 1347 569 1387 quae
590 1348 682 1376 non
706 1336 875 1376 minori
896 1336 1159 1387 sagacitate
1181 1342 1225 1376 et
1256 1336 1486 1376 industria
1514 1348 1655 1387 quam
1682 1336 1870 1376 fervore
1901 1342 1946 1377 et

299 1407 454 1447 studio
478 1412 666 1448 tractat.
697 1407 913 1458 Quotidie
940 1407 1175 1447 nonnullis
1204 1407 1429 1447 exercitia
1451 1407 1713 1459 spiritualia
1742 1407 1947 1459 imperti-

300 1484 390 1529 tur,
430 1484 474 1518 et
505 1478 625 1518 inter
661 1478 776 1518 alios
805 1478 1084 1530 quibusdam
1104 1478 1151 1518 in
1178 1478 1420 1518 altioribus
1451 1478 1694 1529 dignitatis
1721 1478 1946 1529 gradibus

298 1549 564 1589 constitutis
586 1549 701 1590 viris
723 1555 864 1602 atque
891 1549 1131 1600 matronis,
1163 1555 1208 1589 et
1228 1549 1414 1601 quidem
1436 1561 1530 1590 non
1550 1548 1728 1601 paucis.
1754 1549 1947 1590 Interim

297 1622 469 1672 quippe
492 1621 654 1662 decem
675 1627 719 1662 et
740 1621 957 1662 undecim
979 1621 1143 1661 eodem
1165 1621 1238 1661 die
1259 1622 1376 1661 solet
1398 1633 1453 1661 ea
1475 1622 1703 1662 conferre.
1728 1621 1826 1661 Nec
1855 1621 1946 1662 illis

298 1693 535 1744 denegare
556 1692 692 1733 facile
722 1699 860 1733 esset.
894 1693 1017 1733 Dum
1047 1693 1170 1733 enim
1195 1693 1519 1744 praesentiunt
1547 1704 1666 1744 quae
1694 1693 1946 1733 commoda

297 1765 390 1804 sint
412 1764 670 1805 familiares
691 1765 762 1804 sui
783 1764 1074 1815 consequuti,
1098 1764 1340 1815 quiescere
1362 1776 1482 1815 eum,
1508 1764 1658 1804 donec
1685 1764 1943 1813 exorarint,

296 1848 391 1876 non
414 1836 584 1876 sinunt.

378 1908 759 1948 Commemoratu
790 1907 984 1959 dignum
1011 1907 1197 1947 videtur
1227 1906 1351 1958 quod
1385 1906 1676 1946 nobilissima
1711 1906 1943 1958 quaedam

296 1980 464 2030 vidua,
495 1979 552 2019 ab
582 1979 674 2019 alia
702 1990 815 2019 suae
846 1978 1127 2018 conditionis
1153 1978 1471 2030 praemonita,
1505 1989 1561 2018 ea
1593 1984 1662 2018 est
1692 1976 1943 2019 Societatis

293 2051 469 2091 fautrix
497 2051 704 2091 maxima
735 2050 760 2099 ¹,
791 2050 979 2090 Patrem
1007 2050 1067 2089 ad
1095 2061 1144 2089 se
1172 2060 1437 2100 accersens,
1462 2049 1688 2089 exercitia
1710 2055 1808 2090 tum
1830 2050 1934 2097 sibi,

292 2128 391 2162 tum
426 2134 597 2162 novem
622 2121 914 2174 pedissequis
936 2120 1292 2171 communicari,
1323 2119 1526 2160 fructum
1547 2132 1606 2160 ex
1628 2121 1694 2160 eis
1726 2132 1817 2161 non
1848 2133 1940 2161 me-

291 2193 502 2233 diocrem
525 2199 923 2244 consequuturam
946 2191 1200 2240 confidens,
1225 2191 1476 2242 deprecata
1500 2198 1584 2231 est.
1609 2190 1702 2232 Sua
1724 2203 1806 2244 spe
1835 2204 1939 2232 eam

291 2263 504 2304 delusam
524 2265 651 2304 nullo
672 2264 812 2304 modo
834 2275 937 2303 esse
965 2269 1163 2303 eventus
1192 2262 1537 2302 demonstravit
1564 2263 1694 2303 satis.
1723 2261 1844 2303 Nam
1873 2264 1938 2304 ita

290 2336 337 2375 in
360 2336 636 2386 religionem
667 2335 858 2386 exarsit,
883 2340 931 2374 ut
954 2334 1201 2374 mulierum
1222 2333 1561 2374 monasterium
1589 2334 1864 2385 erigendum
1892 2342 1937 2375 et

289 2407 386 2447 suis
407 2407 731 2458 facultatibus,
756 2418 876 2458 quae
898 2407 1072 2446 multae
1094 2410 1215 2456 sunt,
1241 2405 1484 2445 ditandum
1506 2404 1789 2456 decreverit,
1813 2406 1936 2457 quod

288 2485 337 2518 ut
359 2479 626 2519 executioni
647 2478 915 2527 mandaret,
939 2488 1117 2528 paucos
1139 2481 1244 2528 post
1266 2476 1366 2516 dies
1387 2476 1446 2516 ad
1473 2477 1696 2528 patriam,
1721 2477 1937 2529 portione

290 2550 594 2601 supellectilis
615 2561 728 2590 suae
749 2549 883 2589 nobis
906 2548 1028 2588 dono
1050 2548 1239 2598 donata,
1264 2538 1503 2597 migravit.

369 2621 702 2661 Confessiones
725 2619 985 2661 audiendae
1002 2630 1256 2670 numquam
1274 2618 1455 2669 desunt,
1474 2618 1711 2670 privatim,
1732 2620 1932 2671 publice,

286 2693 334 2732 in
350 2692 670 2743 xenodochiis,
694 2703 812 2743 quae
830 2690 1070 2742 praefatus
1088 2689 1226 2730 Pater
1244 2689 1518 2740 saepissime
1538 2690 1706 2730 lustrat
1722 2702 1816 2731 non
1833 2691 1934 2731 sine

287 2764 495 2803 maximo
516 2763 822 2815 plurimorum
842 2761 1079 2814 prosectu;
1104 2760 1347 2812 siquidem,
1372 2765 1422 2800 ut
1442 2760 1576 2800 nobis
1599 2760 1774 2802 referre
1796 2762 1930 2812 solet,

287 2846 543 2886 numquam
564 2834 656 2874 illic
673 2833 839 2874 desunt
861 2833 940 2884 qui
962 2831 1252 2884 impatientia
1271 2831 1520 2871 immodice
1537 2832 1765 2884 laborent,
1786 2833 1930 2873 immo

342 2995 350 3015 ¹
395 2995 503 3022 Maria
520 2995 675 3022 Frasona
691 2995 743 3022 dcl
759 2993 849 3027 Jeso,
866 2993 958 3021 dicta
974 2993 1008 3020 la
1024 2992 1183 3020 Fattora.
