2074 3179
272 141 346 176 ‹301'›
789 140 1016 177 LITTERAE
1043 138 1402 184 QuADmMESTREs

279 238 386 277 vuol
409 237 613 277 ritornar
635 249 717 289 per
747 238 924 288 niente;
948 249 1036 289 pur
1062 237 1123 277 ha
1149 237 1258 278 dato
1286 239 1482 290 qualche
1510 251 1739 291 speranza
1772 240 1812 280 d‘
1841 252 1908 281 as-

272 309 423 348 coltar
441 309 546 360 quel
563 309 648 348 che
660 309 727 359 gli
744 308 936 348 diremo.
955 308 1029 349 Un
1040 309 1244 359 giovane
1262 309 1483 360 anchora,
1504 309 1721 350 havendo
1735 311 1911 352 havuto

275 391 336 419 un
359 379 484 430 figlio
507 391 589 431 per
620 379 953 429 fornicatione,
984 385 1029 419 et
1054 391 1148 420 non
1175 380 1392 420 havendo
1420 381 1575 432 obligo
1602 380 1649 421 di
1675 381 1910 422 matrimo-

272 451 364 497 nio,
390 462 476 501 pur
498 450 850 490 rimostrandoli
870 450 936 501 gli
958 451 1307 491 inconvenienti
1328 457 1372 491 et
1390 452 1582 502 pericoli
1602 452 1718 492 delle
1741 453 1908 503 anime,

271 521 311 560 si
332 525 356 561 e
377 522 573 560 rimesso
596 532 622 560 a
645 522 750 572 quel
771 522 857 561 che
873 522 939 572 gli
967 521 1162 572 diremo,
1193 522 1402 562 anchora
1424 523 1509 562 che
1535 522 1604 563 sia
1631 523 1802 574 partito
1829 535 1911 575 per

273 593 333 631 lui
363 591 835 642 dis-commodissimo,
861 598 989 633 tanto
1013 592 1098 633 che
1119 604 1213 632 non
1235 594 1277 633 ci
1298 593 1432 634 basta
1460 594 1487 633 l’
1521 594 1675 633 animo
1697 594 1910 634 determi-

268 675 384 703 nare
405 675 546 703 senza
568 663 788 714 maggior
809 664 1199 704 consideratione.
1231 664 1268 704 E
1289 671 1412 704 stata
1435 665 1701 705 confessata
1722 677 1816 705 una
1833 678 1910 717 po-

270 746 385 774 vera
407 735 702 775 incarcerata
724 734 922 785 infirma,
947 742 991 775 et
1008 736 1054 776 la
1070 735 1320 776 settimana
1343 742 1479 776 santa
1495 735 1663 776 furono
1684 736 1912 777 eshortati

265 806 333 853 gli
355 806 630 857 prigionieri
652 818 678 846 a
697 806 996 858 confessarsi;
1021 814 1065 847 et
1087 807 1260 857 alcuni,
1285 807 1464 848 benche
1485 808 1636 859 prima
1658 808 1909 859 desperati,

266 878 487 927 negando
509 890 535 917 o
558 877 836 918 biasmando
857 879 902 917 la
924 878 1223 930 providentia
1245 890 1386 930 sopra
1407 878 1439 918 li
1465 879 1609 929 giusti
1630 885 1674 919 et
1703 879 1908 930 ingiusti,

270 961 356 999 pur
377 950 637 1000 promisero
660 949 964 999 confessarsi,
989 949 1207 990 havendo
1226 951 1268 989 la
1287 950 1570 990 commodita
1587 950 1633 990 di
1650 951 1804 1001 luogo,
1825 951 1911 990 che

268 1033 363 1061 non
384 1021 430 1060 fu
446 1021 666 1073 possibile
687 1032 770 1073 per
791 1022 865 1061 all’
891 1021 1029 1071 hora,
1050 1028 1095 1062 et
1112 1021 1310 1061 essendo
1327 1022 1406 1061 noi
1422 1022 1548 1061 assai
1565 1022 1782 1073 occupati
1799 1022 1847 1062 in
1867 1023 1911 1062 la

265 1093 429 1132 chiesa
450 1100 629 1143 nostra,
653 1093 693 1132 si
715 1096 740 1133 e
761 1092 880 1133 satta
901 1093 1101 1144 qualche
1129 1093 1371 1144 diligentia
1394 1093 1440 1133 di
1469 1092 1609 1144 fargli
1636 1093 1720 1133 dar
1750 1093 1912 1133 ordine

269 1176 353 1215 per
374 1164 489 1204 certi
509 1163 885 1215 gentilhuomini.

349 1235 576 1276 Anchora
598 1236 638 1275 si
661 1247 777 1275 sono
801 1235 989 1276 visitate
1011 1241 1056 1275 et
1085 1235 1349 1276 confessate
1370 1237 1535 1276 alcune
1556 1248 1755 1288 persone
1787 1248 1910 1276 ama·

268 1308 420 1348 latein
433 1318 543 1347 casa
562 1319 661 1357 sua,
678 1313 723 1347 et
736 1307 827 1347 ben
839 1313 1004 1357 morte,
1020 1318 1152 1347 come
1170 1307 1428 1359 crediam03
1450 1314 1494 1347 et
1511 1319 1594 1359 per
1606 1319 1699 1347 una
1716 1307 1914 1348 essendo

267 1379 493 1419 chiamati
533 1379 687 1430 doppo
722 1379 766 1418 la
802 1378 1008 1429 Pascha,
1048 1390 1181 1418 come
1217 1390 1299 1430 per
1335 1379 1605 1419 riconciliar
1641 1379 1913 1427 solamente,

266 1450 317 1490 fu
338 1456 528 1491 trovato
551 1449 637 1490 che
659 1450 846 1490 haveva
868 1450 957 1490 ben
984 1450 1184 1501 bisogno
1213 1450 1253 1490 d’
1284 1462 1375 1490 una
1399 1450 1693 1490 confessione
1720 1461 1913 1501 genera-

268 1523 331 1572 le,
357 1533 489 1562 come
513 1533 562 1561 se
585 1521 678 1561 mai
708 1533 802 1561 non
824 1521 863 1561 si
890 1521 1017 1561 fusse
1039 1520 1323 1561 confessata.
1354 1521 1542 1562 Bench'e
1562 1534 1644 1573 per
1673 1522 1830 1573 gratia
1851 1521 1912 1561 di-

273 1594 381 1633 vina
403 1606 482 1634 era
506 1593 585 1645 piu
607 1599 937 1633 mancamento
960 1593 1006 1632 di
1027 1593 1296 1643 cognitione
1318 1599 1362 1633 et
1384 1593 1430 1633 di
1452 1592 1736 1633 commodita
1758 1593 1844 1633 che
1866 1593 1913 1633 di

271 1665 483 1711 volonta,
507 1676 583 1704 ma
604 1663 868 1704 havendola
888 1664 917 1704 11
940 1663 1110 1714 Signor
1133 1664 1475 1704 mirabilmente
1498 1670 1780 1704 conservata
1802 1664 1915 1704 dalli

269 1736 478 1788 pericoli.
513 1735 562 1776 Si
588 1747 793 1787 procura
825 1735 975 1775 anche
998 1746 1082 1786 per
1113 1735 1279 1775 alcune
1308 1735 1580 1786 giovanette
1608 1734 1653 1775 di
1680 1735 1913 1786 trovargli

268 1808 469 1859 ricapito
501 1808 548 1847 in
574 1807 798 1859 hospitali
829 1818 854 1846 o
885 1806 992 1846 altri
1018 1806 1182 1857 luoghi
1210 1806 1367 1846 sicuri.
1405 1806 1463 1846 Et
1492 1807 1658 1846 alcune
1694 1805 1848 1846 donne
1876 1807 1916 1846 si

268 1891 386 1919 sono
408 1879 589 1919 ritirate
611 1878 735 1918 dalla
755 1877 1117 1918 conversatione
1138 1879 1263 1918 mala
1285 1877 1331 1917 di
1353 1877 1591 1918 sacerdoti
1618 1877 1913 1928 indiavolati,

266 1952 356 1991 che
378 1951 483 1991 dico
511 1951 605 1990 mal
632 1949 903 1998 volontieri,
936 1960 1012 1989 ma
1041 1951 1148 2000 ogn'
1180 1961 1272 1989 uno
1303 1960 1355 1989 sa
1384 1949 1469 1989 che
1498 1949 1579 1989 tali
1606 1949 1736 1989 molti
1756 1949 1797 1989 si
1824 1955 1913 1989 tro-

268 2035 409 2062 vano.

351 2094 425 2134 Un
446 2093 635 2144 hebreo,
671 2092 963 2133 catechizato
986 2091 1045 2132 da
1074 2092 1166 2141 noi,
1192 2091 1231 2131 si
1260 2095 1285 2131 e
1312 2091 1628 2143 batteggiato;
1660 2097 1705 2131 et
1735 2091 1913 2131 confes-

270 2173 376 2206 sato
398 2177 490 2206 uno
513 2165 599 2205 che
622 2176 704 2204 era
732 2169 856 2204 stato
879 2164 926 2203 in
949 2162 1157 2203 Turchia
1180 2162 1430 2214 rinnegato
1452 2174 1536 2214 per
1557 2162 1715 2203 sedeci
1737 2163 1862 2213 anni,
1888 2162 1919 2202 il

272 2238 409 2289 quale
446 2237 505 2276 ha
541 2236 764 2277 condutto
800 2238 878 2287 qui
915 2240 960 2275 et
990 2234 1108 2274 fatto
1144 2233 1415 2285 batteggiar
1450 2234 1624 2285 moglie
1661 2240 1706 2274 et
1740 2233 1914 2285 figlioli.

273 2309 442 2361 Dapoi,
468 2307 682 2348 venendo
714 2307 802 2347 due
823 2306 939 2346 navi
959 2306 1006 2346 di
1028 2305 1181 2345 turchi
1210 2310 1254 2345 et
1281 2305 1425 2354 mori,
1456 2305 1487 2345 il
1516 2304 1686 2356 Signor
1713 2305 1775 2346 ha
1800 2305 1917 2345 fatto

268 2380 514 2421 convertis
535 2380 626 2419 alla
648 2378 752 2418 fede
773 2390 859 2418 sua
883 2375 1123 2429 parecchi,
1154 2383 1197 2416 et
1221 2376 1327 2416 altri
1355 2376 1592 2427 rinnegati
1613 2382 1804 2417 tornare
1826 2377 1917 2416 alla

270 2453 453 2502 chiesa,
491 2450 797 2501 adoperando
835 2450 865 2489 il
895 2454 1055 2489 nostro
1097 2448 1375 2499 Monsignor
1409 2459 1542 2488 come
1575 2459 1659 2499 per
1692 2448 1914 2499 generale

273 2524 472 2575 ricapito
495 2522 554 2562 ad
581 2521 693 2573 ogni
720 2532 864 2573 opera
888 2532 988 2570 sua,
1013 2526 1058 2559 et
1079 2518 1281 2559 dandoci
1302 2518 1513 2559 anchora
1536 2518 1735 2570 qualche
1764 2525 1916 2571 parte-

271 2596 512 2646 cipatione
534 2595 581 2634 in
602 2594 667 2634 tal
688 2592 964 2641 ministerio,
988 2591 1209 2631 massime
1232 2590 1509 2630 servendosi
1530 2590 1604 2630 del
1624 2596 1787 2631 nostro
1810 2590 1915 2631 Gio-

272 2677 429 2706 vanne
451 2665 652 2706 Battista
677 2663 702 2713 ¹,
728 2664 809 2716 gia
829 2663 1019 2712 hebreo,
1044 2673 1128 2713 per
1149 2661 1365 2712 havergli
1386 2660 1496 2701 dato
1518 2662 1686 2702 notitia
1716 2662 1763 2702 di
1785 2662 1917 2702 varie

272 2738 448 2788 lingue.

358 2808 486 2848 Molti
514 2808 709 2860 giovani
736 2807 958 2857 scholari,
986 2812 1031 2846 et
1063 2805 1212 2845 anche
1241 2805 1358 2844 altre
1380 2815 1580 2855 persone
1610 2804 1656 2844 di
1683 2810 1837 2854 tempo
1865 2809 1909 2843 et

333 2968 339 2985 ¹
381 2968 527 2999 joannes.
544 2968 701 3003 Baptista
716 2968 870 2995 Elianus.
