2074 3179
240 165 311 202 ‘232
747 165 973 202 LlTTERAE
1000 176 1358 208 QUADRIMESTRES

241 261 329 301 illis
364 260 523 313 datur,
558 268 775 302 currente
806 273 964 302 mense
994 262 1091 312 1110,
1116 262 1332 313 gestandi
1353 262 1647 312 mantellum,
1679 268 1725 302 et
1756 262 1879 302 ince-

242 333 380 373 dendi
402 344 509 373 cum
535 333 716 373 duobus
738 332 998 383 sodalibus,
1028 332 1075 372 id
1101 333 1227 384 quod
1255 334 1374 373 citra
1401 332 1664 384 hujusmodi
1697 333 1879 385 dispen-

242 405 450 445 sationes
471 405 661 445 minime
683 405 797 456 ipsis
818 403 973 443 facere
994 404 1170 444 liceret.
1193 404 1265 444 Ex
1282 416 1371 456 quo
1389 405 1574 456 quidem
1597 415 1736 456 opere
1759 403 1879 444 cedit

242 488 336 516 non
363 477 561 528 simplex
590 482 668 515 aut
695 475 887 514 minima
920 475 1119 525 utilitas;
1154 487 1264 516 nam
1291 482 1478 527 praeter
1500 476 1703 516 fructum
1738 476 1882 516 dicta·

243 560 347 588 rum
377 547 788 596 eleemosinarum,
819 546 986 597 quibus
1016 546 1174 598 inopia
1197 546 1545 587 Conversarum
1575 547 1878 596 succurritur,

243 619 492 659 nonnullae
514 618 622 658 hinc
651 617 880 668 arripiunt
906 618 1199 669 propositum
1227 618 1438 658 mutandi
1465 618 1611 658 vitam
1632 618 1679 658 in
1700 617 1881 667 melius3

244 690 289 730 id
311 690 435 741 quod
456 700 621 729 verum
642 687 856 739 equidem
877 700 979 728 esse
1010 689 1217 740 comperi
1247 689 1461 740 exemplo
1490 689 1751 729 istiusmodi
1772 700 1882 740 qua-

244 768 349 801 tuor
389 759 789 809 muliercularum,
832 770 951 810 quae
991 771 1085 799 non
1118 759 1255 800 modo
1292 760 1350 799 ab
1384 759 1473 800 isto
1513 771 1596 799 suo
1632 759 1885 799 damnabili

246 837 371 872 statu
393 843 494 871 sese
517 831 810 879 avulserunt,
835 842 1001 870 Verum
1022 830 1164 870 etiam
1180 830 1376 871 honesta
1396 842 1501 871 cum
1516 831 1633 870 viris
1654 830 1886 885 connubia

246 903 464 953 inierunt,
485 901 608 953 quod
625 907 674 942 ut
690 901 980 942 commodius
995 908 1374 953 assequerentur,
1390 901 1677 953 suffragatae
1690 907 1798 941 sunt
1810 913 1882 953 pe-

246 975 413 1014 cuniae
435 986 494 1013 ex
515 973 759 1025 praedicta
776 972 1119 1013 contributione
1140 984 1376 1013 corrasae.
1396 972 1552 1013 Audio
1571 978 1614 1013 et
1635 973 1887 1013 nonnullas

250 1046 368 1086 alias
388 1045 693 1085 renunciasse
715 1044 841 1084 vitae
861 1045 1029 1096 priori,
1053 1050 1097 1084 et
1118 1044 1234 1084 alias
1256 1044 1549 1085 continenter
1565 1044 1742 1095 vivere,
1772 1044 1891 1084 alias

247 1117 364 1157 Viris
391 1116 622 1167 nupsisse.
653 1115 724 1155 De
752 1115 945 1167 reliquis
968 1114 1128 1167 jubent
1155 1127 1241 1155 nos
1269 1116 1387 1155 bene
1417 1127 1608 1167 sperare
1630 1115 1797 1155 crebra
1817 1126 1889 1154 su-

252 1188 397 1240 spiria
420 1194 464 1227 et
492 1187 716 1238 gemitus,
748 1198 864 1238 quos
892 1187 1083 1238 energia
1111 1187 1243 1227 verbi
1271 1186 1360 1227 Dei
1386 1187 1600 1227 videmus
1628 1197 1886 1238 erumpere.

333 1257 584 1299 Praeterea
605 1257 842 1299 Sodalitas
863 1270 945 1298 seu
967 1258 1343 1299 Confraternitas
1370 1257 1697 1308 Notariorum,
1722 1258 1778 1297 de
1799 1269 1890 1309 qua

250 1331 366 1370 alias
388 1330 448 1370 ad
468 1329 584 1370 Ram
605 1330 727 1371 V.am
754 1330 1043 1382 scripsimus,
1068 1330 1203 1370 firma
1223 1330 1453 1382 persistit,
1484 1341 1603 1382 quae
1632 1335 1731 1370 tota
1758 1340 1890 1369 occu-

249 1408 389 1454 patur
420 1402 467 1442 in
494 1414 549 1442 eo
580 1408 629 1442 ut
659 1402 864 1454 quotidie
891 1400 983 1441 duo
1012 1402 1196 1442 illorum
1224 1413 1361 1441 mane
1383 1402 1540 1451 semel,
1572 1407 1615 1440 et
1646 1400 1789 1440 semel
1815 1411 1890 1439 ve-

249 1485 400 1525 spere,
425 1474 635 1514 infirmos
656 1474 979 1514 incarceratos
1000 1473 1190 1513 visitent
1212 1478 1256 1513 et
1273 1472 1329 1513 de
1350 1472 1425 1523 iis,
1451 1484 1569 1524 quae
1586 1470 1645 1511 ad
1661 1471 1893 1511 rationem

249 1546 404 1586 victus
440 1551 484 1586 et
533 1546 873 1586 medicinarum
908 1545 1164 1596 pertinent,
1202 1543 1362 1584 sedulo
1399 1543 1702 1595 provideant3
1738 1554 1892 1583 sacra-

250 1623 407 1658 menta
429 1629 614 1669 quoque
636 1616 946 1657 confessionis
968 1621 1014 1656 et
1036 1615 1379 1656 communionis
1401 1620 1594 1655 sanctae
1616 1613 1892 1665 tempestive

252 1688 572 1729 administrari
592 1693 860 1740 procurent.
890 1687 994 1728 Hac
1022 1686 1316 1727 hebdomada
1338 1687 1443 1726 illos
1460 1686 1558 1738 jam
1584 1686 1735 1726 dictos
1755 1684 1895 1725 Nota—

250 1760 348 1800 rios
369 1759 569 1800 conveni
591 1765 730 1811 atque
751 1759 972 1799 admonui
993 1759 1104 1798 utile
1125 1758 1225 1798 fore
1252 1758 1291 1798 si
1307 1758 1428 1798 inter
1455 1768 1504 1797 se
1530 1756 1772 1809 capitatim
1799 1767 1893 1796 cer-

251 1837 348 1872 tam
370 1837 532 1871 taxam
552 1842 606 1871 ac
629 1842 861 1871 summam
880 1830 1107 1882 pecuniae
1131 1830 1489 1879 constituerent;
1509 1828 1633 1880 quod
1649 1827 1895 1867 consilium

252 1902 340 1942 illis
361 1902 504 1942 fuisse
526 1902 656 1942 cordi
676 1901 884 1952 videtur,
910 1912 1016 1941 cum
1043 1900 1276 1951 nonnulli,
1309 1900 1406 1940 suis
1433 1899 1698 1940 nominibus
1719 1898 1895 1949 scripto

251 1973 458 2024 traditis,
483 1971 581 2024 jam
616 1978 862 2013 numerent
896 1972 972 2012 1116
1002 1977 1204 2024 quatuor
1230 1979 1421 2012 tarenos
1446 1970 1472 2022 ¹,
1503 1970 1578 2010 ille
1606 1976 1701 2010 tres
1734 1981 1894 2010 mense

256 2045 462 2096 singulm
488 2050 532 2085 et
553 2045 641 2085 hac
663 2044 970 2095 eleemosina,
994 2056 1113 2096 quae
1144 2043 1203 2083 ad
1229 2054 1462 2083 summam
1483 2048 1671 2083 centum
1691 2046 1893 2081 scutato—

250 2127 355 2157 rum
374 2122 417 2156 et
440 2128 494 2156 eo
518 2116 731 2168 amplius,
756 2116 822 2156 uti
844 2121 1076 2167 speratur,
1097 2120 1328 2166 assurget,
1353 2125 1577 2165 magnum
1598 2112 1896 2164 refrigerium

253 2187 570 2237 praestabitur
590 2187 774 2227 miseris
795 2187 886 2227 illis
905 2186 1017 2239 Jesu
1038 2185 1146 2237 Xpi.
1171 2185 1409 2226 membris.

334 2258 664 2310 Superioribus
695 2257 872 2309 diebUS,
898 2263 1084 2298 mortua
1105 2256 1361 2297 Abbatissa
1391 2255 1634 2307 cujusdam
1665 2259 1894 2295 monaste-

255 2331 312 2371 rii
333 2331 390 2371 de
411 2330 646 2381 Conillon,
672 2329 903 2370 dioecesis
923 2328 1028 2369 R.¹11i
1053 2328 1192 2370 Card.
1216 2329 1254 2369 F
1257 2328 1446 2379 arnesii,
1470 2339 1543 2368 me
1572 2327 1740 2368 obnixe
1760 2336 1897 2377 roga·

259 2402 324 2442 vit
346 2402 644 2443 Gubernator
666 2400 1020 2452 Montisregalis
1048 2406 1097 2440 ut
1126 2400 1186 2440 ad
1213 2411 1319 2440 eum
1347 2400 1502 2440 locum
1521 2410 1595 2439 me
1619 2397 1895 2445 conferrem,

258 2485 349 2525 quo
370 2485 451 2525 per
473 2474 602 2514 viam
624 2473 880 2514 canonicae
902 2471 1142 2512 electionis
1164 2471 1256 2511 alia
1272 2471 1319 2511 in
1335 2472 1490 2511 locum
1507 2470 1779 2510 demortuae
1801 2479 1897 2508 sur-

261 2550 524 2595 rogaretur.
549 2544 790 2585 Profectus
810 2555 914 2584 sum
930 2543 1072 2595 igitur
1091 2575 1099 2594 ,
1119 2548 1162 2583 et
1176 2542 1445 2594 praesentia
1462 2552 1567 2582 mea
1588 2540 1809 2592 impedita
1831 2545 1900 2579 est

260 2622 388 2655 certo
410 2615 565 2655 futura
585 2615 751 2656 electio
773 2614 1019 2666 cujusdam
1045 2613 1325 2665 juvenculae
1360 2613 1569 2663 nondum
1593 2616 1745 2652 aetate
1767 2621 1898 2651 exce-

260 2686 412 2727 dentis
433 2699 609 2727 annum
629 2686 774 2727 XXII.
807 2687 856 2727 In
878 2686 1000 2726 hanc
1035 2685 1172 2725 favor
1189 2697 1306 2736 pene
1336 2684 1542 2724 omnium
1570 2682 1899 2733 inclinabatur,

261 2758 386 2810 quod
406 2759 576 2798 multas
599 2769 711 2810 opes
732 2758 1031 2810 importasset
1053 2757 1355 2796 monasterio.
1375 2755 1465 2796 Pro
1482 2754 1746 2795 indubitato
1765 2753 1901 2793 habe-

320 2944 330 2963 ¹
378 2943 524 2975 Tareno,
538 2943 713 2977 hispanice
730 2944 840 2975 zarin,
855 2949 1010 2969 nummus
1024 2945 1099 2968 erat
1116 2946 1310 2974 argenteus.
1325 2940 1419 2975 cujus
1434 2940 1533 2967 valor
1545 2942 1688 2973 quartae
1701 2939 1792 2973 parti
1807 2939 1904 2966 unius

265 2989 480 3025 Iimufmuw,
492 2992 629 3025 peseta,
644 2991 899 3024 aequivalebat.
