2074 3179
198 103 272 140 318
711 104 939 141 Lir'sERAE
966 113 1323 146 QUADRlMES'rRES

177 200 335 240 'rebus
354 199 454 239 fieri
475 201 612 251 solet,
638 211 800 240 omnes
821 198 879 238 ad
901 210 1046 239 unum
1070 199 1117 238 in
1145 210 1249 239 eam
1270 199 1551 239 sententiam
1568 199 1722 238 ierunt
1745 197 1771 249 ¹,
1788 204 1837 238 ut

193 271 435 322 quingenti
463 271 593 311 aurei
620 270 817 321 singulis
844 270 980 310 annis
1002 270 1048 310 in
1069 275 1345 321 perpetuum
1367 269 1593 310 Societati
1614 269 1834 309 attribue-

194 347 379 392 rentur,
411 342 532 394 quod
565 348 608 382 et
640 341 906 381 confectum
935 347 1004 381 est
1031 340 1059 380 ‘·'.
1090 340 1356 391 Praeterea,
1390 352 1496 381 cum
1518 340 1838 392 superioribus

202 412 364 452 diebus
386 413 596 463 abbatia,
621 419 670 452 ut
693 418 888 462 vocant,
911 418 1034 452 esset
1055 411 1362 462 conferenda,
1393 417 1437 452 et
1462 412 1593 452 multi
1614 412 1838 463 primates

194 495 298 523 eam
321 496 346 523 a
369 482 572 524 Caesare
602 483 855 534 impetrare
883 483 1242 534 contenderent,
1273 482 1512 533 respondit
1546 482 1722 523 Caesar
1748 483 1837 521 col-

194 555 318 605 legio
356 553 605 595 Societatis
639 554 751 607 Jesu
785 553 1007 594 Panormi
1035 553 1248 605 proxime
1283 558 1438 592 erecto
1475 564 1577 592 esse
1600 553 1834 602 collatam,

193 637 340 677 eaque
362 625 418 665 de
440 637 489 665 re
508 625 604 676 jam
638 625 697 664 ad
724 624 1001 675 Pro-regem
1033 624 1295 675 scripsisse.
1318 623 1514 663 Reditus
1535 623 1678 663 annui
1699 624 1836 674 illius,

193 703 242 737 ut
263 697 417 737 ferunt
436 729 442 746 ,
466 698 570 747 plus
592 697 746 736 minus
768 696 1174 747 septingentorum
1190 694 1203 713 ⁵
1229 706 1479 735 aureorum
1501 700 1623 734 sunt.

274 767 385 807 Post
411 767 501 807 Κῶ
534 766 687 807 Patris
715 767 993 818 Hieronymi
1023 766 1297 807 Domenech
1328 767 1375 806 in
1403 765 1683 817 Hispaniam
1711 765 1839 804 navi-

197 839 460 890 gationem,
492 838 545 878 R.
577 837 716 878 Pater
744 838 1062 890 Hieronymus
1091 837 1272 878 Natalis
1304 837 1427 889 apud
1447 837 1721 887 Pro—regem
1741 835 1839 887 ejus

194 911 324 950 vices
347 909 468 960 gerit
490 908 518 959 ¹²,
550 910 788 961 multaque
815 910 892 961 pia
914 915 958 949 et
988 915 1154 949 sancta
1177 920 1346 960 opera,
1372 920 1490 960 quae
1512 907 1611 959 ejus
1633 907 1840 947 charitas

177 987 282 1031 est,
308 980 546 1020 excitavit.
574 980 705 1020 Bona
724 979 966 1031 cujusdam
986 979 1269 1020 xenodochii
1297 979 1476 1019 nobiles
1498 979 1689 1030 quidam.
1709 978 1837 1017 inva-

194 1057 353 1092 serant
375 1057 418 1091 et
442 1051 488 1090 in
510 1062 622 1090 usus
644 1062 755 1091 suos
776 1051 1089 1102 inverterant3
1114 1063 1169 1091 ea
1190 1056 1240 1091 ut
1262 1051 1309 1090 in
1330 1061 1590 1102 pauperum
1610 1060 1767 1100 usum,
1793 1049 1840 1088 in

195 1134 332 1174 quem
369 1123 526 1173 legata
567 1122 772 1173 fuerant,
817 1128 1218 1174 converterentur,
1258 1133 1363 1162 cum
1390 1121 1480 1161 illis
1516 1121 1625 1172 egit.
1659 1120 1840 1160 Deinde

181 1193 295 1245 vejus
316 1194 505 1233 hortatu
528 1198 572 1233 et
593 1193 795 1245 impulsu
821 1205 906 1245 per
939 1192 1130 1234 diversa
1161 1192 1347 1234 Siciliae
1377 1194 1480 1233 loca
1507 1197 1840 1244 procuratores

195 1264 373 1305 dimissi
394 1271 459 1312 ut,
485 1265 531 1304 in
553 1276 736 1305 summa
764 1264 1035 1305 difficultate
1057 1276 1288 1315 annonae,
1306 1275 1568 1316 pauperum
1589 1263 1840 1303 necessita-

195 1336 318 1376 tibus
334 1335 651 1388 providerent.
671 1336 931 1387 Postremo,
951 1336 1116 1376 eodem
1128 1336 1340 1386 authore,
1361 1334 1579 1387 permulti
1596 1334 1736 1374 aulici
1753 1334 1841 1374 sin-

196 1407 321 1458 gulis
342 1407 581 1447 mensibus
605 1418 690 1447 sua
710 1412 909 1458 peccata
939 1406 1151 1447 confiteri
1178 1412 1223 1447 et
1250 1406 1598 1446 sanctissimam
1619 1405 1839 1457 synaxim

196 1479 409 1530 recipere
440 1478 766 1518 decreverunt.
798 1476 1011 1529 Drepani
1037 1478 1398 1528 monasterium,
1435 1477 1494 1517 ad
1521 1476 1645 1528 quod
1674 1488 1733 1516 ex
1762 1477 1841 1516 im-

202 1561 322 1601 pura
370 1550 467 1589 vita
512 1549 786 1589 meretrices
827 1547 1161 1600 confugerent,
1210 1548 1543 1588 instituendum
1587 1547 1772 1588 curavit
1812 1545 1839 1587 ⁵.

196 1620 344 1661 Multa
375 1621 466 1660 alia
496 1621 619 1660 bona
649 1620 749 1672 ipse
777 1619 936 1671 Pater,
967 1619 1056 1660 Dei
1091 1619 1264 1671 Optimi
1299 1619 1424 1660 Max.
1466 1619 1718 1670 beneficio,
1754 1619 1843 1658 hoc

199 1692 425 1743 temporis
457 1691 627 1742 spatio,
657 1696 701 1731 et
727 1690 949 1731 Panormi
984 1696 1027 1731 et
1061 1690 1272 1742 Drepani
1299 1690 1523 1741 confecit,
1549 1701 1668 1741 quae
1690 1689 1842 1741 majus

194 1763 400 1814 quotidie
424 1763 766 1803 incrementum
789 1766 1044 1812 acceptura
1064 1763 1202 1814 plane
1223 1762 1517 1802 confidimus.

278 1834 412 1875 Nunc
449 1834 615 1885 viginti
651 1834 697 1873 in
725 1834 814 1873 hoc
842 1833 1041 1884 collegio
1069 1845 1243 1874 sumus.
1270 1832 1360 1873 Pro
1389 1845 1439 1874 se
1467 1834 1663 1885 quisque
1690 1833 1842 1873 elabo—

196 1912 270 1946 rat
291 1917 349 1946 ne
369 1906 611 1956 talentum,
637 1916 664 1945 a
685 1904 890 1944 Domino
913 1910 1173 1956 acceptum,
1193 1905 1321 1945 humi
1339 1905 1577 1945 defossum
1599 1904 1840 1945 recondat.

199 1977 340 2017 Faxit
359 1976 727 2027 benignissimus
755 1974 986 2016 Dominus
1012 1975 1180 2016 Noster
1208 1982 1258 2016 ut
1289 1976 1503 2028 spiritum
1523 1988 1660 2016 suum
1680 1975 1841 2016 menti-

199 2048 286 2088 bus
306 2048 482 2088 nostris
503 2047 775 2100 plenissima
797 2059 939 2087 manu
961 2046 1192 2098 infundat,
1218 2059 1308 2099 quo
1334 2054 1379 2088 et
1407 2048 1618 2088 divinam
1639 2045 1738 2098 ejus
1758 2059 1837 2087 vo-

198 2120 426 2160 luntatem
448 2130 739 2169 cognoscere
761 2123 803 2158 et
827 2119 1066 2170 cognitam
1087 2118 1308 2170 perficere
1330 2130 1596 2159 mereamur
1615 2117 1644 2157 ⁶.

284 2191 525 2241 Panormi,
554 2190 602 2230 18
622 2189 736 2242 Maji
761 2189 876 2230 1551.

282 2262 410 2302 Tuus
432 2262 479 2302 in
502 2261 690 2302 Christo
711 2261 823 2314 Jesu
845 2261 1063 2302 minimus
1083 2261 1204 2302 filius

1066 2403 1252 2444 PAULUS
1282 2404 1339 2444 D'
1371 2404 1607 2444 ACHILLIS.

261 2589 268 2607 ¹
309 2588 463 2622 pedibus
480 2588 647 2614 manibus
661 2587 784 2615 ierunt.
795 2588 882 2614 Aen.

258 2635 272 2654 ἓ
310 2635 396 2669 quod
410 2635 516 2662 laetis
532 2634 706 2669 auspiciis
721 2636 899 2669 coeptum,
913 2635 1124 2662 laetioribus
1134 2634 1327 2669 processit,
1341 2634 1554 2661 laetissimis
1569 2633 1762 2661 confectum
1777 2638 1840 2662 est.

207 2682 423 2717 Acu.-—·qu0d
439 2687 472 2710 et
488 2683 679 2710 confectum
694 2685 756 2710 est.
774 2682 853 2710 Por.

258 2731 272 2749 ⁷*
312 2732 571 2758 sexcentorum.
593 2730 682 2758 Aen.

259 2782 272 2800 ‘0
312 2779 479 2806 obtinuit.
502 2779 589 2806 Aen.

259 2827 273 2846 5
312 2827 434 2854 Totam
450 2826 538 2853 hanc
554 2826 742 2861 periodum,
759 2834 778 2854 a
794 2826 900 2853 verbo
915 2824 1080 2859 Drepani
1095 2824 1137 2851 ad
1152 2825 1311 2857 curavit,
1325 2823 1523 2852 interseruit
1539 2823 1724 2852 POLANcus.

259 2874 274 2894 6
313 2875 485 2909 cognitam
500 2873 675 2908 perficere,
699 2874 851 2908 denique
869 2873 1089 2908 promissam
1112 2873 1212 2899 nobis
1231 2872 1492 2900 haereditatem
1514 2872 1616 2899 adire
1639 2879 1842 2899 mereamur.

206 2924 364 2951 Aen-et
380 2923 551 2957 cognitam
565 2921 728 2955 perficere
746 2928 948 2949 mereamur.
965 2920 1044 2947 PoL.
