2074 3179
204 154 211 163 “
261 146 332 182 594
775 145 1002 182 LITTERAE
1029 155 1392 188 QUADRmasTREs

260 243 391 292 satis,
410 243 726 295 perstringam
748 243 993 283 dumtaxat
1015 242 1062 282 in
1082 253 1265 282 summa
1285 249 1459 293 puncta
1480 242 1725 293 quaedam.
1744 241 1895 281 Tanta

260 315 344 355 fuit
373 315 636 355 animorum
663 314 872 365 agitatio,
902 325 1042 366 quam
1073 313 1302 354 Dominus
1328 314 1561 365 praestitit
1589 313 1773 365 populis
1789 313 1893 364 illis,

261 386 567 437 aggrediente
588 386 678 425 illis
699 385 838 426 Patre
860 385 1156 435 concionem,
1180 384 1266 425 fuit
1286 391 1530 436 praeterea
1552 390 1710 424 tantus
1731 390 1775 424 et
1799 390 1896 424 tam

259 458 376 498 bene
395 456 590 497 affectus
607 457 807 505 animus,
827 468 964 507 quem
982 457 1230 507 habebant,
1251 461 1346 496 tam
1363 456 1423 496 ad
1440 456 1692 496 conciones
1709 455 1894 495 audien-

260 529 345 569 das
380 540 521 580 quam
555 528 614 568 ad
648 534 845 579 peccata
882 539 966 567 sua
1001 527 1350 579 patefacienda,
1391 533 1441 567 ut
1475 527 1696 578 templum
1736 526 1897 570 diebus

259 600 401 640 etiam
420 599 641 651 profestis
663 599 866 649 adirent,
890 599 1084 651 perinde
1106 611 1162 639 ac
1183 610 1408 650 magnum
1437 598 1626 650 aliquod
1642 597 1897 649 jubilaeum

259 677 383 712 esset
411 672 638 722 oblatum3
670 677 957 722 quapropter
983 670 1112 711 Patri
1132 677 1315 721 nostro,
1346 671 1474 711 Patri
1495 670 1635 710 etiam
1655 670 1896 710 Balthasa-

258 744 319 793 ri,
344 743 502 783 comiti
523 754 629 793 suo,
653 749 837 794 tempus
859 754 953 782 non
973 748 1219 794 supererat
1240 742 1515 782 comedendi
1540 753 1798 793 precesque
1829 753 1896 781 re-

258 814 457 865 citandi,
489 813 612 866 quod
648 813 686 853 si
720 819 920 864 quatuor
957 819 1001 854 et
1027 825 1082 854 eo
1108 814 1265 865 plures
1294 813 1477 864 iissent,
1508 824 1669 853 omnes
1701 812 1897 853 fuissent

258 886 404 937 probe
421 884 645 937 impediti.
665 884 897 925 Adierunt
911 884 1077 925 Patres
1092 883 1338 936 hospitale.
1358 883 1563 936 Populus
1580 883 1771 935 pariter,
1792 895 1895 923 con-

259 957 472 997 cionibus
495 956 665 997 auditis
685 967 983 1008 nequaquam
1001 962 1263 1006 contentus,
1283 956 1546 996 confluebat
1567 955 1627 995 ad
1648 955 1894 1006 hospita1e3

258 1029 337 1069 ubi
358 1028 512 1069 denuo
534 1028 599 1068 illi
618 1028 758 1068 Pater
782 1027 1169 1078 concionabatur,
1194 1033 1238 1067 et
1266 1038 1479 1067 seorsum
1506 1026 1790 1078 pauperibus
1818 1026 1896 1077 qui

258 1100 351 1140 illic
379 1100 599 1150 aderant;
637 1099 825 1151 quando
858 1098 1021 1139 Patres
1052 1099 1110 1139 ab
1139 1111 1231 1139 uno
1260 1099 1319 1139 ad
1348 1098 1489 1138 alium
1517 1110 1566 1138 se
1593 1097 1896 1137 conferebant

257 1172 431 1223 locum,
470 1182 577 1211 cum
611 1181 786 1221 magna
821 1181 901 1210 eos
937 1170 1185 1210 devotione
1219 1169 1548 1222 sequebantur.
1579 1169 1696 1209 Tam
1721 1180 1895 1219 magna

256 1242 482 1293 vigebant
502 1243 752 1294 populares
774 1242 839 1281 illi
860 1241 1105 1292 charitate,
1129 1241 1252 1292 quod
1273 1253 1367 1281 non
1387 1240 1526 1280 modo
1548 1251 1663 1292 opus
1679 1252 1773 1280 non
1795 1245 1895 1279 erat

257 1315 580 1365 eleemosynas
600 1319 782 1366 petere,
807 1313 890 1353 sed
912 1313 1068 1365 potius
1088 1313 1178 1353 illis
1199 1318 1499 1364 supererant,
1529 1323 1648 1364 quae
1669 1311 1772 1351 aliis
1793 1323 1895 1362 pos-

257 1392 359 1426 sent
380 1386 665 1437 pauperibus
692 1385 739 1425 in
774 1386 1099 1437 eleemosynas
1127 1384 1319 1436 porrigi.
1351 1383 1732 1425 Concionabatur
1757 1383 1897 1423 Pater

255 1458 326 1498 bis
347 1464 454 1497 ante
475 1457 725 1509 prandium
748 1469 854 1498 cum
874 1456 1040 1508 majori
1060 1456 1221 1509 populi
1247 1457 1497 1508 applausu,
1528 1454 1898 1495 concionabatur

258 1530 366 1569 item
389 1535 495 1580 post
516 1529 788 1580 prandium,
812 1528 978 1580 quibus
999 1528 1139 1568 rebus
1166 1527 1338 1568 mansit
1364 1538 1482 1578 gens
1511 1527 1589 1566 illa
1616 1526 1754 1566 valde
1780 1526 1897 1565 bene

258 1599 450 1649 affecta,
474 1612 620 1651 usque
643 1600 760 1640 adeo
783 1606 832 1640 ut
854 1599 1063 1651 quidam,
1097 1599 1235 1639 homo
1267 1598 1454 1650 quidem
1481 1598 1783 1649 praecipuus,
1816 1608 1895 1636 no-

259 1672 382 1711 mine
403 1671 563 1723 populi
584 1671 767 1711 venerit
788 1671 1018 1722 petiturus
1041 1683 1066 1710 a
1088 1670 1226 1711 Patre
1248 1676 1409 1710 nostro
1440 1669 1726 1709 Provinciali
1754 1667 1897 1708 facul-

258 1749 424 1793 tatem,
448 1754 539 1794 qua
558 1743 720 1783 liceret
748 1742 796 1782 P.
828 1748 1011 1793 nostro,
1041 1742 1238 1782 Doctori
1265 1741 1526 1793 Baptistae,
1557 1746 1756 1780 ventura
1789 1751 1897 1790 qua-

258 1814 527 1865 dragesima
562 1814 686 1865 apud
714 1814 817 1854 illos
846 1813 1133 1854 concionari.
1163 1812 1487 1864 Responderat
1517 1811 1639 1851 enim
1674 1810 1814 1850 Pater
1848 1822 1897 1850 se

257 1886 356 1926 sine
395 1885 444 1926 P.
488 1885 800 1926 Provincialis
834 1885 974 1925 venia
1010 1886 1056 1926 id
1091 1885 1272 1925 efficere
1311 1896 1405 1924 non
1440 1894 1593 1935 posse.
1637 1882 1895 1933 Quemdam

258 1964 414 1998 tamen
431 1957 778 1998 Provincialem
794 1957 1195 2008 Augustinianum
1213 1956 1270 1996 ab
1292 1956 1359 1995 eis
1380 1961 1657 2006 suggestum
1679 1954 1725 1994 in
1746 1954 1898 2006 proxi-

258 2041 383 2069 mam
403 2030 819 2081 quadragesimam
839 2029 1028 2081 petiisse
1050 2028 1260 2069 auditum
1282 2033 1365 2067 est.

338 2101 567 2141 Doctrina
590 2101 849 2141 christiana
871 2101 917 2141 in
939 2101 1095 2141 multis
1117 2100 1233 2140 locis
1257 2100 1418 2139 diebus
1439 2098 1569 2138 festis
1594 2097 1896 2138 declamatur.

339 2173 390 2213 In
410 2173 499 2212 hoc
522 2184 668 2224 regno
691 2173 779 2213 hoc
802 2174 977 2213 malum
998 2173 1128 2223 viget
1152 2173 1276 2224 quod
1296 2183 1390 2211 non
1410 2171 1622 2222 integrae
1650 2169 1901 2209 confessio-

259 2256 343 2284 nes
364 2250 486 2284 sunt.
511 2244 739 2284 Existimo
761 2245 885 2284 enim
906 2244 1097 2284 unicum
1120 2243 1368 2284 dumtaxat
1389 2242 1577 2283 Patrem
1598 2241 1644 2281 in
1674 2241 1763 2280 hac
1791 2251 1900 2291 qua-

261 2316 529 2366 dragesima
551 2316 707 2367 plures
730 2328 872 2367 quam
894 2316 1056 2356 decem
1078 2315 1266 2356 audisse
1289 2313 1611 2354 confessiones
1636 2312 1898 2352 reiteratas.

261 2387 374 2426 Erat
396 2387 443 2426 in
464 2387 665 2438 quodam
689 2387 860 2438 oppido
883 2397 1061 2437 eorum,
1082 2398 1202 2437 quae
1224 2390 1539 2437 peragrarunt
1560 2382 1739 2433 Patres,
1759 2382 1900 2422 homo

261 2458 451 2509 quidam
479 2458 719 2509 princeps,
752 2458 830 2509 qui
860 2470 885 2498 a
919 2457 1156 2498 sexdecim
1189 2457 1325 2497 annis
1354 2456 1547 2496 haberet
1574 2453 1898 2501 concubinam,

261 2529 339 2580 qui
360 2540 534 2580 magna
557 2529 892 2580 commotione,
916 2541 1056 2580 quam
1077 2529 1294 2581 praebuit
1315 2528 1378 2568 illi
1400 2526 1630 2568 Dominus
1652 2526 1698 2565 in
1719 2525 1901 2565 concio-

261 2600 396 2640 nibus
427 2599 601 2652 Patris‚
635 2602 699 2641 ita
734 2601 822 2641 Dei
849 2600 1075 2640 beneficio
1103 2611 1159 2640 ac
1186 2599 1339 2639 Patris
1369 2609 1598 2651 persuasu
1630 2597 1903 2637 immutatus

261 2678 352 2723 est,
376 2678 426 2713 ut
448 2684 644 2712 uxorem
665 2684 769 2712 eam
790 2672 981 2712 duceret
1011 2683 1151 2723 quam
1181 2677 1320 2711 antea
1349 2669 1659 2710 concubinam
1685 2668 1899 2715 habebat,

261 2755 319 2783 ex
347 2755 438 2795 qua
474 2744 645 2784 multos
668 2749 940 2795 susceperat
967 2743 1099 2783 filios.
1129 2742 1378 2782 Habebant
1406 2740 1628 2793 oppidani
1654 2740 1718 2780 illi
1745 2750 1901 2791 quam-

262 2814 370 2854 dam
400 2821 614 2855 sanctam
649 2815 769 2855 inter
803 2826 852 2855 se
887 2814 1271 2864 aemulationem,
1302 2818 1347 2853 et
1374 2812 1569 2864 proinde
1599 2811 1904 2851 mittebantur

260 2886 419 2925 nuncii
452 2886 638 2937 magnis
674 2885 1087 2937 efflagitationibus
1122 2897 1148 2925 a
1183 2884 1323 2925 Patre
1356 2883 1547 2936 petituri
1581 2883 1731 2923 adiret
1762 2881 1901 2922 etiam

259 2968 359 3002 eos,
386 2963 434 2996 ut
457 2965 502 2997 et
523 2957 661 3003 alios,
690 2963 734 2997 et
756 2957 1084 2997 consolaturus
1105 2961 1150 2996 et
1178 2955 1556 2996 concionaturus.
1584 2954 1711 3002 Dum
1738 2953 1903 2993 Patres
