2074 3179
239 153 312 191 678
757 152 984 190 LirrssRAE
1010 140 1370 196 QUAmeEsrRES

243 254 401 289 autem
423 249 673 289 lectionem
695 248 1034 300 aggrederetur
1054 256 1135 289 aut
1155 249 1406 301 quicquam
1426 248 1482 290 de
1503 249 1668 290 studiis
1697 251 1879 291 ordina-

242 326 328 370 ret,
361 320 689 372 praesentibus
723 319 881 360 multis
913 332 971 360 ex
1006 320 1272 372 praecipuis
1297 321 1455 372 legum
1481 327 1526 361 et
1558 320 1880 372 philosophiae

242 390 605 442 professoribus,
629 391 968 442 sacerdotibus,
991 391 1240 442 religiosis,
1274 392 1475 443 itemque
1502 391 1724 432 studiosis
1743 392 1880 444 pluri-

242 462 346 513 mis,
371 462 534 502 habuit
556 462 819 502 orationem
845 462 892 502 in
913 462 1099 502 laudern
1126 462 1387 503 studiorum
1412 462 1709 514 optimorum,
1740 469 1784 503 et
1803 463 1877 503 bo-

240 544 411 573 norum
431 544 615 573 morum
635 538 776 585 atque
797 533 1069 584 Societatis,
1088 545 1182 573 non
1198 534 1352 574 minus
1372 534 1498 585 piam
1516 545 1656 585 quam
1676 533 1877 585 doctam,

242 615 349 644 cum
370 615 544 655 magna
571 604 881 656 plurimorum
912 604 1238 645 aedificatione
1266 604 1570 656 utilitateque.
1602 604 1722 645 Nam
1748 605 1797 645 in
1817 605 1877 645 di-

242 675 391 715 cendo
421 676 537 716 satis
557 675 859 716 manifestum
879 676 1134 727 singularis
1155 675 1412 716 modestiae
1433 682 1478 716 et
1497 676 1783 728 praestantis
1804 675 1888 716 do->

241 747 421 787 ctrinae
438 758 552 787 suae
569 753 900 798 argumentum
917 747 1056 787 dedit.
1073 746 1323 787 Caeterum
1338 747 1508 787 fratres
1519 747 1622 799 pari
1639 747 1881 798 diligentia

239 829 377 858 suurn
399 830 570 859 munus
592 818 946 869 administrant,
973 830 1080 858 cum
1100 818 1148 858 in
1169 817 1334 858 studiis
1353 818 1567 870 privatis,
1591 823 1689 858 turn
1709 818 1757 858 in
1772 830 1878 870 pue-

240 900 402 929 rorum
431 889 757 939 instructione,
790 890 946 941 quoad
975 890 1181 942 postulat
1207 888 1456 930 Societatis
1481 896 1674 930 nostrae
1701 890 1879 930 institu—

238 967 351 1001 tum.
384 960 601 1011 Quotidie
630 961 765 1012 pueri
790 960 1002 1001 nonnihil
1028 960 1242 1001 ediscunt
1269 973 1328 1001 ex
1354 960 1571 1001 doctrina
1603 960 1877 1011 christiana,

240 1043 382 1084 quam
405 1031 569 1072 diebus
589 1032 721 1072 festis
742 1043 769 1072 a
789 1032 989 1084 prandio
1016 1032 1130 1084 ipsis
1151 1038 1195 1072 et
1219 1032 1392 1084 populo
1414 1031 1473 1072 ad
1498 1031 1775 1072 concionem
1802 1044 1879 1072 ve-

238 1104 385 1144 nienti
407 1104 633 1155 explano;
656 1103 855 1155 singulis
876 1104 1039 1144 diebus
1062 1103 1122 1144 ad
1142 1104 1368 1155 templum
1388 1103 1456 1143 ire
1475 1103 1650 1154 solent,
1674 1103 1879 1143 audituri

236 1187 442 1225 sacrum,
466 1175 562 1215 bini
594 1175 757 1215 ordine
785 1176 947 1226 longo;
977 1175 1173 1226 quisque
1201 1174 1398 1226 singulis
1427 1174 1664 1214 mensibus
1693 1174 1878 1214 confite-

237 1252 329 1297 tur,
354 1246 516 1298 etjam
547 1246 827 1298 grandiores
854 1252 1059 1297 natuque
1087 1245 1291 1298 majores
1319 1246 1486 1286 devote
1514 1245 1876 1296 communicant,

238 1330 518 1370 perversam
528 1319 655 1358 illam
669 1318 996 1358 educationem
1005 1323 1245 1369 exuentes,
1265 1323 1309 1358 et
1323 1329 1350 1358 a
1357 1316 1651 1368 juramentis,
1666 1316 1878 1369 blasphe-

233 1390 339 1430 miis
361 1397 406 1430 et
427 1390 532 1430 aliis
553 1388 782 1441 ejusmodi
802 1390 950 1441 vitiis,
974 1389 1141 1441 quibus
1162 1401 1276 1429 sane
1291 1389 1395 1441 plus
1415 1389 1531 1429 satis
1549 1394 1875 1437 assueverant,

236 1462 427 1502 omnino
450 1461 754 1502 abstinentes.
779 1461 935 1513 Quare
958 1461 1182 1501 commoti
1209 1460 1418 1500 nonnulli
1442 1465 1690 1512 parentum
1712 1459 1771 1500 ad
1792 1471 1878 1500 nos

234 1539 481 1584 venerunt,
505 1538 551 1573 et
571 1533 860 1573 immortales
886 1532 1069 1584 gratias
1096 1537 1294 1583 egerunt
1313 1543 1398 1583 pro
1429 1531 1682 1571 liberorum
1710 1531 1875 1571 educa-¹

233 1605 377 1655 tione,
414 1611 459 1644 et
496 1604 690 1656 egregia
721 1604 865 1644 animi
896 1603 1241 1655 significatione
1275 1614 1377 1643 sese
1405 1608 1449 1643 et
1481 1614 1592 1642 suas
1624 1602 1875 1642 facultates

235 1675 460 1716 Societati
495 1676 781 1725 obtulerunt,
817 1675 988 1727 quippe
1018 1675 1095 1726 qui
1122 1680 1251 1714 tanto
1280 1672 1377 1725 ejus
1408 1673 1634 1714 beneficio
1666 1674 1873 1714 devincti

231 1748 339 1798 sint,
363 1753 414 1788 ut
434 1747 610 1788 nemini
630 1759 680 1787 se
702 1747 854 1798 magis
881 1747 1051 1787 debere
1074 1746 1375 1787 arbitrentur.
1405 1744 1686 1785 Benedictus
1713 1744 1871 1784 Domi-

230 1831 319 1859 nus
351 1818 495 1870 Deus,
520 1831 547 1859 a
569 1830 660 1870 quo
683 1830 821 1858 omne
847 1818 1024 1858 bonum
1050 1817 1231 1867 defluit,
1262 1817 1340 1869 qui
1367 1816 1479 1856 talia
1506 1827 1590 1868 per
1616 1827 1724 1867 nos,
1761 1816 1871 1856 licet

231 1890 545 1930 instrumenta
564 1890 809 1940 vilissima,
834 1889 1056 1940 dignatus
1078 1895 1148 1929 est
1179 1888 1381 1940 operari.
1410 1887 1665 1938 Hucusque
1692 1886 1748 1927 de
1769 1898 1871 1938 pro-

230 1973 401 2013 gressu
431 1962 621 2002 scholae
648 1960 824 2001 dictum
850 1961 925 2001 sit.
1054 1959 1060 1964 ‘

309 2033 444 2074 Nunc
466 2044 582 2073 vero
605 2033 661 2073 de
682 2032 822 2073 rebus
844 2032 904 2072 ad
924 2031 1013 2072 Dei
1035 2032 1195 2083 optimi
1217 2030 1410 2071 maximi
1431 2030 1608 2070 cultum
1629 2034 1675 2069 et
1696 2029 1869 2069 anima—

230 2116 334 2144 rum
360 2104 627 2157 profectum
653 2104 995 2156 pertinentibus
1023 2101 1192 2144 dicam.
1220 2102 1349 2143 R.<¹1¹S
1383 2102 1432 2142 P.
1462 2101 1680 2142 Andreas
1711 2107 1755 2141 et
1783 2111 1871 2152 ego

228 2177 374 2216 multa
405 2176 745 2228 poenitentium
771 2175 1035 2227 frequentia
1065 2186 1368 2226 occupamur,
1397 2173 1475 2226 qui
1497 2178 1622 2213 certe
1649 2183 1874 2212 numerus

229 2248 278 2288 in
304 2247 404 2287 dies
427 2247 582 2298 magis
603 2258 658 2286 ac
680 2246 834 2298 magis
855 2252 1069 2297 augetur,
1093 2245 1343 2297 multisque
1363 2243 1625 2296 spiritualia
1648 2243 1873 2283 exercitia

234 2319 416 2360 damus.
454 2318 671 2358 Infirmos
700 2330 883 2370 quoque
918 2317 1115 2358 visimus
1150 2322 1288 2369 atque
1323 2316 1637 2356 consolamur.
1674 2313 1874 2354 Adimus

230 2389 482 2442 aliquando
530 2389 782 2441 hospitalia
822 2389 882 2429 ad
920 2388 1218 2429 invisendum
1256 2393 1498 2438 aegrotos,
1540 2385 1708 2437 quibus
1745 2385 1870 2436 grati

229 2461 485 2502 admodum
507 2472 682 2512 sumus,
711 2472 798 2500 nec
821 2461 970 2500 solum
999 2459 1113 2511 ipsis
1133 2470 1300 2499 verum
1334 2457 1737 2498 xenodochiorum
1769 2467 1873 2507 pro-

229 2533 452 2573 curatori.

309 2604 440 2644 Istud
467 2615 584 2644 vero
614 2603 799 2643 silentio
833 2601 1229 2654 praetereundum
1254 2612 1348 2640 non
1376 2599 1562 2640 videtur
1593 2598 1730 2650 quod,
1769 2609 1873 2638 cum

230 2675 320 2715 hoc
341 2681 554 2727 tempore
573 2673 780 2726 hyemali
801 2673 1009 2713 maxima
1027 2678 1164 2724 atque
1186 2678 1397 2712 extrema
1413 2675 1625 2721 egestate
1641 2680 1873 2722 pauperes

231 2746 381 2797 premi
404 2745 855 2796 animadverterem,
880 2744 944 2785 ita
965 2750 1015 2785 ut
1035 2743 1222 2795 plurimi
1244 2753 1405 2783 eorum
1421 2741 1545 2782 fame
1562 2747 1870 2790 morerentur,

232 2817 560 2857 misericordia
582 2816 771 2866 ductus,
791 2821 841 2857 ut
858 2817 1025 2856 saltem
1041 2815 1128 2866 his,
1150 2815 1228 2867 qui
1250 2819 1358 2854 sunt
1385 2818 1578 2858 nostrae
1601 2811 1870 2864 parochiae,

232 2887 578 2939 subveniretur,
619 2888 794 2928 contuli
824 2899 899 2928 me
929 2887 989 2927 ad
1019 2886 1273 2927 nobiliores
1304 2890 1349 2925 et
1386 2884 1703 2935 opulentiores
1738 2893 1872 2934 paro-

233 2958 430 2998 chianos
450 2965 653 3010 nostros,
680 2971 797 3011 quos
818 2971 899 3011 per
929 2958 1088 3012 Jesum
1117 2957 1356 2998 Christum
1383 2955 1579 2996 exoravi
1605 2961 1654 2995 ut
1684 2965 1870 2994 succur-
