2074 3179
954 161 1034 198 Ax.
1069 162 1153 197 1551
1804 164 1868 199 :301

983 541 1130 594 Xo‘x'

265 726 292 750 ἐ’
309 748 574 785 Franciscus
593 749 848 786 Alexander

359 814 434 850 llis
453 815 525 861 qui
546 822 642 851 sunt
664 815 707 851 in
728 815 854 851 domo
876 817 1144 861 probationis
1167 816 1386 853 Panormi.

401 878 617 924 Messana,
643 879 685 915 18
704 879 895 926 Augusti
918 880 998 915 1331
1027 881 1050 914 ¹.

1037 1039 1063 1082 †

312 1178 594 1218 Franciscus
624 1178 909 1230 Alexander,
947 1193 970 1220 e
999 1181 1136 1220 domo
1164 1181 1454 1232 probationis
1482 1181 1728 1222 Societatis
1757 1183 1866 1235 Jesu

233 1249 492 1300 Messanae,
516 1250 609 1301 his,
634 1251 711 1302 qui
732 1258 837 1291 sunt
858 1251 905 1291 in
926 1251 1063 1291 domo
1084 1251 1371 1303 probationis
1393 1252 1598 1303 ejusdem
1618 1252 1866 1293 societatis·

231 1319 470 1371 Panormi,
494 1320 717 1360 fratribus
740 1322 785 1361 in
807 1322 993 1362 Christo
1016 1322 1323 1374 charissimis,
1356 1324 1553 1364 salutem
1575 1324 1687 1363 dicit
1707 1325 1753 1364 in
1775 1323 1866 1364 Do-

231 1390 369 1430 mino.

309 1460 474 1501 Gratia
495 1461 686 1502 Domini
705 1461 758 1503 N.
793 1462 905 1515 Jesu
933 1463 1105 1503 Christi
1133 1476 1315 1515 semper
1346 1465 1547 1505 abundet
1576 1466 1622 1505 in
1650 1466 1866 1506 cordibus

226 1533 413 1572 nostris.
437 1532 603 1573 Amen.

309 1604 425 1644 Cum
451 1616 607 1645 rerum
635 1605 946 1647 humanarum
974 1608 1210 1647 miseriam
1244 1619 1426 1647 mecum
1461 1608 1615 1647 animo
1649 1609 1861 1659 revolvo,

230 1675 398 1715 iratres
418 1675 464 1715 in
486 1675 669 1716 Christo
688 1677 967 1728 charissimi,
992 1690 1085 1718 non
1105 1690 1297 1730 possum
1316 1691 1409 1718 non
1430 1679 1731 1718 vehementer
1749 1680 1863 1719 cele-

230 1746 309 1785 bre
330 1746 441 1786 illud
462 1759 517 1787 ac
537 1748 770 1788 laudabile
801 1749 1024 1801 sapientis
1055 1750 1230 1790 dictum
1262 1750 1513 1790 admirari:
1546 1749 1669 1799 vidi,
1700 1750 1862 1801 inquit,

233 1816 390 1857 omnia
411 1829 529 1868 quae
548 1819 634 1858 sub
654 1819 777 1860 coelo
808 1825 946 1871 szt,
973 1824 1017 1860 et
1047 1832 1143 1860 ecce
1171 1820 1399 1860 universa
1427 1820 1644 1861 vanitas:
1672 1821 1796 1872 quod
1824 1821 1862 1860 si

231 1887 366 1938 hujus
388 1890 563 1929 saeculi
583 1890 822 1931 hominum
843 1898 1021 1932 mentes
1040 1898 1328 1944 penetraret,
1353 1904 1447 1932 non
1468 1892 1626 1932 dubito
1659 1893 1769 1943 quin
1801 1892 1862 1931 di-

229 1959 445 2009 ligentius
481 1961 661 2001 animos
697 1961 828 2013 (quos
866 1963 1070 2014 alioquin
1104 1964 1374 2003 coelestium
1402 1963 1692 2003 meditationi
1720 1963 1863 2014 appli-

226 2042 336 2070 care
358 2031 593 2083 deberent)
617 2045 643 2073 a
670 2034 829 2073 mundi
856 2035 1145 2074 vanitatibus
1175 2040 1465 2085 averterent,
1497 2046 1614 2085 quos
1642 2045 1764 2073 nunc
1790 2034 1863 2073 his

226 2102 290 2140 ita
312 2101 554 2143 intendunt
576 2110 639 2155 ut,
663 2104 830 2144 harum
850 2116 1007 2145 rerum
1026 2106 1147 2145 mole
1168 2105 1394 2157 oppressi,
1418 2116 1510 2144 non
1532 2105 1682 2144 solum
1703 2105 1861 2144 0611105

226 2173 285 2212 ad
315 2174 586 2214 coelestium
616 2176 1056 2227 contemplationem
1087 2177 1313 2227 dirigere,
1351 2176 1614 2226 divinisque
1648 2175 1861 2214 laudibus

225 2254 399 2283 vacare
419 2256 512 2284 non
532 2246 733 2296 possint,
758 2257 923 2286 verum
943 2247 1097 2297 etiam,
1116 2253 1410 2287 terrenarum
1431 2259 1587 2287 rerum
1607 2258 1765 2287 amore
1787 2245 1860 2285 de-

225 2315 339 2354 tenti
360 2321 404 2354 et
425 2327 452 2355 a
473 2316 568 2355 suis
590 2317 799 2367 ipsorum
814 2317 1147 2369 cupiditatibus
1169 2319 1390 2369 superati,
1410 2330 1503 2358 non
1524 2318 1763 2358 hominum
1780 2315 1861 2356 sed

227 2385 468 2426 brutorum
495 2398 623 2427 more
651 2388 837 2439 vivant,
870 2400 989 2440 quae
1020 2389 1140 2429 sicut
1169 2395 1339 2429 natura
1365 2390 1493 2429 humi
1514 2388 1744 2441 proclivia
1772 2394 1860 2427 ter-

223 2468 326 2496 ram
347 2468 530 2509 semper
551 2464 786 2510 spectant,
809 2459 873 2499 ita
894 2471 1077 2512 quoque
1098 2460 1177 2511 illi,
1209 2473 1236 2500 a
1261 2461 1452 2512 propria
1472 2467 1641 2501 natura
1663 2460 1858 2510 degene—

225 2534 396 2579 rantes,
418 2529 621 2579 pecudes
642 2529 771 2569 fiunt.
790 2529 923 2570 Unde
940 2531 1128 2571 minime
1145 2532 1314 2572 mirum
1330 2532 1482 2572 videri
1503 2531 1653 2582 debet,
1672 2531 1711 2570 si
1726 2541 1858 2581 prae-

222 2604 292 2638 ter
331 2604 506 2639 terram
540 2600 654 2640 nihil
689 2601 951 2642 desiderent
999 2603 1218 2654 nullaque
1253 2603 1344 2643 alia
1380 2615 1430 2643 re
1461 2603 1763 2647 delectentur.
1798 2608 1858 2648 Ut

222 2681 336 2709 vero
358 2681 527 2721 corpus
550 2671 752 2711 habeant
772 2673 1047 2723 humanum,
1071 2685 1165 2714 non
1186 2680 1343 2714 tamen
1374 2675 1431 2714 ob
1459 2675 1505 2715 id
1532 2675 1631 2727 ejus
1657 2678 1858 2718 nominis

223 2740 441 2781 infamiae
463 2742 691 2782 immunes
708 2743 988 2795 arbitrabor;
1008 2756 1100 2785 non
1121 2745 1245 2785 enim
1262 2756 1458 2796 corpore
1480 2746 1563 2786 sed
1583 2747 1739 2788 animo
1764 2750 1857 2800 (qui

277 2877 285 2897 ¹
327 2878 557 2913 Autographa
574 2880 762 2908 Alexandri
786 2882 959 2910 enarratio
983 2887 1034 2910 est
1058 2883 1091 2910 in
1115 2884 1327 2918 quadruplici
1351 2883 1430 2910 solio
1444 2891 1498 2910 nn.
1520 2883 1615 2917 42-45,
1632 2885 1711 2912 olim
1725 2885 1856 2919 331-&3a

222 2925 280 2952 sed
303 2926 411 2953 solum
434 2934 493 2953 sex
518 2926 670 2961 priorum
695 2928 798 2955 trium
823 2929 978 2957 foliorum
1001 2932 1147 2965 paginas
1172 2931 1299 2965 implet.
1315 2931 1352 2958 In
1375 2939 1433 2965 ea,
1448 2931 1645 2965 priusquam
1667 2932 1852 2960 alibrariis

222 2973 523 3007 transcriberetur,
538 2982 640 3002 unum
654 2975 751 3009 idque
768 2976 976 3004 levissimum
994 2979 1134 3006 verbum
1150 2979 1343 3006 emendavit
1359 2979 1536 3007 Polaticus.
