2074 3179
264 155 334 192 240
775 157 1001 194 Lirri-:RAE
1029 169 1386 200 QUADRIMESTRES

265 252 452 303 quidem
473 254 810 304 praelegantur
832 253 971 294 iidem
992 254 1237 306 authores,
1261 266 1377 306 quos
1398 256 1559 306 etiam,
1583 262 1633 296 ut
1655 262 1763 297 ante
1784 257 1898 306 dixi,

263 335 320 364 ne
349 324 440 364 huc
467 324 765 375 invehantur,
803 324 1090 375 curabimus,
1129 325 1349 366 adiuncta
1372 326 1532 378 simul,
1561 332 1611 366 ut
1632 338 1893 379 speramus,

263 394 354 435 fida
377 396 690 447 inquisitione.

343 466 540 517 Quarto,
580 478 685 507 cum
721 468 767 506 in
798 467 996 519 collegio
1036 467 1221 519 publico
1256 469 1572 509 studiosorum
1609 482 1704 509 non
1744 476 1900 510 essent

263 537 594 589 ieiunationes,
633 550 750 590 quas
785 539 1066 590 praescribit
1096 537 1185 579 Sta
1225 547 1374 579 mater
1401 540 1637 591 Ecclesia;
1669 546 1714 580 et
1742 546 1902 592 aperte

265 620 531 661 magnoque
553 620 658 649 cum
686 609 910 650 scandalo
940 610 1246 661 violarentur,
1278 622 1332 650 eo
1359 622 1459 650 rem
1484 611 1618 652 brevi
1649 612 1902 652 adductum

264 681 321 721 iri
359 692 626 732 speramus,
666 686 715 721 ut
749 681 870 721 sicut
898 681 1130 733 quaedam
1162 681 1209 721 in
1244 681 1335 721 hac
1361 688 1495 733 parte
1530 682 1623 722 iam
1657 682 1902 722 immutata

264 757 394 802 sunt,
420 752 484 791 ita
505 751 658 802 magis
679 752 925 803 magisque
956 752 1002 792 in
1031 752 1131 792 dies
1159 752 1234 792 hic
1267 752 1547 793 reformetur
1576 753 1763 805 abusus,
1796 753 1904 805 quia

265 829 389 863 totus
411 829 480 862 est
501 828 661 862 noster
684 822 807 863 illius
827 834 1021 875 praeses
1043 823 1256 875 Collegii.

347 893 435 944 Qui
464 893 785 934 confessiones
814 895 1151 946 poenitentium
1179 895 1373 935 audiunt
1403 895 1482 945 (de
1503 895 1709 935 omnium
1729 895 1905 946 praeci—

262 965 365 1016 puis
387 966 582 1017 loquor),
605 977 731 1005 nunc
754 965 950 1006 consilio
970 971 1149 1016 nostro,
1173 972 1217 1006 et
1234 978 1378 1018 opera
1398 965 1453 1006 R.
1479 965 1528 1006 P.
1549 966 1745 1018 Claudii,
1764 966 1904 1006 facul-

262 1042 408 1077 tatem
430 1036 761 1088 impetrarunt,
789 1049 881 1088 qua
900 1037 1297 1088 periculosissime
1320 1037 1529 1077 destituti
1548 1037 1735 1077 fuerunt
1751 1037 1906 1077 hacte-

262 1119 365 1158 nus,
390 1108 437 1148 in
460 1119 573 1148 casu
596 1108 669 1158 (ut
690 1108 888 1159 vocant)
922 1108 1133 1149 haeresis
1155 1109 1485 1149 absolvendae.
1517 1108 1792 1160 Complures
1820 1109 1903 1149 Ec-

264 1179 513 1219 clesiastici
552 1179 768 1219 homines
803 1179 919 1219 nihil
953 1180 1212 1220 recitarunt
1250 1180 1306 1220 de
1341 1180 1469 1220 horis
1505 1179 1769 1220 Canonicis.
1811 1179 1905 1219 Eos

265 1262 461 1302 pensum
483 1251 573 1291 hoc
600 1251 845 1291 nobiscum
874 1251 1145 1303 persolvere
1173 1251 1462 1302 curavimus,
1487 1257 1537 1292 ut
1563 1251 1793 1292 recitandi
1811 1261 1905 1290 mo-

271 1334 367 1363 rem
392 1323 703 1374 addiscerent,
728 1328 772 1363 et
794 1323 903 1374 quia
920 1323 1152 1363 Breviarii
1171 1323 1282 1363 novi
1303 1322 1504 1363 Romani
1528 1322 1538 1342 ¹
1560 1334 1672 1363 usus
1702 1322 1906 1363 maxime

268 1394 502 1445 placebat,
522 1394 880 1446 impetravimus
897 1394 1001 1445 illis,
1021 1395 1145 1446 quod
1160 1394 1396 1446 petebant,
1420 1407 1446 1434 a
1462 1393 1575 1434 R.m0
1591 1394 1772 1445 Legato
1788 1393 1904 1434 Pon-

265 1465 417 1505 tificis.
444 1465 604 1517 Itaque
625 1471 830 1517 pergunt
852 1465 1059 1517 quotidie
1080 1466 1127 1506 in
1147 1465 1403 1506 recitandis
1423 1465 1552 1505 horis
1574 1465 1829 1515 canonicis,
1863 1470 1907 1505 et

270 1537 470 1577 vestitus
491 1537 633 1577 etiarn
654 1538 950 1578 honestatem
973 1537 1237 1578 ostendunt.

346 1609 586 1649 Exercitia
607 1609 803 1661 primae,
823 1615 874 1649 ut
895 1620 1137 1660 vocamus,
1156 1608 1492 1661 hebdomadae,
1513 1609 1577 1649 1111
1593 1608 1905 1649 communica-

270 1680 420 1720 vimus
441 1692 501 1720 ex
521 1686 677 1732 parte,
702 1681 781 1732 qui
801 1681 1005 1732 primum
1025 1680 1073 1720 in
1093 1680 1183 1721 hac
1204 1680 1465 1720 Academia
1485 1681 1640 1720 locum
1660 1686 1820 1720 tenere
1840 1679 1904 1719 vi-

267 1752 415 1801 detur,
441 1752 517 1801 (et)
539 1751 857 1791 universalem
877 1752 1005 1792 Vitae
1025 1751 1168 1792 totius
1189 1751 1389 1792 instituit
1417 1751 1758 1792 confessionem
1779 1750 1793 1769 ”³
1813 1762 1907 1791 non

267 1824 366 1863 sine
389 1834 562 1874 magno
584 1823 729 1863 animi
752 1823 823 1863 sui
844 1835 1058 1863 moerore
1080 1834 1135 1863 ac
1156 1823 1286 1874 fletu,
1310 1823 1598 1875 consilioque
1624 1829 1668 1863 et
1688 1822 1906 1873 magiste-

265 1895 336 1935 rio
357 1900 518 1934 nostro
540 1906 667 1945 usus,
691 1894 739 1934 in
766 1895 939 1946 templo
974 1900 1136 1935 nostro
1157 1894 1415 1935 celebravit
1435 1894 1684 1946 primitias,
1704 1899 1904 1934 contem-

265 1972 346 2017 pta
368 1966 493 2006 omni
520 1977 705 2018 pompa.

347 2037 521 2078 Multae
561 2037 647 2078 fuit
687 2037 1001 2078 aedificationi
1040 2038 1253 2090 plurimis
1298 2038 1422 2090 quod
1460 2037 1905 2078 communicantium

269 2109 598 2149 Eucharistiae
634 2109 820 2149 adesset
854 2116 966 2150 tunc
1001 2109 1285 2161 frequentia,
1322 2110 1474 2161 qualis
1508 2109 1565 2150 ab
1600 2109 1732 2149 initio
1767 2108 1904 2149 huius

267 2181 555 2221 Academiae
575 2181 736 2221 nescio
759 2181 798 2221 si
819 2186 1073 2233 conspecta
1094 2192 1149 2221 eo
1170 2182 1276 2223 loco
1298 2181 1452 2222 fuerit.
1478 2180 1631 2222 Valde
1647 2181 1781 2222 nobis
1801 2192 1903 2232 pro-

268 2252 477 2292 futurum
514 2253 559 2292 in
593 2251 798 2293 Domino
830 2252 1016 2292 videtur
1049 2252 1172 2293 illius
1197 2253 1288 2293 Viri
1316 2264 1524 2293 amorem
1551 2258 1595 2293 et
1628 2253 1904 2293 benevolen-

270 2324 383 2364 tiam
403 2324 589 2375 penitus
611 2323 910 2374 conciliasse,
941 2335 1047 2364 cum
1073 2324 1210 2364 huius
1239 2324 1499 2365 authoritas
1527 2324 1651 2376 apud
1675 2335 1837 2364 omnes
1858 2324 1905 2364 in

269 2395 418 2446 pretio
440 2395 683 2436 habeatur.

351 2466 500 2507 Hodie
520 2467 655 2507 nobis
675 2467 885 2507 iniuncta
912 2472 982 2507 est
1008 2467 1276 2518 provincia,
1307 2467 1385 2507 ubi
1411 2466 1705 2519 professores
1735 2478 1902 2507 conve-

269 2538 461 2588 nissent,
485 2544 534 2577 ut
554 2549 639 2589 pro
661 2538 890 2589 religione
909 2537 1314 2578 conscriberemus
1329 2537 1482 2578 edicta
1499 2537 1743 2590 quaedam,
1762 2539 1903 2589 paulo

270 2615 374 2660 post
395 2609 608 2649 omnibus
637 2609 860 2649 studiosis
889 2609 1211 2661 proponenda.
1245 2609 1385 2650 Faxit
1413 2609 1644 2650 Dominus
1673 2608 1831 2661 Jesus,
1855 2615 1905 2649 ut

324 2745 334 2765 ¹
374 2745 423 2772 De
446 2745 508 2772 1100
533 2745 713 2773 Breviario
736 2745 889 2773 Romano
914 2751 1000 2772 novo
1022 2746 1157 2772 consule
1186 2745 1311 2773 Carlas
1334 2746 1376 2773 de
1401 2745 1473 2772 San
1494 2745 1649 2779 Ignacio,
1674 2749 1697 2772 t.
1723 2753 1768 2780 lv,
1795 2745 1859 2780 Ap.
1875 2745 1904 2780 2,

270 2800 350 2827 pag.
364 2793 426 2820 498.

325 2841 338 2860 ²
377 2839 571 2875 Scripserat
595 2841 649 2868 hic
675 2840 842 2868 Canisius:
867 2841 1052 2876 consessus
1074 2842 1126 2868 est
1149 2842 1368 2875 generativa
1390 2841 1450 2869 sed
1474 2841 1589 2869 verbis
1612 2840 1665 2868 his
1687 2840 1777 2868 linea
1801 2840 1904 2867 ducta

272 2886 475 2922 obliteratis,
491 2891 651 2915 consueto
667 2889 763 2922 signo
779 2888 936 2922 apposito
950 2886 1117 2915 indicavit
1137 2887 1305 2915 Polancus
1320 2896 1436 2916 eorum
1455 2888 1529 2916 loco
1549 2887 1729 2915 inserenda
1744 2894 1817 2914 esse
1832 2886 1902 2914 illa:

273 2934 515 2962 universalem
532 2935 628 2962 vitae
643 2936 752 2962 totins
768 2935 926 2963 instituit
942 2934 1218 2971 consessionem,
1234 2943 1319 2970 quae
1334 2943 1443 2963 ‚manu
1462 2935 1602 2970 propria
1617 2935 1686 2969 ipsc
1703 2935 1734 2961 in
1750 2934 1903 2968 margine

271 2982 453 3010 scribebat.
