2074 3179
256 134 326 170 074
773 131 1002 169 LITTERAE
1029 142 1387 174 QUADRIMESTRES

338 228 478 269 Pater
525 228 777 268 confratris
817 228 967 268 nostri
1004 227 1174 268 Erardi
1217 228 1490 269 Leodiensis
1529 228 1723 270 adduxit
1761 231 1897 271 nobis

259 299 401 340 filium
431 311 566 339 suum
595 298 843 350 majorem,
868 297 1000 350 cujus
1034 299 1129 338 otia
1159 299 1386 339 litteraria
1421 299 1597 350 alebat,
1622 311 1759 351 quem
1791 313 1897 341 cum

260 371 523 411 videremus
545 370 702 411 multis
724 375 922 409 naturae
943 369 1127 410 dotibus
1159 370 1413 421 insignem,
1437 381 1702 422 magnoque
1728 371 1896 412 affectu

257 455 284 482 a
319 441 522 482 Domino
559 441 704 490 trahi,
744 442 789 481 in
829 441 1018 481 domum
1056 441 1362 493 suscepimus.
1394 441 1529 482 Alios
1563 454 1746 494 quoque
1781 443 1897 484 duos

257 512 542 553 Leodienses
570 512 819 562 habemus,
850 523 1052 564 magnae
1079 512 1179 564 spei
1203 511 1419 563 juvenes,
1454 524 1559 553 cum
1590 520 1758 565 nepote
1791 525 1896 554 con-

256 584 418 625 fratris
440 583 661 624 Balduini
685 582 710 624 ¹.

337 655 542 695 Litteras
563 654 576 673 ‘²
599 661 643 695 et
663 661 827 695 votum
848 654 1064 705 Magistri
1085 654 1286 695 Gerardi
1306 654 1652 696 Dordracensis
1673 655 1732 696 ad
1753 655 1802 696 P.
1835 656 1894 696 V.

256 727 491 777 misimus,
518 738 577 766 an
599 726 649 766 Ρ.
673 726 732 766 V.
763 726 993 777 receperit
1019 726 1194 766 nescio.
1226 726 1424 767 Romam
1451 726 1689 779 profectus
1718 727 1896 767 fuisset:

256 798 338 837 sed
360 798 425 838 ita
454 797 539 837 fuit
572 797 731 838 scabie
759 796 1029 848 impeditus,
1058 803 1108 837 ut
1129 809 1211 849 per
1241 797 1418 849 aliquot
1446 797 1544 838 dics
1572 798 1709 838 domo
1737 798 1899 849 egredi

255 881 349 909 non
376 869 594 921 potuerit.
625 868 759 909 Nunc
793 868 957 908 melius
986 867 1159 909 habere
1193 869 1360 920 coepit.
1391 868 1483 909 Res
1513 880 1624 909 suas
1651 869 1899 921 disponere

256 941 467 981 decrevit
504 952 645 992 quam
674 940 878 991 primum
906 941 1110 992 potuerit
1139 940 1333 980 consilio
1354 939 1563 991 Patrum,
1586 941 1706 981 sicut
1731 940 1780 981 P.
1804 941 1899 981 Ma-

254 1013 403 1063 gister
423 1011 666 1052 Adrianus
698 1011 755 1051 ab
789 1011 1051 1062 Antuerpia
1083 1023 1167 1051 sua
1198 1010 1442 1063 disposuit,
1473 1012 1532 1052 ad
1553 1023 1690 1052 usum
1711 1012 1900 1052 studen-

255 1084 368 1123 tium
391 1083 663 1133 Societatis,
689 1082 745 1123 de
766 1083 934 1134 quibus
957 1083 1056 1134 ipse
1076 1083 1216 1123 latius
1237 1082 1297 1122 ad
1316 1083 1366 1123 P.
1391 1083 1449 1123 V.
1473 1083 1606 1124 brevi
1627 1083 1815 1123 scribet.

336 1155 549 1195 Misimus
570 1154 712 1194 etiam
737 1154 937 1204 litteras,
969 1160 1013 1194 et
1040 1160 1203 1194 votum
1231 1153 1483 1195 confratris
1508 1154 1656 1194 nostri
1683 1154 1899 1205 Magistri

251 1227 449 1280 Joannis
470 1225 591 1266 Redt
612 1225 640 1275 ³,
667 1225 972 1276 coloniensis,
998 1226 1076 1277 qui
1097 1236 1182 1265 sua
1203 1225 1359 1266 studia
1380 1226 1520 1266 etiam
1539 1226 1787 1277 diligenter
1807 1232 1898 1266 tra-

254 1304 364 1338 ctat.
390 1298 549 1338 Manet
572 1297 695 1337 enim
718 1297 765 1336 in
786 1296 937 1336 Bursa
965 1308 1070 1347 sua,
1094 1303 1139 1336 et
1159 1297 1390 1348 praelegit
1419 1297 1640 1337 studiosis
1661 1297 1732 1337 bis
1754 1297 1899 1348 quoti-

253 1369 348 1420 die,
372 1370 495 1409 sicut
520 1369 630 1409 fecit
661 1374 822 1417 antea,
853 1379 996 1419 quam
1024 1379 1074 1407 se
1101 1366 1327 1408 Societati
1358 1368 1582 1419 dedisset;
1607 1368 1809 1420 optimus
1830 1374 1900 1408 est

252 1441 467 1487 omnino,
494 1447 538 1480 et
560 1441 677 1480 bene
706 1439 911 1491 proficit,
941 1439 999 1479 ad
1032 1439 1188 1479 omnia
1218 1445 1287 1479 est
1313 1440 1655 1491 paratissimus.
1688 1439 1792 1480 Non
1822 1439 1900 1480 du—

254 1513 348 1552 bito
371 1512 483 1563 quin
505 1511 671 1552 melius
691 1511 941 1563 proficeret
972 1511 1011 1550 si
1031 1510 1242 1562 patribus
1264 1509 1279 1528 ⁴
1306 1511 1507 1551 adesset.
1539 1511 1643 1552 Non
1665 1511 1779 1551 satis
1800 1511 1899 1552 scio

252 1584 365 1635 quid
400 1583 555 1634 magis
587 1582 851 1634 expediret,
892 1593 952 1622 an
982 1582 1105 1632 quod
1139 1582 1214 1622 hic
1249 1588 1480 1633 maneret,
1514 1594 1573 1622 an
1612 1582 1736 1634 quod
1766 1582 1900 1634 profi-

254 1655 523 1695 cisceretur.

334 1725 529 1767 Plurimi
555 1725 708 1765 adhuc
740 1724 1064 1764 adolescentes
1092 1724 1290 1765 studiosi
1316 1725 1462 1766 vitam
1494 1726 1541 1765 in
1568 1725 1732 1766 melius
1753 1725 1900 1765 corri-

252 1810 364 1849 gere
387 1797 589 1837 student.
615 1795 737 1836 Cum
760 1795 976 1836 omnibus
998 1801 1154 1835 autem
1176 1795 1270 1847 his,
1293 1802 1344 1836 ut
1365 1802 1409 1836 et
1431 1796 1534 1837 aliis
1560 1807 1646 1836 nos
1678 1796 1899 1836 acceden-

252 1871 377 1910 tibus
400 1868 685 1909 conferimus
707 1867 763 1907 de
786 1867 884 1906 vita
911 1866 1169 1906 ordinanda
1203 1866 1262 1907 ad
1295 1867 1502 1907 debitum
1532 1867 1690 1916 finem,
1727 1879 1820 1919 qua
1853 1868 1899 1907 in

255 1953 305 1981 re
326 1940 466 1993 pauci
489 1940 608 1979 bene
630 1937 872 1978 informati
892 1936 1099 1988 fuerunt,
1124 1949 1210 1978 sua
1237 1939 1391 1989 magis
1421 1939 1592 1990 singuli
1623 1944 1900 1990 quaerentes

316 2089 326 2109 ¹
367 2088 455 2115 Vide
470 2095 586 2122 supra,
605 2094 683 2122 pag.
700 2086 769 2119 288,
786 2090 855 2114 not.
871 2087 897 2113 1.

311 2137 325 2155 “-’
366 2136 458 2169 Quae
475 2139 666 2170 sequuntur
688 2135 731 2162 ad
756 2134 858 2161 finem
883 2141 999 2168 usque,
1022 2134 1118 2169 quasi
1134 2135 1356 2170 postscrz'pta
1380 2135 1413 2162 in
1438 2136 1542 2164 tertia
1560 2137 1704 2164 alterius
1720 2143 1760 2163 ex
1775 2136 1901 2163 nostris

257 2183 474 2218 apographis
491 2184 621 2218 pagina
637 2182 868 2217 reperiuntur,
884 2182 927 2209 ab
942 2182 1020 2209 aliis
1034 2186 1209 2217 separata,
1233 2183 1292 2209 sed
1316 2183 1412 2217 signo
1429 2183 1556 2218 addito,
1572 2187 1608 2210 ut
1624 2183 1677 2211 hic
1693 2183 1899 2215 inserantur,

255 2235 359 2267 prout
378 2232 509 2259 inserta
524 2235 602 2258 sunt
619 2231 651 2258 in
666 2231 775 2265 primo
792 2230 1007 2264 apographO,
1024 2230 1111 2264 quod
1126 2235 1176 2257 est
1192 2230 1225 2257 in
1240 2230 1403 2258 Historia
1419 2232 1534 2258 varia.

312 2281 325 2300 3
367 2279 459 2306 Redt
476 2279 604 2306 habent
620 2283 739 2306 nostra
764 2277 978 2312 apographa.
995 2277 1061 2304 Sed
1075 2278 1262 2305 audiendus
1282 2278 1509 2314 Reiffenberg,
1525 2279 1579 2314 qui
1594 2279 1643 2307 sic
1663 2280 1798 2307 scribit:
1815 2279 1901 2306 “Pri-

258 2335 342 2361 mus,
360 2327 428 2362 qui,
447 2334 534 2354 anno
550 2326 727 2360 superiore
743 2326 839 2359 (1551)
861 2326 903 2353 ad
925 2325 1053 2352 exitum
1075 2329 1255 2360 vergente,
1277 2325 1488 2354 Societatem
1511 2328 1641 2362 ambiit,
1666 2327 1730 2355 fuit
1753 2327 1900 2361 joannes

260 2375 415 2408 Rhetius,
434 2374 632 2402 adolescens
648 2373 838 2408 praenobili
854 2377 886 2400 et
902 2373 1141 2407 antiquissima
1157 2373 1381 2402 Patritiorum
1396 2378 1498 2409 gente
1512 2378 1620 2409 satus,
1636 2379 1739 2410 atque
1754 2375 1798 2402 ad
1813 2382 1900 2403 sum·

259 2431 314 2450 ma
331 2422 445 2450 omnia
460 2425 563 2449 natus
579 2421 739 2448 Coloniae
757 2420 922 2448 Claudiae
938 2420 1118 2454 Augustae
1144 2421 1367 2456 Agrippinae,
1393 2430 1480 2449 anno
1504 2423 1682 2451 millesimo
1703 2423 1900 2457 quingente-

259 2471 343 2497 simo
360 2469 533 2497 tricesimo
559 2469 717 2502 secundo,
742 2472 841 2503 patre
867 2471 1027 2502 quartum
1051 2469 1187 2495 consule
1205 2473 1238 2496 et
1260 2469 1293 2496 in
1308 2468 1462 2497 Comitiis
1483 2470 1696 2504 Augustanis
1717 2477 1824 2505 nuper
1838 2470 1901 2497 Le-

260 2521 352 2551 gato,
370 2520 483 2544 matre
499 2515 690 2543 Catharina
706 2515 998 2550 Kannengiesera,
1014 2516 1202 2543 lectissima
1214 2516 1296 2543 item
1308 2524 1347 2544 ac
1362 2517 1552 2545 consularis
1563 2518 1712 2546 familiae
1725 2518 1901 2551 foemina.„

261 2563 305 2591 Et
320 2564 354 2591 in
370 2564 670 2592 animadversione
687 2564 729 2591 ad
746 2563 893 2598 paginae
909 2565 1049 2591 calcem:
1065 2563 1211 2591 “Nomen
1225 2563 1342 2592 Rhetii
1354 2566 1575 2592 vernaculum
1587 2569 1662 2593 erat
1673 2565 1815 2601 Johann
1830 2573 1900 2593 van

262 2612 380 2639 Reidt.
399 2611 615 2639 Retinuimus
631 2615 750 2640 tamen
765 2618 886 2638 nomen
901 2610 1034 2646 Rhetii,
1050 2611 1137 2646 quod
1153 2611 1296 2645 ipsemet
1311 2612 1343 2639 id
1359 2613 1512 2640 omnibus
1527 2613 1684 2648 deinceps
1699 2614 1732 2641 in
1746 2614 1901 2648 epistolis

262 2664 294 2686 et
309 2659 537 2687 monumentis
561 2659 765 2694 usurparin„
788 2659 951 2686 Historia
976 2659 1164 2687 Societalis
1184 2659 1272 2694 Jesu
1298 2660 1344 2687 ad
1368 2660 1532 2688 Rhenum
1557 2661 1781 2696 inferiorem,
1794 2663 1851 2690 lib.
1866 2669 1899 2692 11.

262 2715 289 2733 c.
306 2715 351 2741 vx,
369 2715 448 2742 pag.
464 2708 508 2735 41.
520 2707 611 2735 Voto
628 2712 754 2741 tamen,
772 2707 860 2742 quod
875 2707 917 2735 ad
934 2706 966 2734 S.
985 2706 1158 2741 Ignatium
1180 2707 1282 2742 misit,
1299 2711 1332 2735 et
1356 2708 1484 2736 litteris
1507 2710 1608 2743 paulo
1629 2714 1705 2745 post
1726 2710 1769 2738 ad
1792 2710 1901 2745 ipsum

263 2755 361 2789 datis,
380 2762 464 2789 quas
481 2763 589 2790 nuper
604 2763 624 2783 a
638 2755 674 2782 P.
693 2754 730 2783 O.
748 2755 1011 2789 Braunsberger
1025 2755 1228 2790 accepimus,
1243 2762 1364 2783 nornen
1379 2763 1475 2784 suum
1490 2757 1692 2792 subscripsit
1713 2758 1776 2785 hoc
1791 2758 1899 2785 modo:

262 2803 422 2836 joannes
438 2803 602 2830 Riedtus.

317 2850 329 2869 ¹¹⁴
369 2849 482 2877 Unum
497 2859 538 2877 ex
554 2851 765 2886 apographis
780 2851 884 2879 habet
893 2853 1046 2887 pribus„
1057 2852 1143 2887 quod
1156 2853 1290 2887 quidem
1301 2856 1352 2880 est
1364 2857 1577 2882 contractum
1590 2862 1649 2883 seu
1659 2855 1899 2884 abbreviatum

263 2898 431 2930 patribus
442 2919 451 2929 ,
467 2899 555 2932 quod
571 2899 675 2926 habet
691 2900 970 2934 apographorum
985 2901 1148 2928 alterum:
1165 2901 1377 2935 suspicamur
1399 2905 1512 2929 tamen
1528 2910 1548 2930 a
1563 2902 1715 2931 Kesselio
1735 2904 1900 2939 scriptum

264 2944 408 2977 fribus„
423 2946 483 2973 hoc
501 2947 770 2980 est,sratr·z'b115.
