2074 3179
251 135 320 171 540
768 134 994 171 LlrrfflzAE
1021 132 1378 177 QUA'DRIMESTRES

252 231 373 271 ferre
395 231 568 282 posset)
590 231 891 271 exclamavit:
910 231 1028 281 Ego,
1049 231 1250 282 domine,
1269 230 1439 271 faciam
1461 231 1583 283 quod
1605 232 1749 271 voles.
1770 231 1889 271 Tum

252 303 348 353 illc,
386 314 535 354 neque
563 302 686 342 enim
712 314 880 342 vocem
915 301 1013 353 ejus
1048 307 1329 353 agnoverat,
1360 302 1470 342 licet
1498 308 1541 342 et
1569 301 1733 342 adesse
1762 302 1890 342 illum

253 374 395 413 sciret
422 381 467 413 et
502 374 653 424 ipsum
687 374 891 413 maxime
920 380 1121 424 peteret:
1154 373 1332 424 ecquiS‚
1369 373 1540 425 inquit,
1577 379 1627 413 tu
1662 374 1736 413 es?
1770 372 1889 424 Ego,

253 445 401 496 inquit
435 445 532 494 ille,
571 444 874 485 Sebastianus
909 444 1209 485 Ansalonius.
1249 444 1435 495 Quanta
1471 444 1529 484 ad
1563 444 1686 484 hanc
1725 456 1891 484 vocem

251 516 400 555 mixta
420 515 592 555 fuerint
613 516 820 556 omnium
840 516 1065 567 lacrymis
1084 516 1256 567 gaudia
1279 527 1461 567 eorum,
1486 516 1564 568 qui
1591 522 1765 556 statum
1793 515 1893 567 ejus

253 587 555 642 habitumque
576 593 831 637 noverant,
856 587 945 627 Dei
975 587 1349 627 misericordiam
1375 587 1762 637 collaudantium,
1795 588 1891 627 nul-

251 659 307 698 lis
329 669 417 709 ego
440 658 608 698 litteris
629 659 866 710 explicare
890 670 1072 710 queam.
1096 657 1187 699 Sed
1207 670 1475 710 pergamus.
1496 657 1696 698 Ostensa
1717 659 1890 710 populo

252 741 392 769 cruce
414 736 458 769 et
480 730 705 770 concione
726 729 923 769 feliciter
945 729 1159 778 dimissa,
1183 730 1404 781 promissi
1430 740 1726 781 nequaquam
1753 728 1890 770 Seba-

253 801 433 841 stianus
455 801 714 852 immemor,
738 801 784 840 in
805 801 954 852 Asylo
979 800 988 819 ¹
1011 801 1171 852 templi
1193 801 1343 841 nostri
1371 801 1677 841 transiturum
1708 801 1893 841 concio-

251 879 467 913 natorem
489 878 765 924 exspectare
793 872 959 922 voluit,
993 878 1042 912 ut
1070 873 1421 924 amplexaretur
1448 872 1495 912 in
1523 872 1683 912 osculo
1711 878 1891 919 sancto;

254 945 379 996 quod
400 950 449 984 ut
470 944 646 984 factum
667 950 758 994 est,
783 944 941 984 statim
963 956 1012 984 se
1033 944 1226 994 negavit
1248 956 1274 984 a
1296 944 1431 983 nobis
1458 944 1712 991 exiturum,
1746 943 1895 983 donec

253 1028 373 1068 quae
394 1016 675 1067 promiserat
696 1015 1022 1067 praestitisset.
1046 1015 1203 1055 Missis
1225 1016 1383 1067 itaque
1403 1015 1571 1055 litteris
1592 1015 1651 1055 ad
1671 1014 1786 1054 Rum
1814 1015 1895 1054 hu-

250 1087 327 1138 jus
347 1087 477 1127 urbis
498 1086 769 1137 Vicarium,
794 1086 924 1137 cujus
947 1087 1045 1138 ipse
1066 1087 1212 1127 frater
1234 1093 1324 1137 est,
1349 1087 1515 1138 quibus
1538 1086 1628 1126 hac
1649 1086 1705 1126 de
1726 1097 1775 1125 re
1798 1097 1894 1125 cer-

254 1160 423 1199 tiorem
457 1170 563 1198 eum
596 1159 793 1208 faceret,
824 1170 917 1198 non
944 1158 1228 1198 mediocrem
1256 1159 1296 1198 ei
1326 1157 1552 1198 laetitiam
1587 1158 1756 1197 attulit.
1788 1156 1894 1208 Jam

255 1230 436 1281 pridem
457 1229 581 1269 enim
607 1235 657 1269 ut
687 1230 745 1269 ab
776 1230 882 1269 odio
904 1228 1208 1270 Sebastianus
1236 1235 1444 1269 cessaret
1475 1235 1737 1280 optaverat.
1767 1227 1895 1268 Misit

253 1308 298 1342 et
320 1302 379 1342 ad
400 1313 510 1341 suos
529 1301 775 1351 nuncium,
800 1301 879 1352 qui
905 1312 989 1340 suo
1013 1301 1201 1341 nomine
1229 1301 1438 1351 referret,
1462 1300 1552 1341 nisi
1582 1300 1670 1339 sibi
1702 1300 1894 1339 assenti-

253 1379 356 1413 rent
377 1379 426 1413 ut
446 1373 569 1412 hanc
590 1371 810 1424 injuriam
827 1372 1094 1422 dimitteret,
1114 1372 1303 1413 domum
1320 1384 1369 1412 se
1390 1377 1601 1411 nostram
1622 1382 1718 1410 non
1739 1381 1893 1421 egres-

254 1456 434 1496 surum3
459 1444 729 1495 statimque,
754 1444 987 1484 advocato
1010 1444 1164 1484 scriba
1184 1444 1394 1495 publico,
1419 1442 1655 1493 omnibus,
1681 1448 1726 1481 et
1747 1441 1825 1493 qui
1847 1442 1893 1481 in

255 1528 447 1557 carcere
481 1527 566 1556 sua
602 1527 746 1555 causa
778 1515 1112 1566 detinerentur,
1142 1522 1186 1555 et
1220 1515 1298 1567 qui
1324 1515 1436 1554 urbe
1464 1515 1510 1554 in
1542 1514 1733 1554 exilium
1761 1511 1895 1563 ejecti

253 1594 432 1639 essent,
468 1588 615 1628 libero
649 1587 880 1638 hilarique
911 1587 1066 1627 animo
1095 1587 1319 1638 pepercit.
1354 1587 1412 1627 Et
1437 1585 1535 1637 jam
1569 1586 1709 1636 longe
1744 1575 1906 1625 levior

253 1660 427 1710 factus,
459 1660 515 1700 de
542 1658 805 1699 confitendo
838 1659 1048 1709 cogitare
1077 1659 1250 1710 coepit,
1279 1664 1530 1709 tantusque
1558 1657 1682 1697 hunc
1713 1657 1897 1708 peccati

253 1731 465 1772 mortalis
496 1731 618 1782 cepit
638 1731 808 1770 horror
838 1735 977 1782 atque
1006 1730 1192 1770 aversio
1222 1730 1428 1781 (egregie
1450 1729 1681 1780 siquidem
1710 1728 1802 1768 hoc
1831 1728 1895 1767 in-

253 1804 526 1844 culcaverat
549 1802 852 1842 concionator
873 1801 987 1841 nihil
1007 1808 1202 1853 peccato
1224 1801 1411 1841 mortali
1432 1801 1617 1850 tetrius,
1648 1799 1770 1851 quod
1804 1811 1897 1838 una

251 1875 415 1915 suisset
438 1886 582 1914 causa
604 1885 687 1914 cur
708 1872 922 1914 Christus
943 1873 1220 1925 pateretur),
1244 1873 1335 1921 sic,
1360 1872 1570 1924 inquam,
1594 1872 1683 1911 hoc
1707 1877 1898 1922 repente

253 1951 501 1986 aversatus
522 1951 606 1995 est,
627 1950 676 1985 ut
697 1956 747 1985 se
767 1956 1008 1996 nunquam
1029 1944 1251 1995 deinceps
1272 1944 1468 1984 mortale
1490 1943 1667 1983 crimen
1685 1942 1897 1983 commis-

252 2029 413 2058 surum
435 2022 767 2057 asseveranter
788 2016 978 2067 diceret3
1002 2016 1144 2056 immo
1166 2027 1279 2056 vero
1297 2021 1469 2055 octavo
1490 2026 1674 2066 quoque
1692 2013 1764 2053 die
1789 2025 1897 2053 con-

252 2089 503 2139 fessurum,
528 2088 652 2140 quod
674 2094 718 2128 et
738 2087 975 2128 facturum
997 2086 1292 2138 confidimus;
1316 2098 1426 2126 nam
1457 2093 1501 2126 et
1530 2085 1664 2126 nobis
1693 2092 1761 2125 est
1789 2084 1895 2124 affe-

253 2161 506 2211 ctissimus,
531 2166 575 2200 et
597 2160 643 2200 in
665 2160 837 2211 templo
858 2165 1019 2199 nostro
1043 2158 1362 2199 lubentissime
1379 2163 1613 2197 versatur.

332 2232 549 2282 Replevit
570 2230 706 2282 hujus
727 2231 795 2271 rei
815 2230 941 2271 fama
962 2242 1057 2270 non
1077 2229 1345 2270 Messanam
1366 2229 1504 2269 modo
1524 2228 1607 2268 sed
1626 2228 1899 2268 universam

253 2304 415 2354 etiam,
440 2309 488 2342 ut
510 2302 644 2342 nobis
665 2302 942 2352 retulerunt,
967 2300 1188 2342 Siciliam.
1213 2301 1309 2341 Nec
1330 2300 1561 2340 immerito
1585 2311 1698 2339 sane
1725 2298 1896 2339 Messa-

252 2374 474 2414 nensibus
493 2373 671 2425 ingenti
686 2373 772 2413 fuit
789 2373 978 2424 gaudio,
999 2373 1220 2424 quoniam
1237 2372 1393 2412 multis
1410 2372 1526 2411 haec
1544 2382 1620 2411 res
1639 2371 1802 2410 obesse
1820 2381 1896 2421 po-

252 2452 390 2486 terat.
406 2446 599 2486 Fatetur
612 2445 735 2484 enim
747 2445 821 2484 hic
835 2445 964 2484 hisce
977 2444 1112 2484 annis
1128 2450 1306 2495 septem
1319 2443 1374 2483 de
1387 2443 1511 2483 nulla
1525 2454 1575 2482 re
1592 2442 1745 2492 magis
1757 2452 1898 2492 quam

254 2518 309 2558 de
332 2517 611 2557 effundendo
634 2515 862 2567 sanguine
885 2527 933 2555 se
956 2516 1212 2566 cogitasse,
1237 2521 1285 2555 ut
1308 2514 1384 2566 qui
1401 2513 1499 2565 jam
1519 2514 1657 2565 plane
1679 2511 1899 2552 efferatus

255 2596 396 2639 esset,
421 2596 466 2629 et
488 2589 548 2629 ad
569 2600 705 2628 omne
727 2588 899 2638 scelus,
923 2587 1061 2627 sicuti
1083 2587 1181 2638 ipse
1203 2587 1287 2635 ait,
1312 2585 1663 2637 paratissimus,
1687 2584 1775 2624 hac
1806 2595 1895 2623 una

253 2661 537 2713 cogitatione
560 2659 785 2700 audacior
807 2659 867 2699 ad
888 2658 1043 2699 omnia
1063 2658 1236 2708 factus,
1262 2656 1387 2709 quod
1408 2656 1493 2696 sibi
1514 2668 1608 2695 non
1641 2661 1763 2695 esset
1791 2666 1896 2695 con—

254 2732 488 2772 fitendum.
513 2731 674 2783 Neque
704 2730 827 2771 enim
852 2742 1057 2781 unquam
1088 2735 1192 2781 post
1220 2734 1439 2780 coeptum
1466 2727 1623 2768 odium
1651 2726 1895 2767 confessus

306 2919 316 2938 ¹
355 2919 388 2945 in
405 2919 709 2952 atr1'0,PoLANccs‚
728 2918 863 2951 (5l1›'011.,
878 2922 901 2944 t.
918 2924 951 2950 11,
967 2924 1043 2951 pag.
1068 2917 1129 2950 521,
1156 2924 1185 2943 n.
1212 2916 1278 2948 27&
1305 2916 1358 2949 qui
1386 2919 1501 2941 tamen
1517 2913 1549 2940 in
1567 2911 1777 2947 apographis
1795 2910 1897 2944 Asylo

254 2967 390 3000 reliquit
408 2966 633 2993 scribendum.
