2074 3179
251 127 322 164 520
754 129 979 168 LITTERAE
1012 143 1371 175 QUADRIMESTRES

252 224 490 274 probetur,
524 225 632 266 dum
668 226 940 279 Conversis,
975 229 1141 269 saltem
1170 229 1384 279 Venetis,
1424 228 1722 281 adjungatur,
1765 232 1888 282 quod

250 295 394 335 etiam
410 295 507 347 jam
528 303 625 337 tum
647 298 799 338 moliri
820 299 973 351 coepit
1002 306 1046 339 et
1072 301 1345 340 nonnullam
1365 301 1411 340 in
1438 313 1567 353 spem
1594 301 1692 353 ejus
1724 302 1886 342 admit-

253 367 420 407 tendae
441 368 582 408 venit.

331 437 561 479 Praefecti
584 439 720 491 hujus
742 441 870 481 urbis
890 442 1184 482 xenodochio
1211 454 1359 494 nuper
1394 442 1531 482 Rdum
1561 443 1610 483 P.
1647 443 1889 484 Andream

249 507 467 549 Frusium
489 519 746 552 exorarunt
766 524 850 564 per
873 513 1023 564 ipsum
1046 514 1111 554 uti
1131 514 1292 554 liceret
1314 521 1361 554 ut
1389 514 1437 554 P.
1471 514 1688 555 Andreas
1717 515 1887 556 Galva-

248 580 400 620 nellus
422 581 583 633 (quem
605 583 651 623 id
672 584 780 624 olim
801 584 1045 625 factitasse
1066 588 1384 637 agnoverant)
1409 592 1628 637 aegrotos
1657 588 1884 637 visitaret,

251 651 472 705 ipsosque
494 666 585 693 una
609 667 714 695 cum
735 656 963 696 ministris
985 657 1044 697 ad
1065 658 1340 708 patientiam
1362 658 1607 708 animaret,
1630 657 1753 709 quod
1768 658 1888 698 forte

245 723 344 773 jam
381 726 536 765 sexies
577 733 655 766 aut
697 728 868 779 septies
908 728 1058 769 effecit
1079 759 1087 777 ,
1138 727 1240 768 Deo
1288 729 1572 780 adspirante.
1622 728 1740 769 Nam
1781 741 1886 769 curn

247 797 449 846 aegroti,
474 803 572 837 tum
595 798 796 839 ministri
814 811 862 839 se
879 800 1085 840 maximo
1104 800 1336 840 desiderio
1354 801 1549 840 verbum
1566 799 1654 840 Dei
1672 801 1890 841 audiendi

247 865 441 907 affectos
464 875 508 908 et
529 881 661 921 spem
682 869 862 910 fructus
885 871 940 911 de
968 883 1017 911 se
1048 883 1141 911 non
1172 871 1457 912 mediocrem
1484 878 1720 912 ostentant
1751 878 1889 924 atque

248 938 539 988 pollicentur.
592 941 724 981 Ultro
773 943 983 982 nonnulli
1033 942 1284 983 confitendi
1333 944 1626 983 voluntatem
1666 954 1888 994 exposue—

249 1016 371 1049 runt.
411 1010 775 1062 Aegrotantium
808 1014 1056 1054 mulierum
1092 1015 1334 1055 ministrae
1369 1015 1512 1054 semel
1547 1014 1813 1054 admonitae
1840 1020 1889 1054 ut

248 1079 461 1121 insolitas
483 1083 684 1124 antehac
707 1084 919 1125 Litanias
950 1097 1056 1125 curn
1083 1086 1301 1138 precibus
1333 1086 1475 1138 (quae
1506 1086 1552 1125 in
1582 1085 1888 1126 xenodochiis

246 1151 344 1191 fere
365 1154 586 1202 assolent)
611 1162 718 1196 ante
741 1156 1021 1208 capiendum
1043 1158 1198 1197 cibum
1219 1158 1548 1208 decantarent,
1574 1157 1675 1208 ipso
1698 1156 1770 1197 die
1788 1169 1887 1197 coe-

246 1230 430 1275 perunt,
455 1232 499 1266 et
522 1237 667 1278 usque
689 1228 843 1268 adhuc
864 1234 1186 1280 perseverant.
1210 1228 1337 1269 Idem
1358 1229 1425 1269 uti
1447 1229 1588 1269 etiam
1609 1228 1728 1280 apud
1758 1229 1888 1268 viros

241 1296 338 1346 jam
361 1296 639 1350 admonitos,
663 1311 750 1340 nec
773 1300 966 1351 alienos,
990 1300 1085 1349 fiat,
1109 1301 1382 1352 propediem
1404 1300 1694 1340 decernetur.

327 1366 496 1408 Odium
531 1370 768 1420 quoddam
803 1372 1075 1412 intestinum
1110 1384 1165 1412 ac
1206 1371 1450 1412 dissidium
1485 1371 1760 1421 vehemens,
1796 1382 1886 1422 quo

243 1438 421 1479 familia
443 1441 690 1494 quaedam,
716 1443 928 1494 maritus,
950 1456 1083 1495 uxor,
1107 1455 1254 1495 gener
1276 1450 1320 1484 et
1338 1444 1431 1484 filia
1453 1443 1704 1483 triennium
1720 1442 1886 1493 fiagra-

244 1518 379 1550 verat
400 1523 486 1552 nec
515 1514 768 1554 multorum
797 1515 1042 1555 conatibus
1077 1521 1295 1567 potuerat
1330 1515 1514 1566 pacari,
1548 1514 1649 1554 Deo
1675 1512 1884 1564 juvante,

243 1589 291 1622 ut
313 1582 362 1622 Ρ.
393 1584 611 1625 Andreas
640 1587 780 1626 tertio
811 1598 891 1626 eos
921 1587 1160 1637 convenit,
1194 1587 1261 1627 sic
1291 1586 1499 1627 funditus
1530 1586 1698 1625 abhinc
1728 1597 1886 1625 mense

242 1656 507 1696 extinctum
534 1662 673 1708 atque
704 1658 919 1698 sedatum
947 1665 1036 1709 est,
1066 1666 1116 1699 ut
1143 1659 1316 1699 mutuis
1347 1658 1586 1710 provoluti
1615 1657 1810 1709 pedibus
1842 1662 1886 1697 et

241 1727 447 1779 profusis
469 1729 716 1780 lacrymis,
741 1735 952 1769 mutuam
982 1741 1148 1781 pacem
1179 1742 1233 1770 ac
1264 1729 1453 1769 veniam
1482 1740 1577 1768 non
1603 1739 1886 1779 expoposce-

241 1799 335 1839 rint
357 1799 663 1852 dederintque
684 1801 837 1850 modo,
868 1813 1033 1841 verum
1055 1801 1196 1841 etiam
1216 1806 1521 1852 peccatorum
1542 1799 1885 1839 contessionem

240 1871 301 1911 ad
322 1872 476 1923 ipsum
496 1872 703 1923 Patrem,
729 1879 774 1913 et
796 1873 1124 1913 communione
1152 1884 1317 1913 sacrae
1345 1871 1671 1912 Eucharistiae
1702 1870 1883 1910 confoe·

239 1943 407 1995 derati,
432 1955 614 1984 summa
637 1944 790 1984 adhuc
815 1945 1081 1985 animorum
1103 1944 1439 1995 tranquillitate
1457 1942 1772 1995 perfruantur.

320 2015 424 2067 Ipso
447 2015 520 2056 die
542 2016 834 2068 Epiphaniae
854 2049 862 2067 ,
895 2016 1085 2068 quidam
1117 2028 1301 2065 eorum,
1326 2015 1405 2068 qui
1426 2020 1639 2055 nostrum
1660 2014 1885 2064 templum

238 2088 501 2139 celebrant,
526 2089 763 2129 hominem
783 2089 977 2140 triginta
1002 2100 1245 2139 annorum,
1271 2088 1414 2138 colos,
1434 2086 1585 2137 fusos,
1608 2085 1882 2135 verticillos,

236 2160 432 2200 zonulas
453 2167 497 2200 et
519 2160 747 2212 ejusmodi
766 2160 1071 2201 mercimonia
1089 2159 1512 2209 circumferentem,
1532 2169 1618 2198 nec
1636 2156 1788 2197 minus
1805 2168 1884 2195 va-

239 2231 322 2271 riis
340 2230 437 2283 jam
459 2231 536 2272 diu
568 2232 861 2284 inquinatum
882 2232 1176 2282 haeresibus,
1204 2231 1263 2271 ad
1284 2242 1369 2270 nos
1395 2229 1638 2282 perduxit,
1671 2228 1750 2280 qui
1780 2238 1887 2267 cum

238 2303 383 2343 solius
399 2303 684 2344 christianae
706 2304 921 2344 veritatis
938 2303 1288 2356 pernoscendae
1304 2301 1460 2353 gratia
1476 2313 1525 2341 se
1547 2299 1754 2340 ductoris
1779 2298 1885 2339 fidei

238 2373 498 2414 credidisse
521 2381 660 2426 atque
682 2375 742 2415 ad
763 2387 848 2415 nos
870 2376 1056 2415 venisse
1078 2375 1275 2425 diceret,
1299 2378 1494 2424 accepta
1525 2384 1552 2413 a
1581 2371 1720 2412 Patre
1750 2370 1886 2410 venia

239 2458 300 2486 ex
318 2446 474 2486 animo
496 2446 714 2497 loquendi
736 2458 855 2498 quae
878 2447 934 2487 de
956 2446 1183 2497 religione
1206 2445 1465 2485 christiana
1492 2450 1538 2484 et
1568 2443 1623 2483 de
1653 2440 1886 2482 catholica

239 2518 453 2557 Ecclesia
470 2517 678 2565 sentiret,
693 2517 956 2558 Romanam
974 2529 1139 2558 veram
1154 2529 1256 2557 esse
1273 2516 1476 2556 fidelium
1491 2514 1751 2555 Ecclesiam
1768 2511 1885 2563 ejus-

239 2601 330 2640 que
351 2600 516 2629 sacros
537 2589 668 2640 ritus,
694 2588 948 2629 Missarum
970 2589 1218 2639 sacrificia,
1250 2588 1310 2628 ad
1340 2586 1612 2627 sacerdotes
1633 2583 1884 2625 confessio-

238 2672 368 2712 nem,
395 2659 571 2712 jejunia
599 2669 643 2701 et
673 2661 896 2713 pleraque
927 2660 1017 2701 alia
1047 2660 1302 2712 abnegavit
1329 2658 1506 2699 omnia:
1537 2656 1662 2697 haud
1689 2656 1884 2707 ignarus

239 2744 574 2783 perversarum
596 2733 830 2773 rationum
852 2738 992 2784 atque
1012 2737 1420 2783 argumentorum,
1445 2729 1610 2781 quibus
1631 2738 1883 2779 perversus

240 2802 507 2843 haereticus
529 2803 755 2854 innititur,
784 2803 950 2855 quibus
967 2803 1079 2855 ipsis
1101 2808 1272 2853 tamen,
1297 2812 1403 2842 cum
1424 2806 1616 2840 ventum
1637 2797 1697 2838 ad
1717 2808 1884 2838 verum

240 2879 331 2924 est,
357 2885 440 2914 suo
462 2875 620 2926 gladio
638 2874 879 2926 jugulatus
900 2874 1224 2914 labefactatur.
1249 2873 1333 2914 His
1350 2872 1508 2923 itaque
1529 2871 1679 2922 primo
1701 2869 1775 2909 die
1793 2869 1882 2920 ple-

240 2945 399 2996 risque
421 2957 447 2984 a
470 2946 608 2986 Patre
630 2945 904 2996 confutatis,
929 2945 1141 2986 nonnihil
1162 2951 1229 2985 est
1251 2944 1526 2997 profectum.
1552 2942 1619 2983 Ita
1643 2941 1766 2982 enim
1795 2939 1884 2979 dis-
