2074 3179
232 169 279 206 80
749 168 976 208 LITTERAE
1003 182 1201 214 QUADRm
1212 182 1370 210 ESTRES

998 541 1141 603 XIX

302 759 351 796 P,
373 758 605 807 Sylvester
624 759 851 797 Landinus

349 824 470 862 Patri
487 825 646 871 Joanni
664 824 718 862 de
737 825 945 863 Polanco.

397 889 640 936 Margrato,
662 891 683 926 7
702 890 935 928 Februarii
956 891 1048 929 1548
1066 892 1090 928 ¹.

996 1032 1095 1112 HRS

308 1214 377 1254 La
398 1214 555 1265 gratia
577 1214 651 1255 del
671 1214 869 1266 Signore
892 1215 962 1255 sia
983 1227 1167 1267 sempre
1188 1216 1297 1255 nelli
1319 1216 1450 1256 cuori
1470 1217 1633 1257 nostri.

309 1284 530 1336 Rispuosi
551 1297 578 1325 3
599 1286 753 1337 quella
774 1285 819 1326 di
840 1292 937 1326 otto
959 1287 1006 1327 di
1026 1286 1208 1327 ottobre
1230 1286 1277 1327 di
1303 1286 1479 1328 Vostra
1506 1287 1790 1328 Reverentia
1822 1294 1868 1328 et

228 1369 361 1397 come
382 1356 505 1397 insin
526 1357 571 1397 13
590 1357 621 1397 il
642 1356 842 1408 Signore
862 1357 1017 1398 havea
1038 1365 1203 1411 oprato
1231 1370 1322 1410 qua
1349 1359 1469 1399 nelle
1496 1359 1648 1400 anime
1676 1371 1773 1399 sue.
1805 1360 1865 1400 Et

226 1440 322 1469 non
355 1428 573 1469 havendo
608 1429 773 1469 scritto
796 1429 886 1470 dal'
923 1430 1042 1470 hora
1063 1430 1111 1470 in
1146 1442 1251 1482 qua,
1288 1430 1406 1471 hora
1438 1430 1562 1471 facio
1593 1431 1806 1471 intendes
1838 1443 1865 1471 3

228 1500 381 1552 quella
403 1511 535 1540 come
555 1511 638 1552 per
658 1501 823 1541 lettere
845 1501 890 1541 di
910 1500 972 1541 M.
996 1501 1103 1541 Don
1125 1502 1278 1542 Batta.
1302 1501 1315 1520 2
1336 1501 1517 1542 Pezzan
1534 1502 1597 1542 mi
1618 1502 1866 1545 transferri

225 1569 379 1611 insino
401 1584 428 1611 3
449 1571 642 1623 Parma,
675 1577 719 1612 et
744 1572 810 1612 fui
839 1573 983 1613 molto
1012 1572 1227 1613 edificato
1255 1573 1376 1613 della
1402 1573 1615 1613 humilita
1642 1573 1688 1613 di
1715 1574 1865 1625 quelle

227 1643 504 1693 convertite,
529 1643 615 1683 che
636 1644 952 1684 condannaVa
984 1645 1029 1684 13
1059 1645 1153 1684 mia
1184 1644 1429 1696 superbia;
1462 1650 1506 1684 et
1535 1656 1617 1696 per
1649 1645 1865 1685 commis-

227 1704 359 1754 ¹sione
393 1714 438 1754 di
465 1714 525 1754 M.
556 1713 711 1754 Batta.
739 1715 772 1754 li
797 1714 886 1755 feci
922 1721 1107 1767 quattro
1137 1716 1300 1767 parole
1328 1715 1449 1756 della
1475 1716 1754 1766 ubidientia,
1786 1716 1866 1768 pil]

224 1785 495 1825 necessaria
516 1796 543 1824 3
564 1797 637 1826 me
659 1785 744 1826 che
767 1798 794 1826 3
815 1787 930 1826 loro.
950 1785 1014 1826 Vi
1030 1787 1163 1827 siano
1180 1787 1517 1827 sacomandate
1533 1799 1617 1839 per
1635 1799 1769 1827 amor
1791 1787 1865 1827 del

224 1856 397 1897 Nostro
419 1855 632 1907 Signore.

305 1927 457 1967 Tanto
485 1928 560 1967 nel
586 1934 778 1968 tornare
814 1935 988 1980 quanto
1009 1929 1115 1969 nell'
1149 1929 1298 1969 andar
1320 1929 1359 1969 si
1391 1929 1492 1969 fece
1519 1928 1663 1969 frutto
1693 1930 1769 1969 nel
1796 1928 1863 1969 Si-

223 2009 373 2050 gnore
393 1999 467 2051 pel
488 1999 682 2050 viaggio
698 1999 746 2039 in
762 1999 1046 2040 confessioni
1063 2006 1107 2040 et
1124 2001 1444 2041 communioni
1460 2006 1504 2041 et
1521 2000 1858 2051 exhortationi;

222 2076 267 2110 et
288 2081 337 2110 56
362 2082 457 2110 non
477 2070 602 2111 fosse
624 2076 747 2111 stato
771 2071 871 2111 che'
888 2072 902 2111 1
918 2078 1079 2112 nostro
1109 2072 1303 2112 Vicario
1327 2071 1558 2113 Generale
1581 2072 1655 2112 (161
1684 2071 1863 2112 Vesco-

222 2142 347 2182 vado
370 2143 429 2182 m’
454 2141 608 2182 havea
629 2143 739 2183 dato
761 2144 805 2183 13
826 2155 941 2183 cura
963 2143 1083 2184 della
1103 2143 1288 2183 diocese
1307 2155 1395 2183 con
1416 2143 1695 2184 autoridade
1717 2149 1763 2183 et
1784 2155 1862 2194 pa-

221 2218 346 2253 tente
369 2214 526 2264 ampla
543 2225 627 2265 per
655 2214 808 2254 aiutar
828 2215 856 2254 1’
882 2214 1035 2255 anime
1056 2226 1083 2255 3
1105 2226 1331 2255 conoscer
1353 2220 1397 2255 6(
1419 2227 1551 2255 amar
1572 2214 1604 2255 il
1620 2226 1705 2254 suo
1723 2213 1862 2254 Crea-

221 2290 318 2335 tor,
349 2284 413 2324 mi
442 2285 844 2336 constringevono
873 2297 962 2326 con
990 2286 1033 2325 16
1059 2286 1160 2326 loro
1187 2286 1351 2326 humili
1378 2285 1627 2337 preghiere
1655 2297 1683 2325 3
1709 2291 1862 2325 restas

222 2345 306 2407 per
338 2355 539 2407 qualche
567 2356 615 2396 (11
641 2369 668 2396 3
696 2357 893 2397 servirle
915 2357 989 2397 del
1015 2356 1187 2398 Nostro
1208 2356 1407 2408 Signore
1428 2357 1507 2409 piu
1538 2356 1624 2397 che
1652 2356 1730 2397 nol
1756 2355 1860 2396 feci.

301 2425 550 2467 Ritornato
572 2428 695 2468 nella
716 2428 903 2468 diocese
924 2434 1088 2469 nostra
1115 2428 1257 2469 andai
1279 2440 1305 2468 3
1335 2428 1639 2479 Castellione,
1671 2427 1864 2468 Castillo

221 2497 296 2537 de'
324 2497 581 2550 florentini,
606 2505 651 2539 et
677 2500 805 2540 stetti
833 2500 899 2540 ivi
930 2500 1062 2540 molti
1088 2500 1265 2552 giorni,
1296 2506 1339 2540 et
1365 2500 1445 2551 piu
1465 2500 1701 2539 volevano
1726 2498 1797 2538 ch’
1818 2498 1862 2537 io

220 2569 382 2620 stessi;
406 2581 484 2610 ma
507 2582 600 2610 non
627 2576 786 2622 potete
815 2571 988 2623 perche
1017 2571 1063 2611 io
1094 2583 1174 2611 era
1204 2571 1477 2611 dimandato
1508 2570 1631 2610 dalla
1659 2580 1860 2609 commu-

219 2640 320 2680 nita
348 2640 395 2680 di
423 2639 683 2692 Gragnana
710 2653 798 2682 con
825 2642 1144 2692 grandissima
1170 2642 1408 2682 instantia.
1435 2642 1494 2682 Et
1519 2640 1597 2692 poi
1623 2639 1750 2680 finito
1779 2639 1859 2690 ivi,

220 2711 364 2751 andai
385 2723 412 2750 3
435 2723 527 2751 uno
551 2713 744 2752 castello
765 2712 839 2753 del
857 2712 1105 2753 Marchese
1125 2712 1322 2764 Manfre,
1342 2712 1468 2752 detto
1484 2711 1522 2752 F
1525 2711 1749 2751 illaterra.
1769 2710 1860 2751 Da-

218 2781 297 2834 poi
317 2781 384 2821 fui
405 2781 677 2823 dimandato
698 2784 821 2824 nella
842 2783 1129 2824 communita
1149 2784 1192 2824 d'
1211 2784 1458 2834 Asturano,
1475 2782 1554 2834 poi
1570 2781 1628 2822 da
1646 2782 1799 2834 quella
1815 2781 1861 2822 di

275 2967 285 2986 ¹
326 2966 415 2994 Tota
429 2970 481 2994 est
500 2974 601 2995 manu
618 2968 723 3002 ipsius
738 2968 853 2996 Patris
867 2968 1013 2996 Landini
1027 2968 1061 2995 in
1076 2968 1155 2996 solio
1169 2975 1201 2995 n.
1216 2968 1279 2995 1151.

274 3015 287 3033 2
325 3014 474 3048 Joannes
492 3014 651 3049 Baptista
666 3015 848 3044 Pezzanus.
