2074 3179
231 138 304 177 588
739 139 968 176 LITTERAE
995 148 1354 182 QUADmMESTREs

232 235 501 286 gredientes
522 234 577 275 de
598 235 772 275 virtute
794 235 841 275 in
860 235 1104 285 virtutem;
1137 235 1302 286 reliqui
1322 247 1436 275 vero
1457 247 1506 275 se
1538 247 1763 287 suamque
1802 238 1869 276 vi>

232 312 327 346 tam
350 306 454 346 aliis
474 306 754 356 religionum
774 305 999 346 institutis
1021 311 1373 346 consecrarunt.

312 376 505 418 Praeter
534 377 620 417 hos
642 382 877 417 mercator
899 377 1103 429 quidam,
1126 377 1334 417 nondum
1355 378 1559 429 suscepit
1585 378 1840 428 exereitiis,

231 446 481 488 Societatis
501 447 691 488 vivendi
711 459 891 488 morem
913 448 1276 499 amplexandum
1297 447 1483 500 delegit,
1512 449 1591 499 qui
1614 448 1801 500 quidem
1824 450 1869 489 in

230 518 319 558 hac
347 519 460 559 urbe
489 531 582 559 non
609 519 810 570 exiguae
837 524 906 559 est
933 519 1307 570 existimationiS,
1337 525 1437 560 tum
1463 526 1654 571 propter
1683 532 1868 561 morum

229 590 511 641 probitatem
545 596 642 630 tum
675 595 866 642 propter
894 602 1036 642 opum
1061 590 1325 642 facultates,
1357 591 1465 631 licet
1495 592 1584 631 hae
1621 603 1744 632 nunc
1777 604 1869 632 non

231 667 327 701 tam
355 662 539 712 amplae
567 662 658 702 sint
686 674 827 713 quam
861 668 968 701 ante
996 661 1199 702 fuerunt.
1232 661 1321 702 Vir
1348 668 1418 702 est
1448 663 1642 713 triginta
1681 663 1871 703 circiter

232 744 479 784 annorum,
504 733 657 773 adhuc
687 733 895 785 coelebs3
916 733 1014 785 J'am
1040 740 1110 774 est
1132 733 1179 773 in
1207 733 1427 774 nundinis
1456 733 1594 774 finem
1624 734 1868 785 imponens

230 804 434 855 negotiis
468 805 791 845 saecularibus
821 811 866 845 et
895 805 953 845 ab
982 805 1039 845 iis
1066 817 1115 845 se
1148 805 1409 856 extricans,
1445 805 1612 857 quibus
1640 807 1868 846 hactenus

230 876 437 916 irretitus
452 876 618 917 fuerat.
638 876 783 917 Nobis
800 877 1069 929 frequenter
1085 877 1248 917 scribit
1266 877 1321 916 de
1338 882 1464 917 statu
1481 888 1638 917 rerum
1656 888 1863 918 suarum.

227 946 444 987 Affirmat
465 948 811 998 negotiationes
828 959 939 988 suas
959 959 1215 999 numquam
1231 948 1384 999 magis
1401 960 1459 988 ex
1476 948 1619 988 animi
1637 949 1868 989 sententia

229 1019 515 1059 successisse
544 1030 685 1071 quam
706 1020 797 1060 hoc
824 1025 1054 1071 tempore;
1079 1019 1235 1059 debita
1258 1031 1459 1071 namque
1490 1031 1685 1071 prorsus
1707 1019 1866 1072 despe-

229 1095 334 1130 rata
356 1091 670 1142 recuperavit.
701 1090 926 1131 Attamen
954 1091 1019 1131 ait
1047 1096 1092 1131 et
1122 1091 1325 1142 ingenue
1352 1090 1528 1131 fatetur
1559 1091 1682 1131 hunc
1711 1103 1871 1132 rerum

229 1173 501 1202 successum
521 1174 819 1214 nequaquam
840 1162 1025 1202 animae
1041 1162 1150 1214 paci
1166 1161 1394 1213 conferre,
1414 1162 1495 1202 sed
1515 1174 1595 1203 cor
1616 1174 1751 1202 suum
1771 1168 1870 1202 tan-

229 1233 335 1273 dem
355 1233 614 1285 inquietum
634 1233 750 1285 fore,
775 1234 923 1274 donec
941 1245 989 1273 se
1007 1233 1268 1285 conspiciat
1284 1233 1412 1273 velut
1431 1233 1726 1279 infantulum,
1746 1233 1873 1273 intra.

228 1305 461 1355 gremium
482 1304 747 1356 Societatis,
771 1306 845 1346 lac
867 1317 926 1346 ex
946 1304 1046 1357 ejus
1067 1304 1289 1345 uberibus
1316 1315 1484 1355 sugere
1507 1311 1551 1344 et
1580 1305 1696 1345 cibis
1724 1305 1783 1344 ab
1814 1317 1869 1345 ea

229 1377 523 1427 praemansis
544 1377 754 1417 enutriri.

308 1447 448 1487 Domi
468 1448 631 1488 decem
653 1460 829 1498 sumus,
854 1449 1069 1488 omnibus
1097 1448 1234 1488 simul
1255 1448 1593 1497 annumeratis,
1622 1453 1718 1487 tam
1739 1447 1877 1487 laicis,

228 1530 369 1569 quam
392 1520 591 1571 clericis,
612 1520 732 1560 sicut
748 1519 1067 1571 superioribus
1083 1519 1250 1559 litteris
1267 1518 1435 1569 scripsi
1451 1518 1597 1558 fusius
1615 1517 1694 1558 Pa.
1717 1518 1862 1569 Tuae3

228 1591 351 1630 intra
372 1603 490 1643 quos
509 1591 674 1643 paucis
694 1591 864 1631 abhinc
881 1591 1046 1631 diebus
1064 1590 1296 1631 admissus
1314 1596 1383 1630 est
1404 1589 1635 1630 scholaris
1658 1589 1874 1630 Salman-

227 1663 433 1714 ticensis,
458 1663 700 1714 utriusque
721 1663 910 1714 linguae
933 1668 1183 1714 utcumque
1205 1662 1395 1714 peritus.
1420 1661 1523 1713 Ipse
1541 1673 1647 1701 cum
1670 1662 1874 1701 caeteris

227 1734 443 1774 omnibus
474 1735 520 1774 in
548 1734 647 1774 dies
674 1735 830 1785 magis
857 1746 912 1774 ac
941 1734 1094 1785 magis
1123 1733 1447 1785 provehuntur
1477 1733 1523 1772 in
1552 1733 1780 1772 virtutum
1811 1744 1867 1772 ac

226 1805 488 1845 litterarum
509 1805 812 1845 incremento,
837 1804 939 1845 Deo
961 1816 1145 1856 semper
1165 1810 1211 1845 et
1228 1804 1397 1855 ubique
1413 1804 1460 1843 in
1482 1804 1698 1844 omnibus
1719 1810 1764 1844 et
1780 1816 1865 1855 per

225 1877 382 1917 omnia
399 1878 515 1928 laus,
535 1877 685 1917 honor
702 1882 746 1917 et
767 1877 920 1927 gloria
938 1876 984 1916 in
1001 1876 1191 1916 saecula
1209 1876 1520 1915 saeculorum.
1540 1874 1709 1915 Amen.
1734 1875 1864 1915 Divi—

225 1960 336 1988 nam
370 1947 468 2000 ejus
504 1947 801 2000 majestatem
835 1947 1108 1999 suppliciter
1145 1946 1372 1998 deprecor
1407 1951 1457 1986 ut
1491 1946 1627 1986 nobis
1661 1946 1869 1997 gratiam

226 2020 353 2060 illam
370 2019 590 2071 dignetur
611 2019 817 2070 elargiri,
842 2031 934 2070 qua
953 2018 1303 2059 sanctissimam
1331 2015 1431 2068 ejus
1452 2018 1747 2058 voluntatem
1767 2029 1868 2069 per—

225 2091 345 2131 fecte
378 2101 638 2141 agnoscere
665 2091 900 2143 possimus
928 2090 1232 2141 agnitamque
1264 2094 1362 2129 toto
1391 2088 1546 2128 cordis
1575 2094 1747 2129 conatu
1774 2101 1867 2129 am-

225 2164 502 2214 plectamur.
532 2162 700 2203 Amen.

304 2234 537 2275 Dominus
557 2235 694 2288 Jesus
715 2234 1053 2275 Paternitatem
1074 2233 1224 2273 Tuam
1245 2232 1380 2272 nobis
1400 2232 1479 2272 diu
1506 2237 1665 2272 servet
1693 2232 1866 2271 incolu-

225 2318 346 2346 mem
369 2312 413 2346 et
434 2306 593 2346 divino
615 2306 781 2358 spiritu
804 2317 888 2346 suo
910 2305 1111 2356 benigne
1143 2315 1327 2356 semper
1348 2303 1432 2344 tibi
1461 2303 1653 2343 assistat
1682 2303 1741 2343 ad
1770 2304 1866 2354 glo-

225 2378 345 2417 riam
366 2383 410 2417 et
431 2378 657 2418 honorem
679 2377 882 2417 nominis
905 2377 992 2416 sui.

305 2449 606 2501 Methymnae
629 2448 809 2499 Campi,
832 2448 858 2488 3
879 2448 965 2487 cal.
990 2446 1102 2498 Maji
1127 2447 1240 2486 1552.

306 2521 530 2572 Indignus
551 2528 596 2561 et
619 2520 837 2560 minimus
859 2519 979 2559 filius
999 2519 1048 2559 P.
1074 2519 1125 2559 T.

1017 2662 1369 2703 MAXIMILIANUS
1401 2676 1430 2702 A
1459 2662 1698 2703 CAPELLA.
