2074 3179
847 175 931 212 AN.
964 175 1055 213 1552
1691 178 1762 215 483

130 271 325 311 vixdum
358 271 655 311 illucescente
682 272 796 311 mihi
823 271 881 311 sit
913 272 1263 323 auspicandum.
1295 272 1472 312 Bonam
1501 284 1629 324 spem
1658 285 1760 313 esse

131 342 269 382 audio
291 341 346 382 de
368 341 644 393 quibusdam
668 342 932 391 haereticis,
957 354 1152 393 quorum
1169 343 1348 383 utinam
1370 343 1520 382 minor
1542 350 1663 383 esset
1684 344 1759 383 hic

129 419 401 464 proventus,
426 413 594 464 quique
613 425 716 452 cum
735 413 948 453 lubenter
965 414 1023 453 ad
1041 425 1125 453 nos
1148 413 1403 454 audiendos
1422 414 1583 453 venire
1605 414 1760 454 dican-

130 489 218 530 tur,
255 494 366 523 suas
399 483 540 523 etiam
577 484 819 534 opiniones
854 484 1079 535 paulatim
1114 485 1364 524 emendare
1401 491 1662 535 censentur,
1701 486 1760 525 ad

129 554 382 604 meliorem,
407 559 456 593 ut
478 553 767 605 confidimus,
798 555 981 605 frugem
1008 555 1216 606 redituri,
1250 561 1299 596 ut
1328 554 1520 607 abjectis
1547 567 1759 596 errorum

128 624 333 664 tenebris
355 625 402 664 in
433 625 534 664 luce
555 630 803 664 versentur
831 625 1073 665 Ecclesiae
1104 632 1309 666 sanctae.
1340 626 1411 666 De
1439 627 1612 678 populo
1647 627 1762 666 satis

129 700 313 735 constat
333 695 500 735 miram
523 695 644 735 illius
666 695 941 746 religionem
964 708 1066 736 esse
1090 698 1318 748 coepisse,
1342 697 1652 748 postquamin
1673 698 1761 738 hoc

129 766 300 817 templo
338 778 364 806 a
399 777 471 805 me
507 772 723 825 coeptum
760 772 828 805 est
870 767 1155 807 concionari.
1193 767 1297 808 Non
1336 768 1486 808 solum
1526 780 1663 808 aures
1703 769 1761 808 ad

130 836 411 877 audiendum
440 837 576 876 avide
599 836 795 876 verbum
816 836 905 877 Dei
925 838 1131 889 praebet,
1164 838 1246 878 sed
1278 839 1418 878 etiam
1448 839 1507 879 ad
1537 839 1761 890 precandi

130 907 358 947 rationem
392 913 489 947 tam
524 908 598 959 pie
635 921 775 961 quam
803 909 1010 948 studiose
1040 910 1278 960 componit
1306 921 1422 960 sese,
1455 916 1503 949 ut
1530 921 1759 961 nusquam

129 978 238 1017 alibi
257 984 444 1029 praeter
472 990 655 1019 omnem
686 991 798 1019 sane
820 991 997 1019 morem
1026 980 1072 1019 in
1094 979 1298 1020 Bavaria
1320 986 1587 1032 precantur.
1612 980 1761 1021 Sacri-

128 1048 288 1089 ficanti
309 1049 368 1089 ad
395 1048 532 1089 finem
559 1061 705 1101 usque
734 1050 905 1090 Missae
935 1051 1175 1090 assistunt.
1213 1050 1330 1091 Cum
1362 1051 1657 1092 Eucharistia
1687 1064 1758 1092 su-

128 1119 297 1159 menda
317 1126 402 1170 est,
428 1121 657 1171 singulari
679 1122 805 1161 cultu
827 1133 881 1161 eo
904 1133 1005 1161 sese
1033 1128 1327 1172 convertunt,
1356 1122 1470 1163 fusis
1497 1123 1626 1163 humi
1657 1135 1755 1163 cor-

127 1190 331 1241 poribus,
356 1190 401 1231 id
418 1191 541 1242 quod
559 1192 606 1231 in
627 1191 881 1232 Germania
904 1192 1064 1233 videre
1086 1193 1145 1232 sit
1166 1193 1472 1234 rarissimum.

208 1260 376 1301 Munus
405 1260 875 1313 Procancellariatus,
908 1263 1033 1314 quod
1066 1263 1307 1315 hucusque
1339 1265 1554 1316 quamvis
1582 1265 1758 1306 invitus

127 1332 320 1381 retineo,
345 1344 488 1373 conor
511 1333 725 1384 equidem
747 1334 805 1373 ab
826 1333 1033 1374 humeris
1054 1341 1297 1386 excutere3
1320 1341 1367 1375 at
1389 1347 1462 1375 me
1485 1337 1599 1376 satis
1620 1337 1757 1376 extri-

129 1414 238 1443 care
259 1403 341 1443 vix
367 1415 572 1454 possum,
611 1404 752 1444 etiam
773 1404 813 1444 si
840 1411 917 1444 tua
954 1417 1026 1444 me
1053 1404 1272 1445 defendat
1304 1407 1577 1458 authoritas,
1610 1407 1754 1448 Reve-

127 1473 270 1514 rende
290 1473 450 1523 Pater3
481 1474 548 1514 sic
575 1481 711 1526 urget
741 1475 1015 1526 Episcopus,
1046 1476 1269 1528 Princeps
1297 1483 1341 1517 et
1362 1476 1635 1518 Academia.
1666 1477 1757 1519 Sed

129 1545 277 1585 modis
299 1545 514 1586 omnibus
535 1552 584 1586 ut
607 1545 696 1585 hoc
720 1558 860 1586 onere
883 1547 1051 1586 liberer
1073 1548 1352 1598 procurabo.

209 1616 395 1657 Novum
415 1617 549 1657 nobis
577 1618 747 1657 ostium
769 1630 818 1657 se
846 1618 995 1668 aperit
1016 1618 1323 1669 Argentorati
1354 1620 1519 1671 (vulgo
1541 1620 1758 1671 Argenti-

127 1699 238 1727 nam
257 1688 460 1738 vocant).
481 1688 563 1728 Est
584 1700 639 1728 ea
662 1688 908 1728 civitatum
934 1689 1314 1740 germanicarum
1335 1702 1428 1730 una
1456 1692 1755 1743 praenobilis,

128 1759 247 1798 raris
265 1759 516 1799 admodum
532 1759 761 1799 instructa
777 1759 976 1809 dotibus,
995 1760 1247 1812 mundique
1266 1762 1553 1802 ornamentis
1569 1763 1754 1803 referta.

127 1828 427 1881 Scripserunt
448 1830 574 1870 illinc
596 1829 654 1870 ad
676 1842 748 1870 me
766 1831 983 1870 canonici
1005 1831 1290 1872 cathedralis
1307 1833 1548 1883 ecclesiae,
1572 1834 1755 1874 nobilis-

128 1900 232 1939 simi
267 1900 453 1951 quidem
487 1901 573 1951 illi,
606 1913 748 1952 quum
775 1901 895 1941 inter
922 1902 1007 1941 hos
1037 1909 1081 1942 et
1107 1901 1250 1942 duces
1275 1908 1319 1942 et
1349 1904 1544 1944 comites
1573 1906 1758 1956 plurimi

127 1977 448 2022 numerentur;
472 1971 554 2011 sed
575 1978 767 2023 propter
788 1972 1176 2013 lutheranismum
1194 1974 1346 2013 coacti
1369 1975 1610 2025 excedere,
1634 1987 1758 2016 nunc

128 2041 314 2081 demum
334 2042 430 2081 suis
448 2042 647 2082 restituti
663 2042 864 2092 sedibus,
886 2049 1053 2083 curant
1070 2055 1145 2083 res
1163 2043 1362 2084 afflictae
1381 2046 1606 2085 ecclesiae
1628 2059 1754 2087 suae.

128 2111 439 2164 Scripserunt,
466 2113 670 2164 inquam,
695 2113 754 2152 ad
783 2124 856 2152 me
878 2113 943 2153 illi
972 2119 1020 2153 ut
1049 2114 1370 2154 ecclesiastem
1399 2122 1590 2156 acturus
1615 2116 1623 2135 ¹
1652 2118 1759 2157 illuc

128 2183 329 2233 veniam,
354 2189 434 2223 aut
455 2189 580 2223 certe
602 2183 789 2234 quidem
810 2190 877 2223 tot
899 2183 1048 2224 modis
1070 2184 1270 2225 afflictae
1288 2187 1514 2227 ecclesiae
1536 2199 1648 2227 suae
1670 2196 1757 2228 sta-

129 2260 225 2293 tum
247 2255 389 2294 semel
409 2254 676 2305 inspiciam;
700 2260 947 2294 curaturos
971 2267 1019 2295 se
1040 2256 1189 2296 modis
1211 2257 1424 2297 omnibus
1446 2264 1495 2298 ut
1515 2266 1761 2311 susceptae

129 2325 519 2376 peregrinationis
541 2337 612 2365 me
634 2337 871 2377 nunquam
892 2326 1142 2377 poeniteat.
1173 2326 1411 2380 Rescripsi
1438 2329 1579 2380 igitur
1610 2342 1682 2370 me
1704 2331 1760 2371 de

129 2396 352 2436 mutando
372 2397 474 2436 loco
497 2396 607 2436 nihil
630 2408 769 2447 posse
798 2402 1019 2447 statuere,
1056 2398 1242 2449 quando
1271 2400 1371 2451 ipse
1398 2401 1489 2440 mei
1517 2413 1619 2441 esse
1645 2401 1761 2452 juris

129 2468 392 2518 desiissem3
416 2468 462 2507 in
479 2479 552 2507 me
569 2479 711 2518 porro
728 2469 903 2508 nullam
921 2468 1126 2509 futuram
1142 2481 1323 2511 moram
1339 2471 1378 2511 si
1396 2472 1566 2512 missus
1584 2473 1642 2512 ad
1658 2474 1762 2513 illos

129 2539 489 2589 gratificandum
518 2539 770 2590 quicquam
799 2551 987 2591 possem
1016 2540 1211 2581 efficere.
1241 2540 1375 2582 Nunc
1399 2555 1564 2594 parum
1599 2545 1763 2585 abesse

129 2616 287 2650 autem
325 2610 436 2662 quin
471 2610 703 2661 Episcopo
740 2610 1027 2661 Eystettensi
1063 2623 1135 2651 me
1176 2613 1394 2654 comitem
1434 2614 1493 2654 ad
1532 2616 1765 2666 synodum

129 2680 446 2732 adjungerem,
470 2681 537 2721 sic
557 2688 790 2722 annuente
807 2683 985 2722 scilicet
1003 2684 1272 2734 praeposito
1291 2696 1411 2736 meo,
1431 2686 1518 2725 nisi
1534 2686 1763 2737 primores

128 2752 360 2792 Bavariae
381 2752 668 2792 obstitissent
689 2754 936 2804 quominus
967 2766 1021 2794 ea
1044 2754 1089 2794 in
1121 2755 1379 2796 Concilium
1406 2757 1633 2808 profectio
1661 2769 1759 2797 suc—

129 2823 330 2863 cederet.
354 2823 417 2863 At
433 2823 542 2863 boni
564 2823 777 2864 canonici
797 2824 876 2875 illi,
901 2836 959 2865 ne
975 2825 1226 2876 quicquam
1242 2826 1521 2868 intentatum
1538 2828 1764 2880 relinque·

239 2984 521 3012 ConeionaturuS.
