2074 3179
850 177 932 213 AN.
965 177 1054 213 1352
1702 181 1765 216 sssl

136 269 229 310 «das
249 270 295 309 in
317 271 522 310 romanis
544 272 835 312 difficultates
855 278 1081 323 spectant.
1107 273 1331 314 Dedimus
1358 274 1546 325 insuper
1575 286 1766 326 operam

144 352 193 380 ut
214 352 440 392 persaepe
463 341 793 393 disputaretur,
813 342 999 394 jamque
1032 344 1230 384 vicimus
1250 350 1499 396 utcumque
1527 346 1764 385 difficulta-

144 417 251 460 tem,
276 423 393 462 quae
414 412 640 452 hactenus
662 413 967 453 abhorrentes
988 415 1183 455 istorum
1212 416 1394 455 animos
1415 416 1561 456 tenuit
1581 417 1639 456 ab
1662 417 1765 464 hoc,

144 482 251 522 licet
274 482 535 533 utilissimo,
560 490 715 523 tamen
744 484 818 524 hic
839 485 1079 524 rarissimo
1109 486 1338 536 instituto,
1363 486 1493 537 cujus
1522 499 1644 526 nunc
1676 488 1766 528 fru-

148 558 275 592 ctum
296 558 339 592 et
360 554 564 594 sentiunt
592 562 635 595 et
658 562 816 595 amant
836 556 1100 606 theologiae
1126 557 1335 597 studiosi.
1366 557 1525 609 Neque
1553 558 1652 598 sine
1680 559 1767 598 sin-

138 624 297 671 gulari
319 627 568 665 multorum
588 626 801 677 profectu
822 627 997 666 factum
1018 627 1141 678 quod
1162 628 1383 668 lectiones
1401 629 1577 679 aliquot
1597 630 1643 669 in
1665 641 1768 679 gra-

147 695 260 734 tiam
294 695 477 735 illorum
512 697 873 747 institueremus,
910 698 987 748 qui
1013 699 1160 737 sacris
1195 705 1328 739 erant
1359 699 1598 740 ordinibus
1631 703 1770 751 paulo

146 772 251 816 post
291 767 517 807 initiandi.
561 767 679 808 Nam
719 769 841 820 apud
877 768 1157 819 Germanos,
1196 770 1305 809 dum
1340 771 1399 810 ad
1433 771 1772 811 sacerdotalem

148 836 389 888 adspirant
424 839 647 886 ordinem,
677 840 789 879 nulli
816 851 907 879 non
937 840 1258 891 admittuntur,
1283 842 1432 892 qualis
1459 843 1609 893 qualis
1641 849 1772 882 aetas

146 914 191 947 et
213 909 426 958 gravitas
446 910 504 949 sit
526 910 573 949 in
594 910 877 950 ordinandis.
907 911 1147 951 Excusant
1177 918 1332 952 autem
1357 914 1622 963 neglectum
1650 914 1773 954 hunc

147 990 381 1019 canonum
411 992 667 1031 sacrorum,
697 982 820 1033 quod
847 993 1027 1022 summa
1055 983 1374 1023 ministrorum
1405 984 1631 1024 ecclesiae
1652 985 1772 1024 visa-

147 1056 221 1089 tur
242 1050 411 1101 ubique
425 1052 641 1102 penuria:
666 1053 799 1103 quasi
814 1059 1062 1104 propterea
1084 1060 1291 1104 praestet
1315 1055 1677 1106 qualescumque
1700 1056 1773 1096 de-

148 1131 273 1159 mum
290 1133 428 1172 quam
445 1123 594 1161 nullos
612 1123 784 1163 habere
802 1124 1100 1175 presbyteros
1116 1124 1175 1164 ad
1191 1124 1453 1164 functiones
1470 1126 1709 1166 obeundas
1728 1128 1775 1166 in

146 1192 345 1242 templis.

227 1262 361 1313 Quod
397 1264 455 1303 ad
485 1272 829 1305 sacramentum
858 1267 1023 1305 attinet
1050 1266 1371 1317 confessionis,
1404 1279 1489 1307 nec
1520 1269 1658 1319 pauci
1686 1280 1774 1309 nec

146 1334 368 1384 vulgares
396 1334 470 1373 hic
494 1334 719 1385 juvantur
749 1348 775 1375 a
805 1337 959 1387 nobis;
989 1344 1032 1377 et
1056 1336 1152 1388 jam
1180 1338 1398 1377 mulieres
1426 1338 1588 1378 audire
1623 1340 1772 1391 coepi·
1795 1354 1802 1359 ·

146 1415 263 1455 mm,
288 1416 393 1445 cum
415 1413 553 1445 antea
576 1407 762 1457 linguae
783 1419 869 1447 nos
891 1407 1146 1448 deterreret
1168 1408 1427 1449 difficultas.
1458 1410 1775 1450 Accesserunt

146 1482 392 1526 praeterea
415 1477 490 1528 qui
518 1489 755 1528 nunquam
786 1484 924 1518 antea
944 1478 1129 1518 fuerant
1156 1479 1371 1530 confessi,
1402 1486 1447 1520 et
1473 1481 1530 1520 ab
1557 1481 1658 1532 ipsa
1679 1482 1774 1532 qui-

145 1546 251 1586 dem
272 1558 356 1587 sua
378 1548 575 1598 pueritia
598 1549 644 1588 in
665 1549 1001 1589 lutheranismo
1024 1550 1237 1600 instituti,
1261 1551 1345 1590 sub
1368 1557 1564 1603 utraque
1591 1564 1773 1603 semper

147 1618 303 1669 specie
321 1620 800 1670 communicaverant,
825 1632 941 1671 quos
962 1620 1134 1661 Christi
1160 1622 1317 1672 gratia
1339 1622 1567 1672 singulari
1593 1623 1773 1663 lucrife-

144 1689 293 1729 cimus
325 1696 373 1730 ut
393 1690 488 1741 jam
510 1691 568 1730 ad
589 1691 828 1731 Ecclesiae
850 1692 1113 1732 doctrinam
1135 1698 1273 1743 atque
1295 1693 1589 1744 disciplinam
1618 1706 1666 1734 se
1687 1695 1774 1734 rite

148 1768 446 1812 componant,
477 1773 615 1813 saepe
650 1762 972 1813 confiteantur,
1010 1763 1181 1803 seriam
1217 1764 1464 1804 ostendant
1501 1765 1772 1816 resipiscen-

147 1832 276 1883 tiam,
301 1839 346 1872 et
368 1833 423 1872 de
446 1845 493 1872 se
515 1845 689 1883 magna
709 1834 842 1874 nobis
863 1835 1186 1885 polliceantur.

226 1902 469 1943 Parochus
500 1904 688 1955 quidam
716 1906 809 1956 qui,
836 1906 1010 1945 relictis
1040 1906 1268 1956 omnibus,
1299 1906 1373 1946 hic
1402 1907 1572 1957 degere
1609 1909 1771 1959 voluit,

109 2015 111 2017 ,
148 1980 395 2025 postquam
418 1975 720 2026 spiritualiter
736 1982 805 2015 est
827 1977 1110 2016 exercitatus
1133 1989 1159 2016 a
1176 1977 1324 2028 nobis,
1345 1977 1668 2018 admirabilem
1685 1980 1774 2019 col-

147 2045 260 2095 legit
281 2045 483 2085 fructum
501 2058 558 2085 ex
579 2046 974 2096 meditationibUS,
998 2058 1114 2098 quas
1136 2049 1340 2088 solemus
1361 2060 1638 2099 proponere.
1663 2050 1774 2090 Fru-

148 2121 275 2155 ctum
296 2116 419 2155 hunc
446 2116 561 2155 fusis
588 2117 900 2167 poenitentiae
922 2117 1142 2169 lacrymis
1166 2124 1209 2157 et
1231 2119 1433 2169 optimae
1454 2119 1580 2159 vitae
1613 2131 1773 2160 conce-

146 2193 228 2237 pto
252 2187 482 2227 desiderio
511 2199 605 2227 non
632 2199 799 2238 parum
820 2188 1002 2228 ardenti
1032 2188 1305 2229 declaravit.
1336 2189 1452 2230 Cum
1483 2190 1543 2230 ad
1572 2202 1681 2231 suas
1708 2203 1774 2231 re-

147 2258 250 2297 dire
273 2270 386 2298 oves
415 2265 619 2309 pararet,
652 2258 789 2298 fidem
814 2259 947 2298 nobis
974 2259 1099 2299 dedit
1126 2266 1398 2301 curaturum
1431 2273 1494 2312 se,
1528 2267 1625 2302 tum
1653 2263 1777 2314 apud

151 2329 347 2379 amicos,
385 2337 482 2368 tum
511 2328 631 2380 apud
660 2341 769 2369 suas
798 2341 925 2379 oves,
956 2330 1091 2370 enixe
1122 2336 1171 2370 ut
1201 2342 1366 2371 sacrae
1395 2331 1702 2372 confessionis
1732 2339 1775 2373 et

152 2400 497 2440 communionis
518 2411 650 2450 usus,
674 2400 751 2451 qui
784 2400 1032 2440 Germanis
1053 2407 1122 2441 est
1149 2401 1660 2455 omninojrarissimus,
1690 2404 1775 2444 fre-

152 2482 300 2522 quens
335 2471 728 2511 introduceretur:
765 2477 863 2511 tum
892 2472 938 2511 in
965 2472 1173 2523 singulos
1200 2484 1385 2512 menses
1405 2474 1699 2525 [scripturum
1726 2486 1776 2514 se

154 2543 290 2582 nobis
313 2543 487 2594 recepit
510 2542 610 2593 quis
631 2543 857 2583 ecclesiae
879 2549 1043 2593 status,
1067 2543 1170 2595 quis
1190 2543 1368 2583 fructus
1392 2544 1438 2584 in
1460 2556 1651 2585 suorum
1682 2547 1777 2585 ani-

152 2613 240 2653 mis
260 2620 399 2653 esset.
423 2612 582 2664 Adjuti
603 2619 709 2653 sunt
730 2620 772 2653 et
794 2614 873 2653 alii
892 2614 1101 2664 studiosi,
1127 2615 1236 2654 dum
1256 2626 1339 2667 per
1359 2627 1445 2655 nos
1463 2616 1666 2666 priorem
1687 2629 1778 2656 me·

144 2684 432 2724 -ditationum
466 2691 736 2724 nostrarum
769 2691 951 2735 partem
978 2685 1246 2735 absolvunt,
1277 2686 1517 2736 injquibus
1553 2685 1778 2737 majorem

153 2766 293 2806 quam
314 2763 452 2795 antea
474 2766 677 2806 unquam
699 2754 754 2794 de
775 2755 947 2806 pietate
968 2755 1228 2807 profectum
1260 2767 1465 2807 sensere,
1488 2763 1538 2796 ut
1559 2757 1618 2796 ad
1643 2768 1779 2808 gene-

151 2826 297 2865 ralem
332 2833 632 2878 peccatorum
672 2825 1014 2866 confessionem
1034 2826 1382 2877 {instituendam
1418 2833 1573 2866 essent
1614 2827 1778 2868 instru-

149 2896 338 2936 ctiores.

231 2965 491 3008 Dominicis
513 2980 567 3008 ac
587 2968 717 3008 festis
739 2967 916 3018 diebus,
939 2967 1124 3019 quando
1142 2979 1168 3006 a
1186 2967 1377 3007 meridie
1394 2968 1593 3008 studiosi
1614 2969 1673 3009 ad
1694 2981 1780 3009 nos

342 3042 391 3082 T.
421 3055 447 3081 1.
1546 3052 1584 3088 31
