2074 3179
880 139 963 175 AN.
996 137 1086 174 1552
1716 139 1789 175 603

159 246 252 274 non
276 240 428 286 potest
451 240 624 285 quanta
647 235 705 274 sit
728 235 911 275 illorum
933 234 1103 286 pietas,
1133 239 1356 285 quantum
1388 233 1627 284 religionis
1655 246 1785 275 amor

160 312 204 345 et
226 316 340 356 erga
361 317 448 345 nos
470 305 692 346 charitas.

238 376 448 416 Studium
477 388 659 428 quoque
686 376 979 417 xenodochia
1008 382 1051 416 et
1080 388 1295 416 carceres
1331 375 1562 416 invisendi
1590 388 1684 416 non
1712 377 1786 416 dc-

158 446 258 497 suit,
283 447 328 486 in
350 447 514 497 quibus
535 448 898 488 consolabantur
920 446 1115 487 afflictos
1137 453 1180 487 et
1202 447 1261 487 ad
1283 433 1602 487 consessiones
1624 447 1786 487 cohor-

158 518 392 569 tabantur,
416 518 536 558 unde
557 518 734 559 factum
755 525 839 569 est,
864 518 1021 558 divino
1044 517 1230 558 favente
1253 518 1460 567 numine,
1486 526 1533 557 ut
1561 519 1783 567 nonnulli,

157 589 233 640 qui
255 601 338 640 per
359 588 520 628 decem
543 601 690 629 annos
712 589 1030 629 confessiones
1052 589 1416 635 intermiserant,
1440 589 1625 629 demum
1648 589 1784 628 confi-

157 665 380 710 terentur,
420 666 558 711 atque
594 660 672 700 alii
698 672 783 700 nos
810 665 1034 710 rogarent
1062 665 1110 699 ut
1137 660 1196 699 ad
1225 672 1274 699 se
1301 659 1567 710 frequenter
1595 659 1784 711 iremus,

155 729 276 781 quod
300 731 635 770 consuetudine
657 737 819 771 nostra
840 742 932 770 non
953 742 1120 782 parum
1143 742 1191 770 se
1215 730 1443 770 affirment
1464 730 1694 782 adjuvari.

232 801 374 841 Aliud
395 813 487 841 non
507 802 700 841 minoris
720 801 1057 842 aedificationis
1079 801 1263 841 accidit.
1294 801 1410 841 Cum
1436 801 1485 841 Ρ.
1518 800 1788 841 Ludovicus

152 871 356 922 Pratum,
377 873 434 912 ab
456 873 606 912 amico
624 873 804 923 ductus,
824 884 929 912 cum
948 872 1128 912 duobus
1144 872 1367 912 fratribus
1387 878 1509 912 esset
1529 872 1784 923 profectus,

153 949 280 982 tanta
304 943 550 983 multitudo
568 950 616 983 ut
638 944 936 984 confiteretur
957 944 1291 993 concurrebat,
1316 950 1366 983 ut
1387 950 1430 983 et
1451 955 1613 983 coram
1634 943 1785 983 fratri-

152 1013 237 1052 bus
264 1013 310 1052 in
337 1014 508 1064 templo
538 1026 587 1054 sc
613 1021 963 1066 prosternerent
999 1015 1160 1066 aliqui,
1193 1014 1328 1065 quasi
1352 1014 1426 1066 jus
1455 1014 1679 1054 haberent
1709 1026 1784 1053 au-

151 1083 305 1124 diendi
335 1084 667 1125 confessiones.
704 1086 828 1126 Inter
863 1085 979 1125 hacc
1014 1086 1060 1125 in
1094 1085 1258 1125 eadem
1292 1085 1405 1125 urbe
1439 1085 1552 1125 illud
1587 1086 1786 1136 contigit

149 1154 286 1206 quod,
311 1166 416 1195 cum
432 1154 617 1206 juvenis
638 1157 827 1208 quidam
848 1157 894 1197 in
916 1157 1138 1197 extremis
1159 1157 1410 1205 laboraret,
1436 1169 1585 1208 neque
1606 1156 1661 1197 de
1680 1169 1784 1197 con-

150 1225 350 1265 fessione
372 1227 622 1278 cogitaret,
646 1227 799 1267 effecit
819 1228 867 1268 P.
891 1228 1160 1268 Ludovicus
1179 1234 1229 1268 ut
1257 1240 1417 1268 secum
1444 1227 1786 1268 confessionem

149 1303 450 1347 peccatorum
470 1297 646 1337 faceret
667 1298 846 1350 sibique
869 1299 928 1338 ad
949 1299 1169 1338 coelestia
1190 1299 1317 1338 viam
1338 1299 1553 1339 muniret.
1574 1298 1783 1339 Charita-

149 1367 208 1407 tis
230 1367 431 1408 officium
452 1374 609 1409 movet
630 1375 679 1408 ut
700 1369 907 1409 nonnulli
928 1375 1142 1409 nostrum
1163 1370 1391 1420 aegrotis,
1415 1369 1471 1409 de
1493 1381 1691 1421 quorum
1712 1382 1785 1410 sa-

149 1439 241 1479 lute
263 1439 552 1490 desperatur,
578 1440 793 1480 intersint
814 1448 858 1481 et
888 1441 1239 1492 decedentibus,
1269 1447 1318 1481 ut
1347 1452 1511 1480 eorum
1541 1441 1787 1481 animabus

148 1511 409 1561 consulant,
433 1510 621 1561 vigilias
648 1518 806 1562 agant.

225 1580 348 1620 Ante
366 1582 777 1633 quadragesimam
793 1583 1021 1623 moniales
1038 1581 1280 1634 cujusdam
1297 1583 1522 1633 coenobii,
1542 1582 1709 1622 litteris
1727 1582 1784 1622 ad

144 1651 193 1691 P.
212 1651 504 1693 Ludovicum
526 1653 693 1704 missis,
713 1660 1003 1704 rogaverunt
1019 1660 1069 1693 ut
1086 1653 1287 1706 aliquem
1305 1660 1516 1694 nostrum
1535 1653 1657 1705 apud
1680 1653 1784 1693 illas

145 1722 306 1763 diebus
327 1722 572 1764 dominicis
592 1724 734 1764 totius
755 1725 1145 1776 quadragesimae
1165 1737 1221 1764 ac
1242 1725 1373 1765 festis
1406 1725 1526 1765 illius
1559 1724 1567 1743 ¹
1599 1724 1786 1765 concio-

144 1794 248 1833 nari
276 1795 580 1845 permitteret.
616 1795 731 1836 Item
765 1796 958 1836 alterius
986 1796 1259 1836 monasterii
1287 1808 1531 1836 sacrarum
1559 1795 1782 1836 foemina-

143 1875 247 1904 rum
267 1865 452 1905 nomine
468 1866 559 1906 viri
580 1866 769 1917 quidam
790 1866 1003 1907 eumdem
1032 1866 1220 1907 Patrem
1241 1873 1562 1907 convenerunt
1583 1874 1633 1907 ut
1662 1867 1784 1907 idem

144 1935 231 1975 sibi
257 1936 548 1976 concederet.
579 1937 830 1977 Praeterea
857 1938 1079 1988 societas,
1111 1949 1252 1989 quam
1281 1943 1455 1978 vocant
1481 1937 1564 1978 Sti.
1594 1937 1780 1989 Angeli,

145 2006 357 2057 alterum,
372 2007 450 2057 qui
463 2006 584 2046 idern
596 2007 850 2059 iisdemque
864 2008 1024 2048 diebus
1036 2014 1312 2059 praestaret,
1327 2008 1586 2059 requisivit.
1607 2009 1784 2059 Quibus

146 2077 528 2118 satisfaciendum
548 2078 632 2118 fuit
652 2084 716 2128 et,
743 2084 792 2118 ut
812 2090 1077 2130 speramus,
1101 2090 1194 2118 non
1215 2079 1315 2118 sine
1337 2090 1508 2130 magno
1531 2081 1782 2120 multarum

146 2148 409 2188 animarum
430 2149 754 2189 emolumento.
774 2149 900 2189 Idem
915 2150 1157 2200 requirunt
1173 2149 1326 2189 adhuc
1347 2149 1533 2190 illorum
1554 2151 1780 2201 nonnulli;

145 2219 302 2258 nescio
326 2231 385 2258 an
406 2219 701 2259 concedetur.
725 2219 799 2259 Fit
829 2220 952 2260 enim
978 2219 1242 2271 hujusmodi
1268 2221 1654 2272 occupationibus
1688 2234 1782 2262 non

145 2289 261 2329 levis
282 2289 541 2330 studiorum
558 2289 758 2341 jactura.

225 2359 273 2399 P.
297 2350 582 2411 Ludovicus,
607 2361 871 2402 intermissa
893 2362 1175 2402 christianae
1198 2361 1440 2403 doctrinae
1473 2363 1777 2415 expositione,

145 2431 397 2471 conciones
417 2431 577 2471 habuit
598 2438 656 2482 et,
680 2439 730 2472 ut
752 2433 967 2481 arbitror,
990 2432 1178 2473 habebit
1198 2433 1245 2473 in
1265 2439 1520 2485 posterum.

223 2501 429 2541 Litterae
455 2513 514 2541 ex
543 2501 692 2553 India,
724 2515 839 2554 quas
864 2503 960 2543 fere
981 2503 1127 2543 tribus
1148 2504 1318 2544 abhinc
1339 2504 1576 2544 mensibus
1605 2504 1664 2544 ad
1691 2517 1779 2545 nos

146 2572 332 2622 misisti,
362 2572 514 2612 adhuc
543 2572 934 2614 circumferuntur
963 2580 1007 2614 et
1032 2575 1284 2614 multorum
1304 2575 1518 2614 manibus
1547 2581 1777 2626 teruntur;

146 2643 192 2682 in
214 2644 369 2683 multis
393 2644 627 2683 coenobiis
658 2656 684 2684 a
705 2645 861 2685 multis
882 2645 1202 2697 spiritualibus
1222 2645 1354 2685 Visae
1382 2651 1488 2685 sunt
1516 2651 1560 2685 et
1588 2647 1777 2697 requisi-

147 2720 241 2763 tae,
262 2726 355 2753 non
382 2714 480 2754 sine
509 2725 682 2765 magna
709 2715 971 2756 animarum
1000 2715 1321 2756 aedificatione
1348 2716 1775 2768 consolationeque.

226 2784 472 2835 Reliquum
492 2790 582 2835 est,
606 2791 654 2825 ut
675 2785 730 2825 de
752 2786 916 2826 studiis
944 2798 1126 2838 quoque
1153 2786 1383 2826 addamus
1408 2798 1574 2838 pauca.
1609 2787 1657 2827 P.
1688 2787 1776 2828 Lu-

205 2943 213 2962 ¹
255 2944 350 2970 sestis
368 2945 457 2971 intra
474 2945 770 2979 quadragesimam
786 2947 1053 2973 occurrentibus.
