2074 3179
908 200 990 237 AN.
1021 199 1107 237 1551
1749 197 1821 234 347

186 311 279 352 qua
298 299 531 349 absoluta,
561 308 722 338 omnes
750 295 958 348 cujusvis
986 296 1153 336 aetatis
1180 300 1225 334 et
1251 304 1392 333 sexus
1419 292 1513 332 alta
1542 304 1661 332 voce
1690 304 1820 343 prae-

188 376 350 411 euntes
370 369 758 421 pronunciabant3
778 368 900 420 quod
921 368 1088 407 mirum
1109 377 1222 406 sane
1243 364 1408 405 merito
1432 363 1584 403 cuivis
1604 363 1822 403 videatur

183 447 280 482 tam
301 441 434 480 brevi
454 446 662 491 tempore
684 437 945 490 hujusmodi
967 437 1207 477 hominum
1229 435 1431 484 animas,
1462 434 1606 474 verbo
1636 433 1725 473 Dei
1756 433 1819 473 vi-

187 518 286 552 ctas
307 510 366 551 ad
382 511 524 550 hasce
540 510 728 561 pietatis
749 509 1013 549 functiones
1034 507 1203 547 adduci
1222 505 1443 558 potuisse.
1464 504 1666 544 Instituit
1686 515 1819 555 prae-

186 588 327 633 terea,
346 582 494 634 pridie
511 581 616 621 festi
632 580 792 621 Sancti
809 579 1023 631 Spiritus,
1043 588 1296 630 puerorum
1317 586 1537 627 pompam
1559 575 1648 625 vel,
1672 580 1722 614 ut
1739 587 1819 614 vo-

186 659 309 704 cant,
333 652 697 705 processionem,
731 657 779 691 ut
800 656 934 691 extra
956 649 1192 701 oppidum,
1216 647 1275 688 ad
1295 647 1519 698 templum
1541 645 1692 686 Divae
1713 645 1820 685 Vir-

185 724 283 775 gini
318 735 505 764 sacrum
540 723 681 773 irent3
719 733 824 762 cum
855 721 1019 773 quibus
1047 720 1164 759 alter
1184 719 1377 759 Patrum
1405 717 1669 758 doctrinam
1696 716 1815 756 chri-

186 796 389 836 stianam
418 796 509 834 alte
542 793 896 846 pronunciando
928 791 1194 840 incedebat,
1231 789 1305 829 cui
1340 800 1502 829 omnes
1535 787 1819 834 alternatim,
1858 831 1865 840 ,

186 866 389 906 maximo
410 877 516 905 cum
537 864 713 913 ordine,
739 863 950 904 canendo
972 861 1317 913 respondebant
1335 871 1343 910 3
1362 859 1515 900 Patris
1536 870 1649 898 vero
1673 858 1820 898 consi-

188 937 299 977 lium
329 937 418 976 hoc
439 936 544 987 fuit,
568 941 618 975 ut
641 946 742 975 mos
763 935 852 984 ille,
877 934 1104 973 similibus
1124 932 1255 972 festis
1274 932 1573 981 observatus,
1597 935 1822 982 parentes

185 1008 245 1048 ad
264 1019 434 1059 pueros
456 1018 566 1047 suos
587 1006 838 1046 mittendos
861 1005 1084 1044 alliceret.

263 1078 533 1118 Percrebuit
563 1077 689 1117 fama
720 1076 958 1128 profectus
992 1075 1249 1127 spiritualis
1284 1072 1420 1124 hujus
1461 1072 1618 1124 oppidi
1648 1072 1695 1112 in
1726 1072 1821 1112 alio

184 1150 333 1190 eidem
353 1149 524 1199 vicino,
549 1147 680 1198 cujus
701 1154 878 1199 pastor,
905 1158 1097 1186 suarum
1117 1145 1276 1185 ovium
1296 1145 1470 1196 pietate
1488 1149 1657 1194 motus,
1682 1154 1817 1194 roga-

184 1227 281 1260 tum
312 1220 437 1260 misit
458 1219 508 1259 P.
540 1218 802 1269 Baptistam
828 1223 877 1257 ut
905 1217 1029 1267 apud
1056 1217 1184 1268 ipsos
1211 1216 1310 1256 dies
1337 1215 1534 1267 aliquot,
1565 1220 1823 1265 antequam

184 1291 417 1332 Gandiam
437 1290 626 1339 rediret,
650 1290 789 1328 vellet
811 1288 1058 1328 divertere.
1083 1288 1161 1328 Ille
1183 1292 1362 1337 autem,
1386 1298 1492 1326 cum
1512 1297 1568 1326 ea
1589 1285 1820 1337 providis-

182 1368 251 1402 set
279 1361 458 1401 Deniae
487 1372 606 1412 quae
634 1360 693 1400 ad
726 1359 990 1399 animarum
1018 1358 1243 1398 auxilium
1268 1357 1425 1397 facere
1456 1355 1719 1407 judicabat,
1749 1367 1821 1395 so—

182 1433 306 1472 cium
334 1443 469 1472 suum
499 1431 671 1471 ibidem
699 1430 989 1480 relinquens,
1020 1429 1098 1479 qui
1126 1428 1192 1468 eis
1221 1427 1539 1478 praedicaret,
1570 1428 1696 1466 solus
1727 1438 1819 1478 quo

181 1503 440 1544 vocabatur
470 1502 683 1542 accessit.
716 1501 830 1553 Quis
864 1499 1003 1540 fuerit
1031 1504 1347 1550 consequutus
1377 1498 1640 1538 animorum
1668 1498 1819 1549 profe-

182 1580 304 1626 ctus,
334 1574 596 1625 exprimere
623 1572 760 1613 facile
785 1583 879 1612 non
906 1576 1043 1611 esset.
1067 1570 1279 1622 Ipsorum
1310 1569 1595 1609 domicilium
1616 1568 1819 1619 <postha-

179 1646 288 1686 bitis
305 1645 645 1686 Gubernatoris
666 1650 710 1684 et
731 1643 929 1683 aliorum
950 1641 1180 1693 hospitiis,
1200 1652 1320 1692 quae
1342 1652 1448 1680 cum
1468 1639 1687 1691 precibus
1710 1639 1820 1679 offe-

180 1716 419 1766 rebantur)
436 1716 668 1767 hospitale
683 1725 943 1767 pauperum
962 1713 1061 1753 fuit.
1085 1711 1176 1753 Sed
1192 1719 1290 1752 tam
1309 1711 1356 1751 in
1377 1711 1449 1751 his
1471 1710 1655 1762 oppidis
1678 1722 1819 1762 quam

180 1789 227 1828 in
247 1788 346 1839 via,
371 1793 553 1828 tantum
573 1786 829 1838 spiritualis
852 1784 1189 1826 consolationis
1217 1782 1447 1835 operariis
1479 1783 1576 1822 suis
1605 1781 1820 1822 Christus

181 1859 427 1909 concessit,
452 1864 502 1898 ut
521 1858 816 1910 perlibenter,
841 1857 880 1897 si
896 1868 978 1908 per
994 1855 1186 1906 negotia
1203 1854 1462 1895 domestica
1478 1853 1653 1904 liceret,
1675 1865 1815 1904 saepe

182 1931 260 1970 illo
283 1936 438 1970 essent
458 1929 669 1969 redituri.

259 2000 512 2041 Redierunt
541 2000 698 2051 itaque
726 1998 982 2048 Gandiam‚
1012 1997 1091 2037 ubi
1119 2004 1253 2037 curat
1285 1997 1533 2047 diligenter
1561 1996 1698 2035 Pater
1733 1996 1819 2035 Ba-

180 2072 321 2122 ptista
346 2077 395 2111 ut
416 2082 646 2122 pauperes
671 2082 697 2109 a
717 2068 1011 2110 scholasticis
1034 2068 1208 2108 nostris
1229 2067 1535 2107 christianam
1556 2066 1819 2106 doctrinam

181 2142 482 2182 edoceantur.
514 2142 760 2181 Mittuntur
782 2140 922 2180 etiam
944 2139 1003 2179 ad
1029 2150 1266 2189 carceres,
1290 2138 1369 2189 qui
1396 2138 1580 2177 vinctos
1607 2136 1696 2188 piis
1724 2148 1817 2176 sei·-

182 2213 399 2253 monibus
431 2219 475 2253 et
502 2213 648 2252 verbo
675 2211 765 2251 Dei
792 2212 1104 2252 consolentur.
1138 2209 1224 2250 His
1252 2209 1414 2249 diebus
1443 2207 1634 2260 quidam
1659 2208 1818 2259 depre-

180 2285 354 2324 hensus
379 2283 465 2324 fuit
497 2284 575 2335 qui
603 2283 663 2323 ad
691 2294 881 2322 mauros
916 2281 1235 2332 transfugerat
1270 2286 1314 2320 et
1350 2279 1656 2320 christianam
1681 2278 1820 2318 fidem

181 2355 499 2407 abjuraverat:
522 2355 699 2394 nullum
719 2365 813 2394 non
844 2353 990 2394 movit
1011 2352 1213 2404 lapidem
1243 2351 1292 2391 P.
1317 2351 1531 2402 Baptista
1553 2356 1603 2390 ut
1632 2350 1761 2390 illum
1791 2362 1818 2389 a

180 2438 264 2467 sua
299 2426 494 2478 perfidia
526 2426 585 2465 ad
611 2437 776 2465 veram
804 2425 1082 2476 religionem
1108 2422 1368 2464 reduceret.
1402 2422 1519 2462 Cum
1548 2427 1705 2461 tamen
1731 2433 1817 2461 nec

180 2498 253 2538 die
269 2509 356 2538 nec
375 2503 519 2537 noctu
540 2497 597 2536 ab
618 2496 720 2548 ipso
737 2495 991 2547 secederet,
1010 2501 1054 2535 et
1072 2495 1238 2535 crebro
1259 2493 1425 2534 Patres
1443 2505 1498 2533 ac
1515 2492 1708 2532 Fratres
1725 2493 1818 2532 col-

179 2569 288 2619 legii
316 2568 376 2608 ad
406 2580 511 2608 eum
539 2568 764 2616 mitteret,
794 2572 838 2607 et
869 2565 950 2619 [ut]
982 2567 1211 2606 instarent
1241 2564 1443 2605 orationi
1470 2570 1662 2615 propter
1696 2564 1818 2603 illius

179 2640 539 2680 conversionem
555 2638 769 2678 omnibus
786 2638 1055 2678 domesticis
1075 2636 1353 2688 injungeret,
1373 2647 1571 2686 cumque
1589 2646 1735 2685 usque
1757 2634 1818 2674 ad

178 2711 437 2762 patibulum
458 2710 554 2762 (ubi
580 2720 834 2761 suspensus
856 2709 956 2757 fuit)
990 2719 1230 2760 nunquam
1257 2719 1364 2747 eum
1386 2706 1664 2755 deseruerit,
1689 2705 1817 2745 dictu

180 2782 403 2822 miserum
424 2787 468 2821 et
489 2779 910 2831 extimescendum,
932 2779 1130 2832 profecit
1151 2785 1308 2819 tamen
1338 2777 1467 2827 nihi13
1497 2783 1541 2816 et
1570 2777 1615 2816 in
1647 2775 1817 2816 duritia

179 2853 360 2904 peccati
398 2853 468 2892 sui
506 2858 718 2892 mortuus
757 2851 831 2891 ille
865 2857 950 2891 est.
993 2851 1111 2902 Quis
1149 2848 1376 2899 cognovit
1424 2859 1618 2887 sensum
1657 2847 1818 2887 Domi·

181 2924 265 2963 ui?
286 2930 374 2964 etc.
394 2923 511 2964 Tam
526 2923 684 2963 multis
704 2923 942 2963 laboribus
960 2929 1004 2963 et
1025 2922 1314 2963 orationibus
1336 2920 1492 2960 evinci
1510 2931 1615 2960 cum
1632 2918 1706 2959 hic
1722 2930 1817 2958 non

180 2994 404 3046 potuerit,
429 2995 518 3035 duo
539 2994 618 3034 alii
639 2994 731 3034 levi
754 3005 896 3045 opera
919 3000 962 3033 et
984 2993 1226 3044 diligentia
1249 2992 1308 3032 ad
1329 2991 1506 3032 Christi
1526 2990 1664 3031 fidem
1684 3001 1815 3030 revo-
