2074 3179
932 221 1015 257 AN.
1047 220 1133 256 1551
1753 218 1817 253 -111

200 331 372 371 genere
392 319 577 359 dicendi
598 330 647 358 se
669 323 938 368 exerceant,
964 316 1251 368 experimur:
1276 314 1334 355 ad
1355 326 1457 354 eam
1479 319 1633 353 autem
1656 313 1821 352 oratio-

204 403 309 431 nem
329 391 460 430 multi
481 389 709 429 accedunt
730 388 931 439 externi;
956 387 1036 427 sed
1058 386 1113 426 de
1134 385 1356 426 fratribus
1377 385 1616 424 hactenus.

281 462 389 502 Dux
423 461 670 501 Ferrariae
704 461 873 500 Illmus.
910 458 1249 511 perhumanum
1285 468 1334 496 se
1368 456 1501 496 nobis
1532 454 1738 502 exhibet;
1763 462 1820 502 et,

204 534 309 574 licet
331 533 457 572 illum
478 533 620 582 longo
639 543 850 571 sermone
869 529 1040 581 alloqui
1062 529 1159 580 (per
1178 528 1346 568 nimias
1367 527 1414 566 in
1435 525 1681 566 tractanda
1703 525 1824 576 prin-

205 605 359 656 cipum
379 615 494 656 pace
517 602 863 653 occupationes)
886 601 1085 641 facultas
1106 612 1199 639 non
1219 598 1371 648 fuerit,
1395 598 1654 647 interrogat
1686 608 1825 646 saepe

203 677 258 716 tle
285 675 440 726 nobis,
470 680 514 714 et
534 674 804 725 perplacent
828 673 892 712 illi
914 672 978 722 (ut
999 671 1131 711 nobis
1153 671 1351 710 relatum
1372 668 1455 718 est)
1484 680 1603 719 quae
1617 667 1823 718 agimus,

204 754 300 787 tam
334 747 380 786 in
411 745 715 786 concionibus
750 756 805 784 ac
835 742 1221 792 confessionibus,
1256 752 1396 792 quam
1423 740 1470 780 in
1496 739 1657 779 schola
1687 749 1826 789 quam

205 818 490 869 aperuimus;
516 817 575 856 ad
596 827 734 867 quarn
754 825 849 854 non
871 814 1009 865 pauci
1031 813 1227 853 studiosi
1243 811 1339 863 jam
1361 811 1605 860 accedunt,
1631 819 1827 861 quorum

205 889 390 940 quidem
424 893 554 927 tanta
591 893 634 926 et
664 897 847 926 morum
881 890 925 924 et
960 884 1218 924 studiorum
1253 890 1321 923 est
1348 883 1395 922 in
1421 882 1585 922 melius
1613 880 1824 929 mutatio,

206 967 253 999 ut
288 959 365 1010 qui
400 970 479 998 eos
513 957 729 997 noverint
766 962 809 995 et
845 955 1176 1006 obstupescant
1211 961 1254 994 et
1294 953 1484 994 mirifice
1523 952 1825 992 delectentur.

205 1030 322 1070 Cum
347 1029 469 1069 enim
499 1028 630 1068 multi
656 1027 785 1078 prius
815 1026 1021 1066 moribus
1043 1025 1287 1076 depravati
1318 1037 1372 1065 ac
1402 1023 1656 1064 blasfemiis
1687 1023 1830 1062 omni-

206 1101 381 1152 busque
407 1089 596 1150 fiagitiis
623 1098 763 1138 dediti
792 1103 968 1147 essent,
999 1108 1121 1136 nunc
1152 1097 1289 1146 longe
1321 1096 1452 1135 aliter
1484 1106 1533 1134 se
1564 1094 1750 1134 habent.
1782 1093 1829 1133 Si

206 1172 309 1223 quis
331 1171 453 1211 enim
473 1170 669 1210 verbum
691 1168 878 1220 aliquod
898 1168 1050 1208 minus
1072 1168 1317 1206 honestum
1341 1173 1419 1206 aut
1440 1166 1735 1206 mendacium
1757 1165 1828 1205 de-

208 1248 405 1293 promat,
429 1248 508 1281 aut
528 1242 679 1292 legem
702 1241 904 1292 aliquam
926 1239 1109 1290 collegii
1128 1238 1518 1287 transgrediatur,
1543 1243 1611 1277 est
1628 1237 1706 1288 qui
1726 1248 1831 1276 eum

207 1314 365 1354 statim
389 1313 448 1352 ad
469 1319 799 1364 praeceptores
821 1310 1020 1360 deferat,
1046 1316 1090 1350 et
1113 1309 1404 1349 correctione
1422 1308 1763 1348 emendatiores
1785 1307 1832 1346 in

207 1385 304 1425 dies
325 1383 596 1424 redduntur.
620 1383 690 1423 De
713 1394 804 1434 quo
827 1381 1013 1433 quidem
1033 1381 1244 1421 instituto
1267 1392 1320 1420 eo
1348 1379 1602 1430 impensius
1629 1377 1836 1429 gaudent

210 1463 253 1496 et
274 1455 581 1495 aedificantur
607 1454 818 1494 homines
847 1453 970 1504 quod
997 1453 1246 1504 quicquam
1272 1463 1356 1503 pro
1385 1463 1438 1490 eo
1470 1462 1660 1490 munere
1686 1460 1835 1500 neque

211 1527 511 1579 exquirimus,
535 1537 684 1576 neque
702 1530 930 1576 optamus,
952 1524 1092 1564 immo
1110 1524 1266 1563 oblata
1282 1523 1426 1562 multa
1442 1520 1692 1572 rejicimus.
1717 1519 1838 1560 Nam

212 1611 351 1650 saepe
386 1598 614 1648 contingit
650 1604 699 1637 ut
733 1607 983 1648 puerorum
1018 1602 1177 1646 patres
1207 1594 1266 1634 ad
1293 1606 1378 1634 nos
1406 1605 1599 1633 munera
1635 1592 1835 1641 mittant,

213 1669 294 1709 sed
324 1670 390 1709 eis
416 1669 729 1718 remittuntur,
754 1667 861 1707 licet
897 1666 1120 1706 acciderit
1154 1664 1403 1717 aliquando
1424 1671 1487 1715 ut,
1520 1664 1716 1704 remisso
1746 1674 1838 1702 uno

211 1752 348 1781 servo
371 1752 398 1780 a
418 1740 553 1780 nobis
575 1751 680 1779 cum
703 1750 915 1789 munere,
940 1738 1056 1777 alter
1077 1737 1134 1777 sit
1161 1737 1405 1785 remissus,
1438 1736 1514 1787 qui
1542 1741 1694 1775 astute
1716 1732 1840 1774 domi

211 1818 400 1852 nostrae
439 1817 482 1851 et
522 1812 642 1851 clam
681 1822 815 1850 suum
853 1820 1022 1849 munus
1061 1809 1328 1860 deponeret.
1366 1807 1461 1847 Alii
1496 1812 1758 1846 asserentes
1794 1805 1839 1845 id

213 1882 435 1923 scandalo
470 1894 594 1932 esse,
632 1881 755 1933 quod
788 1881 901 1921 nihil
935 1880 1183 1932 quicquam
1211 1879 1514 1930 recipiamus,
1548 1889 1633 1917 nos
1670 1882 1839 1927 urgent

214 1965 438 2005 suamque
460 1965 651 2005 operam
671 1953 1012 2003 facultatesque
1028 1951 1319 2002 pollicentur.

295 2026 420 2065 Inter
442 2025 560 2064 alios
582 2025 671 2064 duo
692 2023 922 2075 potissimi
949 2029 1055 2063 sunt
1083 2023 1161 2073 qui
1187 2034 1295 2062 suos
1317 2021 1458 2061 etiam
1478 2020 1597 2060 filios
1619 2018 1841 2060 Societati

217 2097 329 2138 dare
350 2102 616 2148 peroptant,
639 2107 746 2135 cum
766 2100 924 2135 tamen
943 2095 1061 2134 alter
1081 2093 1270 2133 unicum
1288 2093 1446 2142 filium,
1467 2098 1511 2131 et
1527 2091 1713 2143 quidem
1728 2091 1840 2130 mul-

215 2169 272 2208 tis
311 2167 871 2208 virtutibusdecoratum
905 2178 960 2205 ac
997 2171 1149 2205 aetate
1186 2169 1463 2216 provectum
1493 2163 1686 2213 habeat,
1726 2162 1841 2201 alter

215 2251 344 2290 vero,
370 2239 447 2290 qui
467 2244 563 2278 tres
584 2238 737 2288 habet,
760 2237 956 2277 libenter
982 2237 1037 2286 (si
1056 2247 1138 2288 per
1161 2240 1363 2275 aetatem
1382 2234 1558 2284 liceret)
1581 2245 1743 2273 omnes
1763 2232 1842 2273 So-

218 2310 375 2351 cietati
397 2310 606 2350 donaret.
630 2309 702 2349 Ex
722 2309 812 2349 hac
833 2314 958 2348 certe
980 2308 1141 2347 schola
1162 2307 1262 2346 Deo
1295 2306 1483 2357 Optimo
1513 2304 1719 2344 Maximo
1749 2316 1843 2344 non

220 2381 478 2422 mediocres
497 2380 676 2420 fructus
698 2379 986 2431 colligendos
1007 2390 1108 2418 esse
1130 2390 1224 2418 non
1244 2376 1521 2417 dubitamus.

297 2451 414 2492 Sunt
435 2451 482 2491 in
502 2463 557 2490 ea
579 2462 638 2490 ex
659 2450 880 2490 fratribus
902 2450 992 2489 duo
1014 2454 1358 2500 praeceptores,
1385 2448 1462 2499 qui
1483 2447 1696 2488 diversas
1712 2458 1843 2498 prae-

218 2525 378 2575 legunt
414 2522 661 2572 lectiones3
699 2521 977 2561 observatur
1004 2520 1052 2560 in
1079 2532 1133 2560 ea
1160 2519 1220 2570 id,
1251 2519 1375 2571 quod
1401 2518 1497 2558 fere
1527 2519 1573 2558 in
1594 2517 1844 2558 Societatis

217 2594 426 2645 collegiis
448 2592 691 2633 observari
711 2593 851 2643 solet3
884 2603 1049 2642 nempe
1078 2597 1126 2631 ut
1154 2590 1437 2640 scholastici,
1462 2589 1627 2630 saltem
1648 2589 1845 2639 singulis

217 2665 472 2716 quibusque
494 2663 743 2714 mensibus,
776 2663 1099 2703 confiteantur.
1121 2661 1422 2702 Lectionibus
1454 2660 1739 2700 christianae
1769 2659 1842 2699 do-

217 2736 395 2776 ctrinae
423 2747 478 2776 ac
499 2735 546 2775 in
567 2735 739 2785 templo
761 2733 1082 2783 concionibus,
1109 2744 1227 2784 quae
1249 2732 1444 2783 singulis
1465 2731 1627 2771 diebus
1654 2730 1784 2770 festis
1819 2743 1844 2769 a

220 2807 269 2847 P.
291 2808 470 2860 Joanne
490 2817 672 2846 summa
693 2816 799 2845 cum
826 2805 1093 2845 auditorum
1126 2803 1447 2844 aedificatione
1475 2803 1609 2853 fiunt,
1634 2802 1843 2853 frequen-

219 2884 289 2918 tes
304 2878 548 2918 intersunt.

301 2949 566 2990 Visitantur
594 2948 691 2989 fere
723 2948 927 2999 quotidie
957 2946 1274 2997 xenodochia,
1299 2946 1345 2986 in
1373 2945 1537 2997 quibus
1566 2944 1615 2984 P.
1646 2943 1845 2984 Pascha-

222 3020 317 3060 sius
338 3021 509 3060 multas
531 3020 658 3059 audit
682 3018 1000 3059 confessiones
1022 3028 1194 3068 magno
1222 3028 1328 3057 cum
1353 3016 1525 3066 fructu,
1558 3027 1643 3055 nec
1670 3026 1847 3066 paucas
