2074 3179
833 181 915 218 AN.
949 181 1033 217 1551
1681 180 1754 216 28⁹

126 281 174 320 P.
204 279 263 319 V.
294 278 629 328 transmittam,
660 277 778 318 inter
814 289 929 329 quos
959 289 1078 318 unus
1113 277 1159 317 in
1191 277 1366 317 artibus
1406 282 1651 326 promotus
1685 283 1753 316 cst

124 349 342 400 Lovanii,
369 350 445 401 qui
465 348 644 400 primae
667 348 987 389 hebdomadae
1019 347 1243 389 exercitia
1273 358 1445 397 magno
1473 358 1581 386 cum
1607 346 1759 386 fructu

128 420 348 470 absolvit,
374 426 419 460 et
441 425 571 459 tanta
593 419 821 459 charitate
845 430 1072 459 accensus
1094 424 1183 469 est,
1208 424 1258 458 ut
1278 417 1517 469 quiescere
1539 424 1756 468 nequeat,

130 492 276 531 donec
298 490 570 542 parentibus
598 501 653 529 ac
682 491 846 530 amicis
875 496 919 529 et
949 489 1050 529 aliis
1071 489 1209 529 rebus
1230 488 1444 528 omnibus
1473 488 1758 539 postpositis,

131 562 325 602 Romam
350 572 398 601 se
420 560 633 600 conferat
656 573 761 600 cum
783 561 900 600 aliis.
925 560 1049 600 Alibi
1064 559 1205 609 enim,
1230 559 1507 610 ubicumque
1527 558 1576 598 Ρ.
1596 558 1646 598 T.
1666 559 1761 609 pla-

130 633 270 682 cebit,
294 633 398 684 plus
419 632 467 671 in
489 631 652 672 studiis
673 638 717 671 et
734 632 905 683 pietate
928 642 1068 683 quam
1089 630 1310 671 Coloniae
1328 628 1556 681 proficere
1577 629 1761 680 poterit.

131 703 286 755 Nepos
309 702 546 752 Balduini,
572 703 649 755 qui
670 703 886 743 studendi
906 702 1061 753 gratia
1078 701 1136 741 ad
1152 712 1238 741 nos
1253 706 1472 750 venerat,
1499 711 1604 740 cum
1625 699 1764 740 valde

133 774 192 814 ad
222 773 505 814 Societatem
533 773 815 823 afficeretur,
847 784 951 813 eum
980 771 1266 812 admisimus.
1296 770 1440 823 Spero
1471 782 1564 810 non
1594 771 1765 811 medio-

133 845 231 884 cria
252 845 308 884 de
330 844 418 884 hoc
444 843 634 895 juvene,
673 855 835 895 quem,
861 844 1072 894 exemplo
1103 854 1206 893 suo,
1238 842 1354 882 alios
1381 841 1521 882 etiam
1549 841 1609 881 ad
1639 841 1763 882 Chri-

133 922 254 955 stum
290 921 550 955 tracturum
586 914 838 955 verisimile
868 920 951 954 est.
989 914 1104 954 Tres
1139 913 1216 953 alii
1251 913 1464 963 studiosi,
1489 913 1569 964 qui
1595 912 1653 952 ad
1681 924 1766 952 nos

134 986 262 1026 hisce
284 986 445 1026 diebus
467 991 717 1036 venerant,
740 997 788 1025 se
810 991 932 1025 totos
953 984 1175 1026 Societati
1198 985 1309 1025 dare
1330 983 1589 1024 intendunt.

191 1151 366 1178 Hactenus
380 1151 545 1184 magister
559 1149 769 1181 Leonardus,
786 1150 851 1183 qui,
869 1149 938 1176 sere
954 1149 1129 1177 duodecim
1150 1150 1337 1183 mensibus,
1354 1149 1476 1183 viginti
1492 1149 1662 1176 studiosos
1675 1150 1770 1184 Juve-

134 1207 195 1226 nes
211 1198 353 1225 Romam
368 1198 469 1230 misit,
485 1202 520 1224 et
533 1205 598 1224 non
615 1196 775 1224 mediocri
792 1196 1001 1223 dexteritate
1017 1196 1242 1231 injuventute
1265 1197 1307 1223 ad
1329 1196 1502 1223 Christum
1518 1196 1687 1223 trahenda
1702 1198 1770 1231 pol-

137 1247 193 1280 let,
209 1253 270 1273 nec
285 1250 398 1272 tamen
412 1244 601 1279 promiscue
616 1245 675 1271 sed
690 1252 765 1271 cum
779 1244 914 1271 delectu
929 1251 997 1278 eos,
1014 1243 1068 1278 qui
1084 1244 1228 1276 inuenio,
1243 1244 1392 1271 moribus
1408 1248 1440 1271 et
1452 1244 1530 1271 aliis
1542 1244 1646 1271 etiam
1661 1247 1772 1271 exter-

139 1294 189 1321 nis
204 1293 298 1320 donis
313 1291 374 1319 Dei
390 1292 538 1326 praediti
552 1297 641 1325 sunt,
656 1291 793 1318 retinet.
818 1291 865 1318 Ut
888 1295 921 1317 et
946 1298 1005 1318 nos
1030 1291 1093 1325 ipsi
1109 1298 1149 1318 ex
1171 1292 1229 1325 eis,
1243 1292 1298 1326 qui
1314 1291 1456 1319 Romam
1471 1292 1562 1319 missi
1577 1295 1666 1325 sunt,
1681 1292 1772 1319 coni-

139 1348 219 1374 gere
234 1347 421 1374 possumus.
436 1343 468 1365 et
481 1339 538 1366 illo
550 1339 655 1366 etiam
666 1342 868 1373 argumento
880 1338 967 1372 quod
983 1338 1070 1365 domi
1081 1339 1251 1373 juvenem,
1272 1339 1382 1373 specie
1398 1339 1529 1373 quidem
1543 1339 1769 1373 spiritualem,

138 1388 210 1421 sed,
233 1392 269 1414 ut
296 1394 351 1413 res
375 1386 534 1419 ostendit,
559 1387 741 1420 superbum
765 1390 797 1412 et
822 1385 1019 1412 seditiosum
1039 1393 1114 1412 cum
1138 1386 1282 1413 haberet
1293 1407 1299 1418 ,
1321 1394 1384 1413 non
1411 1388 1519 1414 solum
1543 1387 1651 1421 ipsum
1674 1387 1771 1414 domo

139 1435 278 1469 expulit,
295 1434 352 1461 sed
369 1439 401 1461 et
417 1441 538 1460 novem
552 1433 648 1466 alios,
665 1432 720 1467 qui
736 1433 807 1467 ejus
829 1437 989 1459 contactu
1014 1438 1046 1460 et
1071 1434 1223 1467 exemplo
1247 1435 1290 1461 ab
1313 1434 1506 1462 obedientia
1529 1439 1561 1461 et
1577 1434 1770 1461 humilitate

138 1486 363 1515 recesserant,
379 1481 478 1508 simul
490 1481 587 1508 domo
603 1480 713 1515 ejecit.
730 1479 775 1507 Ut
787 1479 820 1507 in
835 1479 930 1506 bonis
942 1480 1158 1514 acquirendis
1172 1485 1205 1508 et
1222 1482 1466 1509 conservandis
1482 1483 1599 1515 solers,
1615 1482 1661 1509 sic
1674 1482 1707 1509 in
1719 1482 1758 1509 iis

140 1530 194 1564 qui
209 1529 313 1564 inepti
330 1528 629 1563 deprehenduntur
643 1528 686 1555 ad
701 1527 886 1555 societatis
900 1527 1103 1561 institutum,
1120 1529 1338 1563 expellendis,
1354 1534 1530 1563 strenuus;
1547 1533 1580 1556 et
1595 1530 1771 1564 utrobique

143 1576 307 1604 Societati
324 1576 358 1603 in
372 1575 514 1603 Domino
528 1575 684 1609 perutilis
702 1578 753 1602 est
771 1575 791 1601 ¹.

194 1717 204 1737 ί
244 1717 337 1744 Haec
353 1717 519 1744 Polancus
534 1717 704 1744 Leonardi
721 1717 844 1744 litteris
861 1717 1001 1745 addidit.

399 3043 450 3083 T.
478 3056 507 3082 1.
1569 3057 1608 3091 ις)
