2074 3179
845 213 928 251 ΑΝ.
958 211 1050 250 1552
1695 208 1764 247 707

128 323 226 355 'nos
262 306 482 365 unquam,
515 313 603 354 nisi
638 306 767 364 quod
795 322 959 352 verum
993 310 1051 350 sit
1085 316 1128 349 et
1161 308 1471 355 salutiferum,
1504 319 1606 347 esse
1643 307 1762 347 deci-

130 397 290 426 suros.

224 457 539 498 Accesserunt
559 455 699 495 etiam
719 453 1025 494 consessionis
1045 458 1089 492 et
1110 451 1290 492 consilii
1311 461 1455 491 causa
1485 449 1662 489 nobiles
1690 449 1766 488 ali-

142 534 253 586 quot
287 526 499 567 Brixiani
533 531 671 577 atque
701 524 960 571 vicentini,
998 524 1054 563 ab
1090 522 1251 562 amicis
1285 520 1561 573 quibusdam
1595 520 1768 559 nostris

142 599 288 649 missi,
312 597 476 650 quibus
498 609 556 637 ex
575 597 664 637 Dei
685 596 839 647 gratia
860 595 1091 636 credimus
1112 605 1213 634 esse
1234 592 1540 633 satisfactum.

222 669 441 710 Nonnulli
475 679 678 720 quoque,
713 666 988 708 sacerdotiis
1014 672 1058 705 et
1092 665 1355 705 animarum
1387 663 1512 703 curis
1539 662 1765 714 impliciti,

139 740 419 781 confitentes
449 750 589 790 saepe
625 737 745 790 apud
774 749 882 787 nos,
918 737 994 776 vel
1028 735 1271 776 consilium
1297 739 1529 786 petenteS,
1567 740 1664 773 tam
1698 733 1769 773 sui

145 813 354 863 ipsorum
376 821 514 862 quam
534 809 694 860 populi
714 808 799 848 sibi
822 807 1072 857 commissi,
1096 805 1365 858 prospicere
1392 804 1531 844 saluti
1551 810 1765 855 pergunt,

144 889 190 922 et
210 882 450 934 proximos
472 891 632 920 omnes
664 878 910 919 aedificare
939 877 1138 927 student,
1161 887 1244 928 per
1263 876 1436 916 bonum
1461 875 1587 915 Vitae
1617 886 1769 914 exem-

144 956 273 1004 plum
292 959 336 992 et
357 951 492 1003 probi
513 950 753 1001 regiminis
774 949 1131 997 ordinationem,
1156 946 1375 998 quamdiu
1394 945 1528 997 juxta
1549 945 1604 986 de
1627 957 1768 985 causa

141 1025 203 1065 ab
227 1022 436 1064 ecclesiis
456 1022 553 1062 suis
574 1021 757 1061 absunt.

225 1095 431 1134 Fuerunt
451 1092 561 1132 item
581 1091 796 1131 mulieres
813 1102 946 1141 quae,
971 1101 1077 1130 cum
1097 1089 1225 1141 prius
1245 1089 1392 1128 vitam
1413 1090 1609 1140 agerent
1628 1088 1773 1140 impu-

148 1166 327 1214 dicam,
358 1164 483 1203 facta
510 1163 586 1202 hic
615 1161 928 1212 confessione,
957 1161 1004 1200 in
1031 1160 1379 1201 Conversarum
1405 1159 1617 1200 ordinem
1650 1170 1773 1199 rece-

148 1243 257 1289 ptae
274 1235 371 1288 jam
391 1240 517 1285 sunt,
549 1234 624 1273 vel
651 1233 804 1282 brevi,
837 1239 886 1273 ut
914 1243 1176 1284 speramus,
1207 1230 1515 1283 recipiendae.
1546 1230 1680 1270 Aliae
1711 1230 1775 1269 vi-

149 1307 280 1348 venti
299 1306 451 1346 adhuc
472 1305 639 1344 marito
660 1303 1037 1343 reconciliantur.
1061 1303 1299 1342 Hactenus
1321 1301 1377 1342 de
1405 1300 1775 1341 confessionibus

148 1379 326 1419 dictum
348 1376 566 1425 sufficiat3
591 1374 806 1426 quamvis
827 1374 991 1414 merito
1013 1373 1120 1414 addi
1141 1373 1319 1425 possint
1350 1372 1468 1412 inter
1495 1371 1776 1424 quampluri<

148 1461 248 1489 mas
284 1448 467 1499 aliquae
500 1446 782 1497 insigniores
805 1445 860 1485 ab
887 1445 943 1485 iis
969 1444 1143 1495 factae,
1176 1444 1253 1495 qui
1286 1455 1369 1494 per
1396 1443 1660 1493 duodecim,
1695 1448 1774 1482 aut

150 1519 341 1570 viginti,
367 1522 446 1558 aut
467 1517 636 1557 multos
658 1522 969 1567 quotcumque
991 1526 1138 1554 annos
1166 1514 1345 1554 animas
1375 1525 1484 1553 suas
1514 1513 1682 1553 misere
1711 1513 1773 1552 af-

152 1591 298 1631 fectas
319 1588 548 1629 medicina
571 1588 697 1627 omni
716 1587 1034 1638 privaverant.
1060 1585 1233 1625 Factae
1254 1591 1359 1625 sunt
1388 1585 1575 1636 insuper
1604 1585 1776 1624 multae

149 1662 409 1710 generales.

229 1732 445 1772 Matrona
480 1730 710 1782 quaedam
744 1729 909 1769 nobilis
927 1728 1023 1780 jam
1045 1740 1209 1779 senex,
1235 1739 1353 1779 quae
1375 1727 1716 1767 confessionem
1737 1733 1781 1766 et

152 1802 525 1844 communionem
546 1801 669 1853 apud
691 1812 776 1840 nos
796 1800 1079 1852 frequentat,
1105 1799 1227 1851 quod
1248 1806 1291 1839 et
1311 1799 1488 1838 faciunt
1509 1799 1667 1849 multi,
1693 1798 1781 1838 viri

153 1882 196 1915 et
218 1875 456 1923 mulieres,
484 1871 681 1924 juvenes
709 1880 752 1912 et
782 1872 981 1923 puellae,
1012 1872 1087 1911 vel
1114 1870 1360 1910 dominicis
1387 1869 1432 1909 et
1458 1869 1588 1910 festis
1617 1869 1778 1909 diebus

152 1947 226 1985 vel
262 1956 355 1984 non
389 1944 531 1984 multo
562 1943 734 1992 rarius,
758 1942 1057 1993 nonnullique
1085 1942 1292 1992 saepius,
1323 1940 1455 1980 nobis
1487 1939 1777 1985 authoribus,

152 2016 359 2056 animum
378 2014 560 2054 induxit
580 2014 713 2053 statis
732 2013 1017 2064 temporibus
1039 2024 1143 2052 cum
1172 2012 1273 2051 aliis
1304 2011 1530 2050 inservire
1558 2010 1779 2062 hospitali

156 2085 483 2127 incurabilium
503 2090 548 2123 et
568 2083 623 2123 de
645 2095 729 2123 suo
750 2082 959 2123 nonnihil
980 2083 1207 2123 conferre.

234 2157 376 2198 Venit
398 2156 488 2195 huc
506 2153 706 2205 juvenis,
731 2166 755 2193 a
778 2154 1061 2194 monasterio
1084 2165 1166 2194 suo
1189 2153 1431 2205 profugus,
1455 2164 1511 2193 ac
1531 2152 1684 2193 denuo
1705 2153 1781 2192 ad-

158 2229 277 2269 mitti
298 2238 393 2267 non
413 2226 596 2275 valens,
626 2236 875 2276 persuasus
906 2230 975 2264 est
1003 2224 1162 2264 divina
1189 2236 1275 2275 ope
1303 2230 1351 2264 ut
1381 2225 1427 2263 in
1455 2223 1580 2264 aliud
1607 2223 1784 2263 arctius

157 2312 207 2339 se
229 2298 485 2345 conferret,
509 2296 679 2347 alioqui
702 2295 837 2335 facile
859 2295 1112 2346 periturus,
1146 2301 1195 2335 ut
1223 2296 1300 2347 qui
1329 2295 1509 2335 aulicae
1534 2293 1631 2345 jam
1656 2294 1781 2334 vitae

157 2382 262 2410 sese
285 2368 545 2408 addixerat.
569 2366 716 2415 Alter,
741 2366 903 2406 eadem
923 2372 1047 2406 sorte
1070 2366 1254 2416 ductus,
1279 2366 1434 2417 coepit
1455 2377 1541 2406 nos
1571 2366 1780 2405 consule-

158 2453 230 2491 re,
267 2440 372 2480 licet
403 2438 674 2490 persuaderi
693 2437 898 2477 nondum
918 2437 1121 2488 potuerit
1141 2444 1189 2476 ut
1216 2443 1326 2488 agat
1355 2436 1477 2488 quod
1504 2435 1689 2476 videtur
1715 2447 1784 2476 se-

160 2511 479 2559 curissimum3
510 2508 859 2559 extorquebitur
888 2507 1009 2559 quod
1037 2508 1225 2558 poterit,
1260 2507 1317 2558 si,
1342 2514 1391 2548 ut
1413 2507 1579 2559 coepit,
1603 2507 1783 2546 audiat.

239 2580 431 2634 Juvenis
452 2580 570 2619 alius
590 2579 837 2630 gravidam
854 2590 879 2617 a
899 2590 947 2618 se
968 2577 1142 2618 factam
1165 2578 1404 2618 mulierem
1425 2578 1640 2618 deserere
1661 2579 1787 2617 vole-

159 2655 263 2701 bat,
286 2653 411 2692 nullo
438 2651 480 2691 ei
506 2650 828 2701 promissionis
861 2650 1141 2691 matrimonii
1170 2651 1356 2690 vinculo
1384 2650 1649 2690 adstrictus.
1679 2649 1789 2699 Hic,

162 2723 330 2764 auditis
352 2722 569 2774 periculis
590 2721 851 2760 animarum
868 2721 934 2761 sic
952 2721 1316 2771 imminentibus,
1340 2721 1516 2773 recepit
1530 2720 1721 2760 tandem
1737 2732 1786 2760 se

158 2795 395 2835 facturum
422 2793 546 2844 quod
573 2792 940 2842 decreverimus,
973 2792 1080 2832 licet
1110 2792 1457 2832 matrimonium
1489 2792 1580 2832 tale
1612 2791 1671 2831 sit
1700 2791 1792 2843 ipsi

156 2863 661 2912 >incommodissimum3
692 2863 812 2902 unde
843 2862 1041 2903 necdum
1068 2863 1221 2903 visum
1250 2869 1339 2913 est,
1369 2874 1420 2903 re
1446 2874 1540 2902 non
1566 2863 1719 2913 magis
1745 2862 1793 2902 in

158 2927 407 2987 utramque
428 2940 610 2986 partem
631 2934 946 2984 considerata,
974 2933 1095 2974 ferre
1117 2934 1409 2974 sententiam.

244 3007 295 3046 In
316 3015 505 3047 carcere
527 3003 684 3044 audita
706 3011 774 3044 est
802 3002 1032 3044 confessio
1060 3005 1517 3056 mulierisaegrotae
1550 3016 1605 3044 ac
1632 3015 1794 3056 prope-
