2074 3179
196 106 268 143 304
714 106 795 143 L1T
804 116 942 143 rERAE
969 117 1328 149 QUADaniEsrREs

860 559 1165 616 LXXXIV

271 787 317 824 P.
340 788 666 826 Maximilianus
688 789 898 837 Chapelle

319 854 440 890 Patri
458 853 629 901 Ignatio
650 853 704 891 de
724 854 908 902 Loyola.

366 917 648 965 Salmantica,
670 920 693 956 3
712 919 834 967 Maji‚
859 920 946 957 1551
969 920 993 955 ¹.

970 1094 1069 1172 if-is

282 1272 551 1314 Admodum
572 1272 848 1314 Reverende
870 1273 918 1314 in
940 1273 1126 1314 Christo
1148 1273 1303 1314 Pater.

280 1344 444 1385 Gratia
475 1350 520 1385 et
546 1356 641 1396 pax
668 1344 860 1385 Domini
886 1344 1038 1385 nostri
1063 1345 1174 1398 Jesu
1209 1344 1383 1385 Christi
1410 1350 1455 1385 et
1482 1344 1844 1385 communicatio

202 1415 363 1457 Sancti
384 1415 584 1468 Spiritus
604 1428 790 1468 semper
811 1416 870 1456 sit
886 1416 1146 1457 nobiscum.

282 1487 525 1540 Superiori
554 1488 753 1540 epistola
775 1487 944 1540 scripsi
964 1487 1015 1528 P.
1037 1487 1089 1529 T.
1115 1499 1235 1539 quae
1256 1493 1301 1528 et
1322 1492 1499 1539 quanta
1522 1487 1755 1528 Dominus
1786 1499 1844 1527 ex

202 1559 453 1609 benignate
474 1571 560 1600 sua
586 1560 810 1611 dignatus
842 1559 901 1599 sit
922 1559 1109 1611 operari
1128 1570 1212 1610 per
1229 1558 1277 1599 P.
1298 1558 1557 1599 Doctorem
1576 1558 1590 1577 ‘²
1613 1564 1845 1599 caeteros-

205 1642 293 1682 que
313 1629 501 1681 fratres,
526 1642 644 1683 quos
673 1631 760 1671 sibi
791 1630 987 1671 comites
1015 1635 1060 1671 et
1087 1630 1386 1682 coadjutores
1414 1630 1667 1681 asciverat,
1698 1629 1758 1670 ad
1781 1630 1843 1669 in-

198 1701 389 1753 junctae
421 1701 508 1742 sibi
533 1701 818 1742 visitationis
840 1701 1043 1742 officium
1071 1702 1117 1742 in
1151 1701 1374 1752 burgensi
1397 1701 1601 1742 dioecesi
1626 1699 1640 1719 ⁵
1668 1701 1843 1742 rectius

205 1773 542 1824 exequendum.

278 1844 398 1885 Toto
421 1850 577 1885 autem
598 1845 686 1885 hoc
712 1844 1064 1896 quadrimestri‚
1097 1844 1251 1885 nullus
1283 1855 1445 1884 eorum
1474 1843 1842 1896 praedicationis

198 1927 382 1967 munus,
405 1917 481 1956 vel
501 1916 700 1969 alicujus
722 1916 914 1957 alterius
937 1916 1192 1968 spiritualis
1209 1915 1416 1956 muneris
1438 1915 1742 1965 functionem,
1767 1928 1842 1956 ex-

199 1994 272 2028 tra
300 1988 541 2028 civitatem
572 1986 587 2006 ⁴
615 1988 850 2038 exercuit;
881 1999 1120 2040 nunquam
1154 1993 1315 2028 tamen
1348 1987 1413 2028 ita
1443 1993 1695 2039 vacarunt,
1731 1987 1843 2039 quin

199 2064 386 2111 praeter
413 2059 686 2111 quotidiana
716 2059 943 2100 exercitia
970 2059 1222 2110 litteraria,
1253 2059 1412 2099 multis
1446 2058 1641 2099 subinde
1667 2059 1843 2099 sanctis

198 2131 588 2182 occupationibus
622 2131 787 2171 intenti
823 2135 1108 2171 tenerentur.
1145 2129 1195 2171 P.
1229 2129 1410 2171 Doctor
1440 2130 1746 2171 concionatus
1773 2136 1843 2171 est

199 2202 287 2242 hac
309 2202 749 2254 quadragesimam
779 2202 1001 2253 ecclesia,
1031 2213 1151 2254 quae
1179 2201 1350 2242 dicitur
1379 2201 1438 2242 D.
1471 2201 1732 2253 Benedicti,
1765 2202 1843 2242 ubi

197 2284 374 2325 magna
395 2285 578 2326 semper
600 2273 687 2314 fuit
709 2280 754 2314 et
778 2273 973 2314 attentio
995 2279 1040 2313 et
1061 2273 1325 2325 frequentia
1344 2272 1612 2313 auditorum
1632 2279 1730 2314 tam
1750 2273 1840 2325 ple-

199 2343 410 2397 bejorum
439 2356 581 2396 quam
609 2350 901 2396 magnatum.
934 2344 1198 2385 Transacta
1226 2344 1616 2396 quadragesima,
1646 2349 1842 2395 rogatus

198 2421 269 2457 est
289 2428 316 2456 a
337 2416 558 2468 parochis
580 2422 624 2457 et
646 2416 971 2457 sacerdotibus
992 2415 1303 2456 beneficiariis
1325 2416 1553 2456 ecclesiae
1569 2415 1627 2457 D.
1652 2415 1841 2456 Martini

201 2488 337 2540 (quae
358 2486 494 2539 hujus
516 2488 724 2529 civitatis
744 2488 1079 2540 parochiarum
1099 2492 1169 2528 est
1186 2487 1474 2539 praecipua),
1492 2493 1542 2527 ut
1557 2487 1679 2527 illius
1697 2487 1840 2527 eccle-

254 2649 264 2669 1
305 2647 463 2683 Epistola
480 2652 552 2676 tota
569 2654 620 2676 est
638 2656 739 2676 manu
754 2649 860 2684 ipsius
875 2648 990 2676 Patris
1003 2646 1227 2676 Maximiliani
1242 2655 1261 2675 a
1278 2647 1453 2682 Cappella‚
1468 2647 1527 2674 sed
1542 2653 1562 2674 a
1574 2646 1677 2674 Patre
1693 2646 1840 2674 Polanco

198 2696 392 2731 emendata,
413 2696 446 2723 in
463 2696 541 2724 folio
557 2696 693 2731 duplici,
711 2697 763 2724 cui
788 2697 867 2725 olim
888 2704 920 2724 n.
934 2696 997 2731 436,
1013 2703 1099 2723 nunc
1113 2699 1227 2723 autem
1251 2695 1286 2722 68
1308 2698 1341 2722 et
1364 2694 1621 2722 69.-Habemus
1644 2693 1750 2722 etiam
1764 2701 1840 2729 apo-

197 2744 370 2778 graphum
384 2744 418 2771 in
433 2744 487 2771 fol.
504 2744 538 2771 64
561 2743 695 2772 Codicis
711 2744 789 2771 1551.

253 2791 266 2810 ²
303 2791 340 2818 P.
356 2791 502 2819 Michael
518 2792 558 2819 de
574 2791 710 2819 Torres.

250 2838 264 2857 3
301 2838 419 2866 Verba
434 2839 518 2866 haec
535 2840 571 2865 in
587 2839 758 2873 burgensi
772 2839 927 2867 dioecesi
940 2839 1082 2874 addidit,
1097 2838 1355 2873 perspicuitatis
1369 2837 1495 2872 gratia,
1511 2836 1690 2864 Polancus.

249 2887 265 2906 ⁴
302 2885 459 2921 Intellige
475 2886 654 2914 civitatem
670 2886 913 2921 Salmanticae,
937 2886 993 2915 ubi
1015 2885 1142 2914 nostris
1165 2889 1327 2921 praeerat
1351 2884 1386 2912 P.
1413 2883 1548 2918 Torres,
1571 2887 1604 2911 et
1619 2884 1674 2912 ubi
1697 2890 1838 2919 peracta

197 2937 276 2962 sunt
293 2940 524 2968 quaecumque
541 2934 573 2961 in
589 2935 652 2962 hac
669 2934 814 2969 epistola
831 2938 1030 2963 narrantur.
