2074 3179
189 106 259 142 402
699 108 926 146 Ll'rTERAE
954 120 1311 152 QUADRIMESTRES

188 202 313 243 Petri
334 203 394 243 acl
413 203 616 244 Vincula
637 217 747 245 suas
769 205 1025 246 celebravit
1043 207 1276 259 primitias
1296 209 1343 248 in
1369 215 1532 250 nostra
1561 212 1820 262 parochiali

188 274 387 314 ecclesia
409 286 514 315 cum
534 287 708 326 magna
728 277 888 327 populi
916 275 1255 318 aedificatione.
1285 278 1443 320 Multis
1465 282 1701 333 explicare
1721 294 1818 323 non

187 356 372 396 possem
389 352 591 397 quantae
607 346 954 388 effunderentur
974 349 1215 400 lacrymae
1231 351 1594 404 audirenturque
1616 354 1816 406 suspiria

185 422 229 456 et
250 417 465 468 gemitus.
490 418 664 469 Magna
680 418 764 458 fuit
779 420 939 470 populi
959 419 1221 472 frequentia
1242 428 1287 462 et
1308 421 1510 475 devotio,
1535 424 1600 464 ita
1621 430 1670 464 ut
1690 437 1819 465 num>

185 500 326 540 quam
365 490 566 530 antehac
606 497 785 532 tantam
828 491 876 531 in
919 492 1090 543 populo
1136 491 1435 532 devotionem
1475 497 1816 546 conspexerim:

185 573 346 602 omnes
368 562 427 602 ad
449 562 737 603 offerendum
758 563 1098 615 properabant;
1121 563 1208 602 etsi
1229 562 1288 603 ad
1310 563 1597 605 offertorium
1613 578 1707 607 non
1727 574 1818 607 sta-

184 644 355 681 remus,
381 635 525 674 multa
547 640 703 674 tamen
725 633 1065 685 offerebantur,
1089 633 1171 674 sed
1195 634 1350 674 omnia
1371 637 1549 687 pastori
1570 643 1730 678 nostro
1753 650 1818 678 rc—

181 704 414 756 liquimus,
440 705 516 757 qui
536 705 636 745 sine
657 711 819 745 nostro
836 704 970 757 jussu
988 707 1235 747 ecclesiam
1253 707 1421 759 tapetis
1439 713 1483 747 et
1499 708 1643 748 ramis
1661 710 1816 749 ornari

181 774 371 816 fecerat.
403 776 628 827 Magnum
657 777 800 817 etiam
829 788 1077 817 numerum
1103 778 1553 818 communicantium
1573 777 1622 819 P.
1647 779 1809 819 Arnol-

181 847 268 887 dus
297 848 343 887 in
366 859 451 887 sua
477 847 629 899 prima
654 847 800 888 Missa
829 848 1012 900 habuit,
1045 849 1196 901 qualis
1228 854 1367 889 antea
1396 862 1651 902 numquam
1687 850 1819 891 visus

178 918 283 969 fuit,
317 918 634 959 studiosorum
663 919 1033 971 adolescentum,
1067 932 1174 961 cum
1204 933 1378 972 magna
1413 922 1572 973 populi
1603 921 1817 962 aedifica-

178 991 321 1030 tione.

259 1060 368 1101 Post
397 1061 496 1101 dies
516 1073 631 1102 vero
660 1062 835 1113 aliquot
862 1062 910 1102 P.
942 1062 1185 1104 Arnoldus
1212 1063 1416 1115 incoepit
1446 1063 1608 1104 audire
1637 1064 1818 1104 confes-

177 1132 335 1172 siones
370 1132 670 1184 studentium,
709 1139 767 1185 et,
807 1133 854 1174 in
887 1134 1052 1185 vigilia
1078 1134 1431 1186 Assumptionis
1452 1135 1565 1176 Bssste
1583 1135 1816 1187 Virginis,

177 1216 322 1256 usque
357 1204 415 1244 ad
446 1204 651 1245 medium
684 1206 835 1246 noctis
870 1206 1242 1247 confessionibus
1277 1206 1522 1247 audiendis
1558 1214 1818 1259 occupatus

174 1275 260 1316 fuit
288 1287 460 1328 magno
489 1288 596 1317 cum
624 1276 800 1328 fructu,
825 1277 1047 1329 quoniam
1068 1289 1126 1318 ex
1149 1278 1262 1330 ipsis
1283 1284 1378 1318 tres
1401 1278 1724 1319 adolescentes
1754 1279 1813 1319 acl

173 1347 385 1388 ordinem
406 1347 451 1388 S.
476 1348 526 1388 P.
550 1348 588 1388 F
592 1349 797 1389 rancisci
817 1349 1107 1398 intrandum,
1132 1350 1192 1390 ad
1212 1349 1457 1390 inferiores
1479 1356 1637 1401 partes
1660 1348 1686 1402 ¹,
1710 1362 1811 1402 pro-

179 1419 287 1459 secti
308 1425 429 1459 sunt.

253 1491 395 1531 Hisce
423 1491 584 1532 diebus
613 1504 640 1531 a
668 1492 947 1543 quibusdam
974 1493 1172 1532 multum
1197 1498 1391 1543 rogatus
1419 1492 1485 1532 fui
1513 1498 1562 1532 ut
1592 1492 1650 1532 ad
1678 1504 1813 1545 quos-

176 1563 285 1603 dam
310 1563 655 1615 proficiscerer,
693 1564 752 1604 ad
780 1564 1034 1604 multorum
1065 1564 1378 1604 conscientias
1403 1563 1661 1615 juvandas,
1694 1576 1812 1616 quae

174 1635 295 1674 male
317 1640 565 1675 contentae
587 1640 741 1686 erant,
771 1640 816 1675 et
838 1635 897 1675 ad
925 1635 1018 1675 alia
1044 1635 1190 1675 multa
1217 1636 1485 1675 necessaria
1514 1635 1705 1686 negotia
1737 1648 1814 1675 ex-

170 1706 415 1757 pedienda.
439 1706 682 1747 Consensu
703 1712 748 1747 et
769 1718 912 1747 suasu
932 1705 982 1746 P.
1005 1706 1204 1747 Arnoldi
1226 1707 1461 1758 profectus
1479 1718 1596 1758 sum;
1615 1712 1660 1747 et
1681 1706 1813 1747 Deus

172 1777 385 1829 Optimus
406 1778 662 1824 Maximus,
696 1789 780 1818 sua
809 1778 989 1830 gratia,
1019 1779 1164 1819 multa
1192 1779 1316 1818 bona
1346 1784 1566 1830 operatus
1595 1784 1678 1818 est.
1703 1778 1808 1830 Ipso

171 1849 294 1889 enim
320 1849 393 1889 die
423 1849 584 1890 Sancti
613 1850 856 1890 Laurentii
884 1849 1109 1902 Martyris
1140 1850 1187 1889 in
1209 1850 1412 1901 quodam
1442 1861 1582 1902 pago,
1620 1850 1807 1890 nomine

169 1920 369 1972 Alphen,
394 1921 441 1960 in
463 1921 663 1961 ecclesia
691 1921 1068 1961 exhortationem
1096 1920 1238 1961 habui
1266 1932 1372 1961 cum
1400 1932 1575 1971 magna
1604 1921 1810 1961 omnium

170 1991 507 2044 aedificatione,
532 1993 579 2033 in
600 2004 691 2044 qua
713 1991 1039 2033 exhortatione
1061 1993 1310 2044 plusquam
1327 1991 1657 2044 quadringenti
1678 2004 1805 2043 prae-

169 2070 325 2104 sentes
361 2070 518 2113 erant;
556 2070 718 2116 postea
752 2064 1005 2115 plurimum
1035 2063 1275 2104 instabant
1303 2069 1352 2103 ut
1379 2062 1452 2102 die
1480 2063 1626 2103 altero
1654 2062 1808 2102 adhuc

168 2147 310 2176 unam
331 2135 709 2176 exhortationem
730 2135 903 2175 habere
925 2135 1107 2183 vellem;
1133 2133 1214 2174 sed
1236 2134 1459 2186 temporis
1476 2133 1696 2184 angustia
1713 2145 1804 2173 non

168 2207 446 2258 patiebatur.
470 2206 663 2247 Plurimi
683 2212 902 2258 parentes
923 2218 1033 2246 suos
1063 2206 1178 2245 mihi
1202 2205 1459 2245 offerebant
1487 2204 1606 2245 filios
1638 2210 1686 2245 ut
1715 2216 1809 2244 me-

169 2290 275 2318 cum
297 2290 377 2318 eos
399 2278 634 2328 ducerem,
653 2278 748 2328 sed,
767 2278 989 2329 quoniam
1007 2277 1149 2329 aliqui
1167 2288 1343 2316 annum
1361 2276 1408 2316 14
1424 2282 1469 2316 et
1490 2276 1536 2317 15
1553 2276 1682 2328 prius
1701 2287 1806 2327 age-

167 2350 280 2389 bant
301 2348 330 2400 '·',
358 2349 550 2400 permisi
572 2361 652 2388 eos
673 2349 797 2400 apud
823 2354 1043 2400 parentes
1071 2347 1225 2388 adhuc
1256 2348 1302 2387 in
1330 2347 1520 2398 studiis;
1550 2346 1631 2387 sed
1659 2347 1807 2386 tribus

169 2420 558 2470 adolescentibus,
578 2420 868 2459 naturalibus
884 2419 999 2459 bene
1012 2419 1127 2459 bene
1145 2418 1158 2437 ⁵
1176 2419 1429 2471 dispositis,
1450 2418 1555 2458 dedi
1572 2418 1806 2458 licentiam

169 2491 228 2532 ad
244 2503 329 2532 nos
346 2491 563 2531 veniendi
579 2491 706 2531 circa
723 2490 937 2531 Natalem
954 2490 1157 2542 Domini,
1178 2491 1400 2542 quoniam
1418 2490 1552 2530 aliter
1568 2489 1667 2530 fieri
1683 2500 1805 2529 com>

168 2562 302 2603 mode
323 2575 417 2603 non
436 2569 635 2614 poterat.
660 2562 807 2602 Multa
829 2562 970 2602 etiam
992 2573 1097 2603 cum
1119 2568 1308 2613 pastore
1331 2561 1466 2613 hujus
1486 2561 1600 2613 pagi
1619 2560 1708 2611 egi,
1729 2561 1806 2611 qui

223 2749 231 2768 ¹
273 2748 359 2781 Quid
375 2755 435 2782 per
450 2748 534 2775 hacc
550 2748 657 2774 verba
674 2747 719 2773 ad
732 2746 924 2781 insffl‘z‘ores
936 2749 1062 2780 partes
1076 2746 1286 2779 significetur
1301 2746 1478 2779 nescimus3
1495 2745 1673 2779 opinamur
1687 2749 1801 2773 autem

167 2796 252 2823 'nunc
268 2804 342 2823 esse
354 2803 498 2829 sensum,
515 2795 645 2822 scilicet
656 2816 662 2828 ,
680 2800 750 2822 tres
765 2794 840 2821 illos
857 2794 1090 2820 adolescentes
1105 2794 1147 2820 ad
1165 2793 1411 2821 Franciscanos
1426 2793 1618 2827 perrexisse
1634 2801 1672 2820 eo
1687 2793 1802 2820 animo

164 2848 198 2871 ut
216 2844 247 2870 in
261 2843 456 2870 inferiorem
469 2843 614 2877 gradum
623 2842 788 2877 fratrum
804 2841 977 2868 laicorum
993 2841 1127 2868 admitti
1145 2843 1368 2875 postularent.

218 2892 231 2910 2
270 2891 405 2918 Annum
420 2891 586 2918 decimum
601 2895 760 2924 quartum
772 2894 830 2916 aut
846 2889 1013 2916 decimum
1028 2889 1182 2922 quintum
1198 2890 1357 2920 nondum·,
1375 2890 1426 2916 vel
1444 2889 1512 2922 vix,
1529 2888 1734 2922 attigeram?

217 2939 231 2958 3
269 2938 334 2972 Sic,
351 2942 384 2965 ct
401 2938 488 2966 sorte
504 2938 700 2972 aequivalet
717 2938 774 2963 sat
795 2937 891 2964 bene.
