2074 3179
256 189 327 226 204
784 188 1010 226 LJTTERAE
1037 197 1394 230 QUADRIMESTRES

252 286 380 326 della
400 285 545 336 bolla;
569 291 613 326 et
635 285 691 325 de
712 285 790 337 piu
812 285 898 324 che
920 284 958 324 si
979 283 1293 334 guardassino
1317 283 1362 324 di
1389 283 1672 324 contendere
1702 283 1898 325 insieme

258 369 285 397 o
308 369 396 398 con
416 356 533 397 fatto
556 369 581 397 o
613 357 797 409 parole,
831 355 1024 407 perche,
1056 355 1176 394 oltra
1208 354 1293 395 che
1319 366 1378 395 ne
1405 355 1531 395 saria
1561 355 1794 406 castigato
1822 357 1898 397 chi

257 426 383 468 fusse
406 429 649 478 insolente,
675 432 839 478 questo
861 426 953 466 tale
977 426 1119 465 etiam
1140 436 1235 465 non
1257 425 1453 466 haveria
1475 426 1505 466 11
1525 426 1728 477 giubileo
1749 438 1831 478 per
1852 428 1896 467 13

257 500 572 549 contentione,
612 499 698 538 che
730 502 753 538 e
789 508 937 548 segno
973 497 1019 537 di
1051 497 1354 548 presuntione
1388 508 1483 537 non
1518 498 1564 537 di
1600 498 1896 548 contritione,

250 572 394 623 quale
417 571 455 611 si
476 564 680 619 rice1·ca;‘
698 568 979 609 similmente
999 579 1093 608 non
1114 567 1378 619 bisognava
1399 567 1498 607 fare
1527 568 1611 608 atti
1638 568 1899 609 dishonesti

256 643 304 683 in
325 642 463 682 modo
488 642 671 681 alcuno.
690 639 774 680 Poi
795 638 840 680 S.
862 637 907 680 S.
929 639 991 679 mi
1012 638 1111 679 fece
1133 638 1372 678 chiamare
1389 643 1434 678 et
1452 638 1627 679 andare
1647 640 1693 679 in
1712 651 1898 691 proces-

257 714 385 754 sione
409 726 435 752 3
458 718 596 752 canto
619 723 645 752 3
666 711 750 762 lui;
785 716 829 750 et
857 710 900 750 ci
927 721 1008 750 era
1040 715 1170 750 tanta
1199 709 1331 750 calca
1363 709 1409 749 di
1436 721 1656 761 persone,
1690 711 1776 750 che
1805 723 1899 751 non

257 783 455 825 ostando
478 783 564 823 che
585 783 617 822 li
639 782 808 823 soldati
831 780 1020 821 fosseno
1043 781 1252 831 intorno,
1285 792 1447 832 spesso
1473 780 1708 821 venivano
1736 788 1899 833 spente

256 855 370 906 (sle)
393 861 436 895 et
457 854 635 895 rumori
652 853 738 893 che
755 853 1018 904 bisognava
1034 851 1312 892 fermarsi'et
1327 852 1540 892 voltarsi.
1559 852 1715 893 Erano
1737 854 1899 894 venuti

256 928 386 967 molti
421 925 633 966 sorlivesi
666 932 710 965 et
739 925 880 965 molto
907 924 1071 975 nobili;
1099 929 1173 963 tra
1200 923 1266 974 gli
1296 923 1403 963 altri
1432 934 1585 963 venne
1612 923 1643 963 il
1670 923 1898 976 Proposto

254 1004 431 1048 nostro,
457 998 542 1037 che
566 995 773 1047 alloggia
796 995 842 1035 in
864 1006 974 1035 casa
997 1006 1082 1034 sua
1103 993 1210 1046 quei
1230 993 1351 1034 della
1372 993 1665 1045 Compagnia
1688 994 1774 1034 che
1794 1006 1898 1046 pas-

255 1081 342 1110 533
363 1069 409 1110 di
428 1069 486 1108 13.
515 1067 712 1119 Quando
734 1078 901 1116 venne,
925 1066 988 1106 mi
1010 1065 1257 1115 domando,
1278 1070 1323 1104 et
1349 1065 1392 1105 lo
1414 1065 1569 1105 menai
1599 1065 1675 1105 (131
1695 1064 1895 1116 Signore

253 1148 297 1181 et
319 1140 441 1181 dalla
464 1139 664 1192 Signora
686 1137 915 1179 Contessa
938 1149 1025 1177 con
1046 1136 1310 1177 satisfation
1332 1136 1377 1176 di
1398 1136 1519 1186 tutti,
1540 1142 1583 1176 et
1605 1136 1635 1176 11
1656 1135 1829 1187 Signor
1851 1137 1894 1176 lo

256 1212 405 1252 invito
427 1211 470 1251 31
491 1210 710 1261 giubileo,
736 1215 779 1249 et
800 1209 833 1249 11
854 1207 1065 1261 proferse
1086 1213 1247 1248 stanze
1269 1219 1352 1259 per
1373 1218 1422 1247 se
1444 1213 1489 1248 et
1510 1219 1593 1259 per
1614 1208 1646 1247 11
1667 1208 1830 1259 amici,
1855 1213 1899 1248 et

256 1284 301 1323 13
324 1283 522 1323 mattina
545 1282 665 1322 della
686 1280 806 1321 festa
823 1280 954 1320 volse
973 1279 1215 1320 desinasse
1237 1290 1345 1319 seco
1364 1269 1408 1319 et
1425 1290 1515 1319 con
1535 1279 1665 1319 molti
1687 1279 1795 1319 altri
1813 1279 1898 1319 che

254 1356 298 1395 ci
319 1366 479 1395 erano.
506 1353 549 1394 S.
576 1353 620 1394 S.
640 1358 880 1393 mostrava
903 1352 1051 1392 haver
1071 1351 1249 1391 havuto
1270 1361 1391 1402 gran
1412 1356 1629 1391 contento
1651 1356 1695 1390 et
1715 1351 1898 1402 ringra-

253 1427 408 1467 tiarne
437 1426 579 1465 molto
602 1424 692 1465 Dio
721 1424 767 1464 di
789 1430 954 1476 questo
975 1422 1194 1474 giubileo,
1227 1428 1270 1462 et
1299 1422 1330 1462 11
1357 1422 1463 1462 altri
1491 1421 1581 1462 Dio
1608 1428 1653 1462 et
1680 1421 1726 1462 S.
1750 1421 1821 1473 S.‚
1854 1428 1898 1462 et

252 1504 376 1539 tutto
402 1497 569 1537 usciva
591 1496 668 1536 dal
690 1508 797 1536 core
818 1502 862 1535 et
882 1493 1119 1536 sincerita.

334 1569 470 1610 Altro
492 1580 586 1608 non
607 1568 815 1608 scrivero
838 1579 865 1606 3
888 1567 947 1607 V.
976 1566 1030 1607 R.
1055 1578 1104 1607 se
1126 1579 1219 1607 non
1242 1568 1327 1607 che
1348 1567 1394 1607 13
1417 1566 1479 1606 mi
1499 1565 1696 1617 perdoni
1727 1577 1775 1605 se
1809 1577 1898 1605 con

253 1642 375 1693 quel,
397 1641 481 1681 che
504 1640 546 1680 ci
564 1643 588 1680 e
604 1639 677 1680 del
694 1639 802 1690 mio,
821 1645 991 1690 guasto
1014 1638 1120 1690 quel
1142 1639 1226 1679 che
1250 1643 1273 1679 e
1291 1637 1336 1678 di
1354 1638 1444 1678 Dio
1467 1638 1514 1677 in
1528 1637 1651 1677 bono
1670 1636 1716 1676 in
1734 1642 1899 1688 questa

251 1713 434 1762 lettera,
459 1716 503 1751 et
525 1711 588 1751 mi
609 1710 940 1750 raccomando.

334 1783 395 1824 Di
415 1783 638 1833 Meldola,
663 1783 740 1822 3111
760 1783 785 1822 3
809 1782 853 1822 di
874 1782 1042 1833 Luglio
1069 1782 1183 1822 1550.

335 1855 542 1906 Indegno
566 1866 705 1895 servo
728 1854 775 1894 in
797 1853 882 1894 X.0
902 1865 946 1893 n.
972 1852 1040 1905 S.‚

1160 1995 1377 2037 STEFANO
1407 1995 1659 2036 D'AREzzo.
