2074 3179
849 186 930 223 ΑΝ.
963 187 1050 223 1551
1697 192 1767 226 2‹›r

137 281 294 332 disset,
330 283 455 322 nullo
492 290 629 333 pacto
664 290 843 333 pateret
876 284 1092 324 introitus
1128 285 1173 324 in
1201 285 1445 324 ecclesiam
1484 297 1621 337 atque
1658 289 1762 327 ideo

141 353 270 392 multi
292 353 495 392 abibant.
520 354 570 393 In
591 354 804 393 omnibus
837 355 1138 395 concionibus
1164 366 1339 406 magna
1368 368 1550 408 semper
1574 358 1657 397 fuit
1686 371 1760 409 po·

134 424 229 474 puli
250 424 435 464 devotio
457 431 500 464 et
529 424 793 465 animarum
819 427 1070 466 vehemens
1099 428 1363 467 commotio.
1388 427 1465 467 Bis
1487 440 1512 468 a
1536 435 1760 468 mercato-

134 495 261 534 ribus
282 495 411 534 missi
442 501 547 534 sunt
576 496 731 535 nuncii
759 497 817 536 ad
845 497 1098 537 Doctorem
1127 504 1175 537 ut
1197 510 1420 538 concessa
1443 499 1642 539 facultas
1659 512 1763 550 pro-

133 572 397 616 rogaretur.
962 564 970 571 “

210 635 283 675 Ad
305 648 469 687 preces
490 638 630 687 igitur
653 651 827 689 eorum,
853 641 1002 690 primo
1020 639 1206 691 quidem
1227 649 1511 691 prorogatur
1534 653 1679 692 usque
1700 643 1762 681 ad

133 707 254 746 diem
276 707 444 748 festum
464 708 743 750 Sanctorum
770 710 1112 761 Innocentium;
1135 712 1217 751 sed
1234 723 1320 751 nec
1347 712 1435 751 hac
1457 713 1762 753 concessione

131 779 353 829 contenti,
376 780 579 820 instante
600 782 821 832 temporis
843 783 1042 822 termino
1063 782 1328 834 praefinito,
1352 784 1540 823 mittunt
1561 785 1761 823 alterum

131 850 366 900 nuncium,
391 851 669 902 importunis
691 853 908 904 precibus
929 854 1219 904 postulantes
1240 859 1289 893 ut
1309 853 1478 894 fratres
1499 856 1646 894 nostri
1668 855 1758 895 Me-

131 921 324 971 thymna
352 934 445 961 non
465 922 757 964 discederent
783 930 891 964 ante
926 924 1157 965 decimum
1183 925 1393 977 quintum
1428 926 1549 965 diem
1584 927 1759 966 mensis

127 990 360 1043 Januarii3
384 999 493 1033 tunc
521 994 643 1034 enim
663 994 801 1034 finem
829 996 1064 1047 accipiunt
1097 996 1332 1036 nundinae
1359 997 1754 1048 methymnenses;

129 1062 302 1114 sicque,
326 1072 571 1116 perspecto
587 1071 683 1105 tam
699 1066 775 1117 pio
796 1066 1004 1117 ipsorum
1025 1068 1270 1118 desiderio,
1293 1080 1384 1119 quo
1406 1068 1526 1108 hanc
1545 1069 1630 1108 sibi
1650 1080 1755 1120 gra-

128 1134 242 1174 tiam
271 1135 463 1175 concedi
489 1136 677 1176 nomine
704 1138 908 1177 omnium
935 1139 1177 1179 nationum
1208 1139 1278 1189 (ut
1299 1138 1506 1190 ajebant)
1533 1152 1756 1191 poposce—

126 1210 252 1252 rant,
283 1211 464 1257 tempus
494 1207 560 1246 eis
587 1219 733 1258 usque
761 1209 820 1248 ad
847 1209 1159 1260 Epiphaniam
1192 1209 1381 1250 Domini
1408 1211 1631 1250 donatum
1665 1219 1750 1251 est.

128 1274 389 1315 Conciones
411 1277 550 1317 etiam
577 1277 763 1318 habitae
791 1286 897 1319 sunt
921 1280 967 1319 in
987 1281 1284 1320 monasteriis
1307 1288 1403 1321 tam
1425 1282 1755 1332 religiosorum

127 1358 267 1397 quam
286 1348 628 1398 religiosarum:
652 1351 825 1390 multae
846 1362 1028 1402 quoque
1050 1351 1334 1402 inimicitiae,
1365 1353 1467 1392 lites
1495 1364 1549 1392 ac
1578 1353 1751 1393 discor-

126 1416 230 1457 diae
251 1418 463 1459 sublatae
480 1426 600 1460 sunt.
624 1421 915 1462 Admiranda
938 1422 1135 1474 denique
1156 1423 1282 1462 facta
1303 1430 1371 1463 est
1399 1424 1659 1464 immutatio
1695 1436 1753 1464 ac

124 1487 394 1529 reformatio
424 1490 565 1542 vitae,
602 1491 742 1532 etiam
772 1492 818 1532 in
847 1492 1067 1543 externis,
1104 1494 1231 1534 circa
1261 1494 1559 1535 immodicum
1590 1496 1753 1535 luxum

124 1560 526 1601 vestimentorum.
559 1562 693 1603 Alter
721 1563 788 1614 P„
822 1563 959 1604 datus
988 1564 1229 1615 Baptistae
1259 1565 1306 1604 in
1331 1566 1524 1612 socium,
1559 1579 1752 1618 operam

124 1631 419 1683 impendebat
440 1635 741 1675 consolandis
758 1646 948 1676 carcere
965 1635 1179 1686 detentis
1199 1648 1361 1677 eorum
1379 1638 1750 1678 confessionibus

124 1703 382 1755 audiendis,
415 1705 775 1757 eorumdemque
802 1706 959 1746 litibus
982 1719 1038 1747 ac
1054 1708 1258 1758 negotiis
1283 1708 1509 1748 finiendis.
1537 1709 1751 1755 Aliorum

122 1774 264 1814 etiam
286 1777 595 1826 complurium
616 1776 935 1818 confessiones
959 1778 1159 1827 audivit,
1183 1791 1270 1819 nec
1300 1791 1476 1830 paucas
1505 1782 1751 1831 generales

122 1845 264 1885 totius
284 1858 397 1886 suae
417 1847 544 1888 vitae
566 1854 825 1899 anteactae,
845 1862 1042 1901 quorum
1057 1851 1267 1891 nonnulli
1287 1858 1434 1902 erant,
1454 1853 1531 1903 qui
1551 1863 1576 1891 a
1594 1853 1751 1892 multis

122 1917 256 1956 annis
274 1917 474 1958 confessi
491 1931 584 1959 non
604 1919 804 1960 fuerant.
823 1920 971 1972 Saepe
993 1922 1147 1972 rogati
1168 1929 1275 1962 sunt
1292 1934 1318 1962 a
1340 1923 1682 1963 mercatoribus
1700 1931 1750 1963 ut

120 1999 334 2028 nummos
368 1990 444 2029 Vel
477 1991 663 2041 quidvis
697 1991 822 2031 aliud
856 1992 1146 2043 acciperent3
1184 2000 1231 2033 at
1264 2005 1448 2044 semper
1476 2002 1745 2034 renuerunt:

120 2059 242 2099 unde
268 2066 312 2100 et
339 2066 437 2100 toto
463 2061 539 2101 illo
567 2067 775 2113 tempore
797 2063 843 2102 in
864 2063 1082 2114 hospitali
1103 2075 1361 2115 pauperum
1377 2065 1602 2104 diversati
1624 2072 1746 2115 sunt,

120 2131 305 2171 tametsi
326 2131 584 2172 Rodericus
604 2133 660 2173 de
681 2132 888 2184 Duenas,
913 2133 1044 2185 cujus
1064 2135 1220 2185 gratia
1241 2147 1295 2175 eo
1317 2143 1565 2185 venerant,
1590 2142 1635 2176 et
1655 2137 1749 2187 ple-

119 2201 250 2253 rique
288 2203 365 2242 alii
398 2209 705 2255 mercatores,
739 2206 895 2245 conati
923 2206 1015 2245 sint
1048 2217 1129 2246 eos
1166 2206 1225 2246 ad
1260 2207 1399 2246 aedes
1430 2218 1539 2247 suas
1569 2213 1746 2258 pertra-

119 2272 243 2313 here.
275 2273 409 2314 Multi
436 2281 722 2315 mercatores
757 2276 964 2327 toletani,
1000 2277 1302 2328 segovienses
1341 2284 1386 2318 et
1426 2278 1748 2329 methymnen-

120 2355 195 2383 ses
217 2344 273 2384 de
293 2344 510 2396 Ruyseco
528 2345 561 2396 ¹,
581 2347 847 2386 vehementi
868 2347 1020 2388 affecti
1041 2348 1271 2388 desiderio
1292 2349 1524 2399 petierunt
1546 2349 1592 2388 in
1613 2360 1750 2388 suam

118 2414 321 2465 patriam
361 2416 480 2455 mitti
519 2417 874 2458 concionatores
909 2417 1157 2459 Societatis
1197 2426 1387 2459 nostrae
1410 2430 1416 2457 :
1456 2420 1578 2460 idem
1614 2420 1749 2471 petiit

119 2497 261 2536 eques
289 2497 547 2537 generosus
575 2488 731 2540 oppidi
759 2488 1045 2530 Tordesillas
1077 2491 1320 2542 appellati,
1345 2496 1389 2530 et
1411 2491 1457 2530 in
1479 2503 1584 2531 eum
1605 2491 1749 2531 finem

119 2556 306 2608 scripsit
351 2558 597 2609 epistolam
644 2559 705 2599 ad
747 2559 797 2600 P.
839 2560 1112 2612 Baptistam.
1160 2561 1404 2601 Potissime
1452 2563 1496 2602 id
1541 2564 1746 2614 postula—

118 2626 184 2666 vit
205 2626 462 2669 Rodericus
484 2629 540 2669 de
561 2628 753 2670 Duefias
776 2631 1026 2682 plurimum
1056 2632 1326 2683 obsecrans,
1358 2638 1402 2673 et
1423 2639 1519 2672 toto
1541 2644 1633 2684 quo
1664 2645 1744 2684 po-

117 2703 206 2737 test
221 2699 428 2748 pondere
444 2706 654 2741 nostram
675 2713 877 2742 onerans
897 2704 1249 2754 conscientiam,
1271 2710 1320 2743 ut
1338 2704 1584 2744 certiorem
1601 2704 1744 2744 facia-

117 2779 219 2808 mus
252 2768 587 2811 paternitatem
622 2778 751 2812 tuam
785 2773 841 2813 de
876 2774 1017 2814 ubere
1051 2774 1205 2815 fructu
1239 2775 1315 2825 qui
1345 2775 1522 2826 percipi
1552 2775 1740 2826 poterit,

116 2838 155 2877 si
186 2839 231 2879 in
252 2840 421 2892 oppido
442 2842 784 2894 methymnensi
806 2844 970 2885 domus
991 2852 1257 2886 exstruatur
1288 2847 1503 2897 religioni
1533 2853 1738 2893 nostrae,

171 2998 178 3017 ¹
221 2995 506 3030 methvmnenses
521 3002 562 3028 de
578 3001 749 3037 Ruyseco,
764 3005 794 3031 id
811 3009 873 3040 est,
891 3013 910 3032 a
926 3005 1121 3040 Methymna
1135 3007 1173 3033 de
1191 3006 1349 3040 Rioseco,
1365 3010 1402 3034 ut
1417 3014 1530 3041 supra,
1547 3015 1624 3041 pag.
1640 3006 1703 3032 w).
