2074 3179
285 174 356 210 62ίῖ
800 173 1024 210 LITTERAE
1053 185 1410 216 QUADRlMESTREs

285 271 472 311 accidit.
497 271 890 322 Quotiescumque
912 272 1034 311 enim
1063 272 1205 323 aliqui
1233 284 1291 312 ex
1312 272 1484 312 nostris
1511 273 1919 324 concionarentur,

285 341 451 392 ingens
473 353 657 393 semper
679 341 996 382 confitentium
1012 354 1234 383 numerus
1250 349 1439 394 praesto
1457 350 1572 384 erat.
1591 344 1649 384 Et
1671 344 1719 384 hi
1735 344 1920 396 quidem

285 412 584 463 mercatores,
608 412 832 464 hospites,
854 414 1107 464 agricolae,
1127 420 1170 454 et
1186 415 1398 454 nonnulli
1419 415 1512 465 alii,
1537 414 1654 455 adeo
1675 414 1827 466 rudes,
1852 423 1916 466 ut,

285 484 464 535 opinor,
489 484 598 535 quid
620 490 741 524 esset
764 484 995 525 confessio
1017 485 1098 525 vix
1121 485 1235 525 satis
1252 485 1579 537 intelligerent.
1599 486 1772 526 Ultimo
1789 487 1917 527 itine-

285 556 346 595 ris
380 556 530 596 nostri
563 556 636 596 die
671 556 947 596 immensam
982 556 1128 606 litem,
1166 557 1287 596 inter
1322 557 1658 597 conductorem
1693 563 1739 597 et
1772 558 1915 598 alium

282 627 530 678 quemdam
546 627 816 678 religiosum
834 627 1064 677 obortam,
1082 628 1285 678 optimus
1303 627 1351 667 Ρ.
1365 634 1525 668 noster
1543 628 1760 668 Andreas
1778 630 1917 670 Valde

281 698 475 738 feliciter
497 699 773 750 composuit.

360 769 609 810 Civitatem
631 769 753 810 hanc
776 771 992 821 ingressi,
1012 771 1103 810 duo
1126 782 1184 810 ex
1200 770 1424 811 fratribus
1445 782 1551 811 cum
1567 783 1741 822 magno
1758 772 1915 824 populi

279 840 510 881 audientis
532 843 760 893 applausu
783 841 1088 893 praedicandi
1105 853 1274 882 munus
1297 841 1468 882 obiere.
1494 841 1594 893 Quo
1616 849 1800 894 exacto,
1824 854 1915 882 una

278 911 337 951 ad
359 911 547 952 domum
568 919 779 953 nostram
810 912 1145 953 conductitiam
1167 912 1357 953 deducti
1379 924 1555 964 sumus,
1579 913 1625 953 in
1647 925 1738 965 qua
1760 915 1915 954 omnia

277 983 618 1024 studiosissime
659 992 907 1025 curantem
942 984 991 1024 P.
1029 991 1257 1036 nostrum,
1295 984 1576 1035 Magistrum
1608 984 1912 1035 Bobadillam,

276 1061 462 1106 praeter
485 1067 670 1096 omnem
699 1067 831 1107 spem
863 1062 907 1096 et
935 1056 1312 1107 expectationem
1339 1055 1620 1107 reperimus:
1650 1057 1727 1108 qui
1756 1057 1915 1108 utique

276 1138 459 1167 summa
486 1139 573 1167 nos
599 1128 742 1168 animi
770 1128 1007 1168 hilaritate
1035 1127 1239 1179 suscepit
1271 1134 1315 1167 et
1341 1139 1427 1167 nos
1454 1139 1547 1167 non
1574 1127 1743 1168 minori
1771 1128 1914 1168 animi

279 1199 601 1239 consolatione
623 1199 831 1239 vicissim
853 1199 982 1239 illum
1003 1198 1207 1250 amplexi
1228 1210 1404 1239 sumus.
1429 1198 1486 1238 Et
1508 1199 1728 1250 quoniam
1756 1198 1912 1239 Pater-

275 1270 411 1309 nitati
432 1276 539 1310 tuae
561 1270 775 1321 placebat
797 1276 860 1321 ut,
885 1281 1026 1322 quam
1046 1271 1249 1322 primum
1269 1270 1513 1321 Neapolim
1541 1270 1815 1322 contingere
1836 1270 1911 1310 da-

275 1347 420 1392 retur,
445 1341 625 1382 Ducem
649 1341 674 1393 ¹,
700 1340 837 1393 hujus
859 1341 1054 1392 Collegii
1085 1342 1346 1392 authorem,
1369 1341 1651 1392 viseremus,
1685 1341 1909 1393 postridie

274 1424 414 1465 quam
451 1413 809 1465 appulissemus,
840 1424 1002 1453 omnes
1042 1413 1180 1453 simul
1209 1412 1410 1453 accincti
1444 1424 1605 1452 sumus
1646 1413 1911 1452 executioni

271 1483 370 1535 ejus
387 1491 495 1524 tuae
512 1485 786 1525 voluntatis.
806 1484 1055 1525 Caeterum
1072 1484 1326 1524 vehemens
1338 1483 1500 1534 DuciS,
1516 1483 1612 1535 jam
1630 1483 1686 1524 de
1704 1484 1909 1524 adventu

272 1561 434 1595 nostro
463 1556 632 1607 edocti,
662 1567 776 1607 erga
804 1567 890 1595 nos
921 1567 1053 1595 amor
1081 1561 1294 1595 nostram
1322 1555 1614 1606 diligentiam
1646 1555 1694 1596 in
1725 1556 1909 1606 agendo

274 1628 547 1684 antevertit;
586 1627 824 1679 adfuitque
861 1627 986 1667 domi
1012 1632 1202 1670 nostrae
1238 1627 1540 1677 salutaturus,
1572 1626 1846 1678 priusquam
1882 1639 1908 1666 a

272 1698 406 1738 nobis
428 1700 657 1739 salutatus
680 1706 818 1739 esset.
850 1698 926 1739 Ad
958 1699 1075 1739 haec
1097 1698 1298 1750 plurima
1327 1704 1370 1737 et
1391 1709 1485 1737 non
1512 1698 1731 1748 vulgaria
1759 1698 1908 1738 chari-

271 1769 379 1809 tatis
399 1770 573 1811 indicia
590 1770 813 1821 ostendit,
838 1771 958 1810 inter
981 1781 1100 1822 quae
1124 1769 1382 1809 maximum
1410 1769 1499 1809 hoc
1519 1768 1685 1820 habeo,
1717 1769 1839 1821 quod
1862 1769 1908 1809 in

269 1841 647 1893 frequentissima
669 1853 960 1882 summorum
984 1842 1198 1882 virorum
1220 1851 1396 1880 corona
1423 1840 1736 1892 polliceretur,
1762 1852 1811 1881 se
1832 1842 1907 1880 vel

270 1912 329 1952 ad
363 1913 608 1964 sanguinis
643 1925 790 1965 usque
825 1913 1099 1954 effusionem
1136 1913 1398 1964 Collegium
1430 1912 1520 1952 hoc
1554 1918 1907 1952 asservaturum

268 1984 487 2036 nullaque
508 1996 715 2036 unquam
741 1985 989 2036 ingruente
1011 1984 1292 2025 necessitate
1315 1984 1466 2024 eidem
1492 1984 1699 2035 Collegio
1730 1983 1906 2024 defutu-

269 2067 386 2095 rum.
412 2055 468 2095 Et
489 2068 618 2106 sane,
649 2056 774 2108 quod
802 2055 1034 2108 promisit,
1064 2055 1296 2096 hactenus
1323 2055 1447 2095 virili
1473 2054 1630 2095 animo
1656 2054 1904 2106 praestitit.

269 2127 494 2177 Tandem,
532 2127 663 2168 Duce
695 2128 983 2177 consulente,
1021 2127 1185 2167 Patres
1213 2139 1306 2167 una
1336 2138 1443 2167 cum
1472 2126 1652 2167 duobus
1684 2125 1908 2166 fratribus

269 2199 502 2250 Puteolos,
532 2199 832 2251 Vice-regem
853 2198 867 2217 ‘²
888 2199 1153 2249 salutaturi,
1177 2198 1375 2250 profecti
1396 2204 1519 2249 sunt,
1548 2198 1716 2250 quibus
1744 2203 1788 2238 et
1807 2197 1906 2249 ipse

267 2269 375 2310 Dux
401 2270 577 2310 aderat.
601 2270 689 2310 Hic
711 2270 854 2322 igitur
870 2271 1077 2323 plurima
1104 2270 1396 2310 humanitate
1416 2270 1709 2322 plurimoque
1729 2269 1904 2321 gaudio

267 2347 455 2382 nostros
476 2342 960 2394 suscepit;‘praeterea
979 2342 1121 2382 etiam
1143 2341 1314 2392 omnia,
1336 2353 1454 2393 quae
1476 2340 1586 2381 Dux
1608 2347 1715 2381 ante
1736 2341 1902 2393 promi-

268 2418 408 2463 serat,
435 2413 590 2453 animo
607 2425 747 2465 quam
762 2413 1090 2453 liberalissimo
1106 2413 1342 2464 pollicitus
1364 2417 1456 2462 est;
1475 2412 1632 2463 immo,
1656 2424 1750 2452 non
1765 2412 1903 2452 modo

268 2484 475 2524 maxima
505 2496 716 2536 quaeque
744 2484 977 2536 pollicitus
1007 2491 1090 2535 est,
1121 2484 1203 2524 sed
1231 2484 1371 2524 etiam
1393 2496 1417 2524 e
1443 2483 1646 2534 vestigio
1677 2483 1724 2523 in
1750 2488 1904 2524 ratam

268 2555 608 2607 promissorum
638 2556 1039 2596 confirmationem
1067 2561 1253 2596 centurn
1281 2560 1532 2595 coronatos
1561 2554 1690 2594 Patri
1724 2561 1885 2595 nostro

268 2626 496 2677 Magistro
509 2627 766 2678 Bobadilla,
786 2627 926 2667 misit.
946 2626 1122 2667 Eodem
1137 2626 1227 2666 loci
1244 2625 1548 2666 charissimus
1564 2625 1710 2665 frater
1725 2632 1900 2676 noster,

266 2698 472 2750 Joannes
492 2697 776 2738 Franciscus
798 2697 811 2715 ⁵
831 2704 1071 2738 strenuum
1094 2696 1266 2737 Christi
1285 2708 1568 2748 praeconem
1589 2697 1698 2748 egit.

324 2904 331 2922 ¹
374 2904 502 2932 Ducem
517 2905 759 2937 Montisleonis.
776 2906 960 2934 Hectorem
977 2906 1170 2939 Pignatclli.

322 2952 335 2970 ²*
374 2952 405 2978 Is
420 2957 495 2979 erat
512 2952 632 2980 Petrus
649 2954 776 2981 Gai-cia
793 2954 832 2980 de
848 2953 985 2981 ToledO.

319 2999 332 3017 ³
370 2999 516 3031 ‚loannes
533 3000 736 3028 Franciscus
753 3002 913 3029 Asamus:
