2074 3179
882 179 964 216 AN.
997 178 1088 216 1552
1729 181 1800 217 733

169 276 382 315 statuerit
410 277 620 326 generali
646 276 789 316 totius
815 276 941 316 vitae
974 275 1268 316 confessione
1296 287 1429 316 suam
1463 277 1800 318 conscientiam

169 357 439 397 repurgare.
463 346 592 386 Illam
623 358 735 386 vero
763 346 1104 387 confessionem
1130 346 1302 386 nemini
1328 347 1463 386 alteri
1487 358 1536 386 se
1565 346 1800 388 facturum

170 417 233 456 ait
257 427 396 468 quam
418 416 545 457 Patri
565 417 822 457 Victoriae.

247 486 297 527 P.
320 487 540 528 Nicolaus
560 487 759 540 Lannoy
780 488 1067 540 singularem
1087 489 1209 540 gerit
1231 500 1393 529 curam
1414 489 1729 540 infirmorum,
1754 490 1801 530 in

171 557 397 609 hospitale
419 558 813 608 decumbentium,
836 564 880 599 et
902 559 1098 599 aliorum
1126 570 1310 611 quoque
1330 571 1589 611 pauperum
1619 560 1724 601 aliis
1754 561 1801 600 in

169 628 282 668 locis
302 628 378 668 hic
399 630 805 670 commorantium.
831 629 1039 680 Quorum
1061 630 1288 681 appellari
1307 636 1442 681 pater
1464 632 1637 682 optime
1658 643 1801 672 mere-

170 706 256 739 tur.
281 698 401 739 Nam
421 699 528 739 licet
549 700 822 740 satisfacere
842 699 1059 740 videatur
1075 712 1160 740 suo
1179 700 1344 751 officio,
1365 701 1473 741 dum
1492 713 1611 753 quae
1629 702 1688 742 ad
1706 703 1800 742 ani-

170 782 272 810 mae
305 770 513 822 ipsorum
546 771 744 810 salutem
777 771 1045 811 necessaria
1081 777 1186 811 sunt
1215 772 1569 822 diligentissime
1609 771 1801 813 admini-

137 825 143 838 “
169 847 300 892 strat,
325 841 413 881 sibi
434 842 522 892 ipsi
545 847 699 881 tamen
721 841 908 881 minime
929 841 1180 892 satisfacit,
1203 842 1294 882 nisi
1315 848 1359 882 et
1385 854 1587 894 corpora
1618 844 1802 884 illorum

169 918 313 952 curet.
337 912 507 952 Milites
529 912 607 962 illi,
632 923 830 963 quorum
847 912 1060 964 superius
1076 912 1165 952 feci
1182 912 1477 963 mentionem,
1498 914 1714 966 quamvis
1736 914 1802 954 sic

168 982 321 1023 affecti
342 995 400 1023 ex
420 983 667 1034 Hungaria
688 982 779 1023 huc
799 983 1013 1023 venirent
1041 989 1090 1023 ut
1119 984 1194 1024 vel
1220 995 1388 1024 saxum
1416 985 1475 1025 ad
1504 986 1803 1026 commisera-

170 1054 342 1094 tionem
363 1055 638 1105 excitarent,
661 1054 874 1094 homines
894 1061 1051 1094 tamen
1071 1066 1129 1094 ne
1146 1055 1379 1096 tantillum
1396 1055 1583 1108 quidem
1601 1068 1802 1097 commo-

168 1136 280 1165 vere
299 1131 564 1177 potuerunt.
588 1125 691 1166 Non
713 1126 862 1166 solum
892 1126 1015 1166 enim
1043 1126 1156 1166 nihil
1184 1126 1464 1167 invenerunt
1492 1127 1566 1168 hic
1593 1128 1801 1178 subsidii,

168 1196 292 1248 quod
313 1202 467 1236 tamen
489 1196 762 1247 sperabant,
786 1197 1137 1248 recuperandae
1161 1197 1370 1249 sanitati,
1396 1211 1560 1239 verum
1588 1200 1730 1240 etiam
1758 1200 1804 1240 in

169 1268 373 1308 deterius
396 1268 520 1308 omni
542 1279 600 1307 ex
619 1273 753 1319 parte
780 1268 857 1307 illa
883 1268 1137 1319 urgebatur
1165 1274 1209 1308 et
1229 1269 1607 1320 protrudebatur.
1636 1270 1805 1311 Laceri

171 1346 302 1379 erant
323 1345 367 1379 et
394 1339 457 1378 ita
484 1337 595 1378 nudi
622 1338 810 1389 quidam
836 1344 886 1378 ut
912 1345 1070 1389 partes
1095 1339 1198 1379 illas
1226 1341 1461 1392 corporis,
1491 1353 1607 1392 quas
1636 1347 1806 1382 natura

172 1410 316 1450 voluit
338 1410 500 1458 velari,
524 1410 606 1449 vix
628 1410 930 1450 occultarent.
961 1408 1107 1450 Nemo
1139 1417 1295 1451 tamen
1323 1412 1398 1451 vel
1429 1413 1635 1463 palmum
1662 1414 1804 1464 panni

172 1481 426 1521 obtulisset.
449 1480 603 1521 Nimia
626 1480 780 1520 inedia
802 1486 934 1521 erant
956 1481 1071 1521 adeo
1094 1482 1330 1532 exhausti,
1354 1488 1403 1522 ut
1428 1495 1541 1534 prae
1569 1483 1806 1524 debilitate

174 1553 219 1592 in
252 1552 416 1604 plateis
452 1551 701 1604 aliquando
729 1552 898 1592 misere
926 1553 1308 1605 procumberent3
1337 1554 1624 1605 pereundum
1654 1554 1806 1595 adhuc

173 1623 295 1664 fame
315 1623 549 1664 nonnullis
571 1623 671 1663 fuit.
695 1623 898 1663 Tantum
919 1624 1049 1664 abest
1075 1629 1125 1664 ut
1154 1624 1400 1676 quisquam
1423 1630 1582 1665 tantae
1607 1627 1806 1666 necessi—

175 1695 258 1734 tati
279 1695 588 1735 succurreret!
612 1694 748 1734 Lassi
770 1700 814 1734 et
835 1694 1090 1735 imbecilles
1111 1695 1177 1735 sic
1195 1701 1342 1746 erant,
1361 1702 1410 1736 ut
1428 1696 1509 1736 vix
1527 1708 1697 1748 corpus
1714 1709 1807 1737 mo-

177 1777 284 1805 vere
305 1772 512 1817 possent,
536 1773 583 1806 at
604 1766 687 1806 vix
709 1767 928 1806 inventus
949 1766 1046 1816 fuit,
1072 1766 1149 1818 qui
1170 1766 1436 1806 rarissimas
1468 1768 1627 1818 paleas
1655 1767 1807 1808 nudae

175 1837 313 1876 humo
335 1843 720 1887 supersterneret.
750 1837 885 1878 Hanc
915 1838 1099 1877 illorum
1130 1836 1446 1878 calamitatem
1477 1844 1521 1878 et
1548 1845 1807 1879 extremam

175 1907 502 1947 necessitatem
538 1919 642 1947 cum
669 1908 832 1947 diebus
860 1908 1035 1959 aliquot
1056 1908 1237 1948 videret
1266 1907 1314 1947 P.
1346 1909 1543 1960 Lannoy
1572 1922 1597 1949 a
1625 1911 1808 1950 nemine

176 1978 424 2028 sublevari,
447 1978 643 2029 putabat
664 1977 706 2018 id
731 1979 910 2029 negotii
932 1991 958 2018 a
985 1978 1171 2019 Christo
1201 1979 1289 2019 sibi
1319 1980 1422 2019 dari
1450 1986 1499 2020 ut
1527 1981 1811 2032 pauperibus

176 2049 264 2088 illis
287 2048 382 2088 suis
404 2060 540 2100 opem
562 2048 719 2088 ferret.
742 2049 906 2089 Effecit
929 2049 1098 2101 itaque,
1122 2055 1221 2090 tum
1242 2050 1364 2102 apud
1387 2051 1811 2103 eleemosynarium

177 2118 512 2160 Serenissimae
546 2119 757 2170 Reginae
786 2120 1123 2171 Bohemorum,
1155 2126 1251 2160 tum
1280 2121 1403 2172 apud
1437 2122 1553 2162 alios
1583 2123 1811 2173 quosdam

178 2190 278 2241 pios
298 2190 525 2241 homines,
548 2196 598 2230 ut
621 2190 766 2241 cibos,
789 2197 960 2242 vestes,
983 2192 1144 2242 lectos,
1164 2198 1387 2243 quantum
1407 2193 1521 2233 satis
1540 2199 1685 2245 esset,
1705 2200 1749 2234 et
1766 2195 1813 2234 hi

180 2262 362 2311 milites,
388 2267 433 2301 et
454 2261 530 2301 alii
553 2273 735 2313 quoque
762 2274 1013 2314 pauperes,
1047 2263 1123 2314 qui
1153 2263 1226 2303 his
1255 2263 1394 2303 rebus
1423 2263 1632 2304 destituti
1660 2272 1810 2315 erant,

180 2332 417 2373 haberent.

259 2403 304 2443 A
323 2403 608 2455 pauperibus
631 2404 689 2443 ad
710 2404 867 2444 aulam
888 2410 1114 2445 revertor.
1140 2403 1451 2445 Serenissima
1468 2405 1650 2457 Regina
1667 2406 1813 2446 Bohe-

182 2475 300 2514 miae
323 2474 437 2514 solet
460 2486 508 2515 se
530 2473 778 2525 diligenter
798 2481 842 2515 et
864 2487 921 2515 ex
942 2476 1097 2516 animo
1127 2476 1457 2516 commendare
1489 2477 1707 2528 precibus
1734 2489 1813 2518 no-

181 2551 399 2595 strorum,
425 2546 606 2596 quoties
627 2546 702 2586 vel
723 2546 1002 2586 infirmitatis
1024 2546 1198 2598 aliquid
1218 2547 1411 2598 patitur,
1434 2548 1511 2587 vel
1531 2548 1651 2588 aliae
1672 2548 1815 2589 etiam

183 2627 376 2666 causae,
401 2616 447 2655 in
474 2616 640 2667 quibus
668 2616 877 2656 divinum
910 2617 968 2657 sit
995 2617 1339 2669 implorandum
1366 2618 1614 2669 auxilium,
1642 2618 1815 2660 fuerint

188 2686 395 2726 obortae.
432 2686 662 2738 Tempore
698 2693 861 2738 partus
894 2687 1060 2728 devote
1094 2688 1258 2728 orabat
1285 2694 1334 2728 ut
1361 2688 1420 2728 ad
1449 2689 1815 2741 sesquimensem

184 2762 384 2807 quatuor
405 2756 611 2808 quotidie
633 2768 770 2797 sacra
791 2769 818 2798 a
838 2758 1011 2798 nostris
1030 2758 1246 2798 Patribus
1276 2770 1361 2810 pro
1390 2771 1440 2798 se
1468 2759 1645 2800 fierent.
1680 2761 1815 2812 Quod

184 2827 430 2878 diligenter
464 2833 676 2868 curatum
707 2834 789 2878 est,
823 2829 1070 2880 omniaque
1100 2841 1333 2881 prospere
1357 2838 1701 2872 successerunt.
1733 2833 1816 2873 Est

186 2898 323 2938 valde
344 2898 570 2939 benevolo
590 2899 1046 2952 propensissimoque
1068 2900 1248 2951 animo,
1272 2911 1377 2940 cum
1406 2912 1521 2952 erga
1550 2901 1639 2943 hoc
1667 2903 1815 2944 Colle-

184 2969 327 3019 gium,
351 2974 448 3009 tum
470 2980 581 3019 erga
605 2976 750 3010 totam
771 2969 1068 3022 Societatem,
1093 2983 1377 3023 operamque
1408 2983 1542 3012 suam
1570 2975 1818 3025 pollicetur
