2074 3179
869 147 952 183 ΑΝ.
985 146 1071 183 1551
1714 146 1785 184 279

156 249 373 294 quentem
395 243 767 283 communionem
793 243 1075 282 unanimiter
1103 247 1147 281 et
1174 241 1307 293 quasi
1335 242 1550 281 certatim
1578 253 1686 281 suos
1708 254 1781 282 ex-

156 315 417 365 hortantur,
457 320 506 354 ut
543 325 703 354 omnes
737 314 961 365 paulatim
994 313 1207 365 spiritum
1246 311 1494 353 Societatis
1537 312 1785 353 videantur

157 385 377 425 imbibere
398 390 443 424 et
464 385 608 436 sequi.
632 384 911 425 Benedictus
935 384 1077 435 Deus,
1102 383 1231 434 cujus
1252 383 1406 434 gratia
1428 383 1596 423 crescit
1623 383 1784 423 mundi

156 461 460 507 contemptus,
490 455 699 496 vitantur
719 456 940 505 choreae,
975 461 1217 495 resecatur
1245 454 1446 494 vestium
1473 454 1785 505 pretiosarum

155 526 470 578 superfluitas,
502 526 820 566 diminuuntur
850 526 1179 566 conviviorum
1205 531 1437 576 sumptus,
1471 525 1707 564 liberalius
1734 523 1784 563 fit

154 598 464 649 eleemosyna,
488 603 533 637 et
554 598 725 648 templa
747 603 1047 637 exornantur.

233 668 351 709 Cum
385 669 793 709 concionatoribus
827 668 1077 720 aliquando
1112 669 1290 719 loquor,
1325 673 1369 707 et
1391 665 1487 717 jam
1524 667 1655 716 haec,
1685 665 1782 718 jam

151 739 228 779 illa
250 740 447 790 inculc03
471 740 592 780 unde
613 751 732 791 quae
754 750 841 790 ego
868 739 1166 790 paucioribus
1193 739 1240 778 in
1261 737 1631 778 confessionibus
1658 738 1780 788 dico,

153 810 240 862 ipsi
275 811 438 850 eadem
468 810 607 850 latius
641 810 930 861 praedicant,
968 816 1017 849 ut
1052 809 1240 849 omnino
1276 808 1528 848 verisimile
1563 809 1622 848 sit
1658 809 1781 848 intra

152 892 295 920 unum
315 887 393 921 aut
413 882 611 920 alterum
633 892 820 931 annum,
845 881 983 920 rebus
1001 880 1118 920 bene
1147 879 1418 930 compositis
1437 879 1649 926 Lovanii,
1670 885 1780 919 tem-

153 963 238 1003 pus
259 951 358 991 fore
379 958 428 992 ut
448 963 533 991 nos
554 957 886 992 convertamus
909 951 968 990 ad
998 950 1418 1001 evangelizandum
1449 950 1552 990 aliis
1583 950 1781 990 civitati—

152 1023 237 1062 bus
258 1028 302 1062 et
328 1023 443 1063 locis
473 1021 608 1073 hujus
640 1022 864 1073 regionis.
897 1020 987 1062 Sed
1023 1021 1179 1061 omnia
1212 1021 1383 1073 dirigat
1417 1021 1666 1072 Dominus,
1704 1022 1783 1072 qui

154 1099 377 1145 operatur
398 1093 552 1133 omnia
573 1093 620 1132 in
641 1093 870 1133 omnibus.

232 1164 518 1215 Quibusdam
553 1164 815 1215 spiritualia
851 1164 1075 1204 exercitia
1111 1164 1471 1215 communicavi,
1510 1164 1629 1204 inter
1665 1175 1783 1215 quos

152 1235 337 1275 cuidam
354 1236 589 1285 theologo,
611 1234 688 1285 qui
704 1235 858 1286 pergit
874 1235 945 1274 bis
962 1235 1007 1274 in
1024 1234 1315 1275 hebdomada
1333 1235 1466 1275 nobis
1488 1234 1713 1285 confiteri,
1737 1241 1783 1274 et

152 1305 210 1345 ad
226 1310 572 1346 sacramentum
589 1305 902 1345 eucharistiae
920 1305 1144 1345 accedere
1161 1317 1268 1345 cum
1284 1316 1456 1356 magna
1474 1305 1783 1345 admiratione

151 1382 196 1416 et
213 1376 536 1416 aedificatione
553 1376 806 1416 multorum
821 1387 828 1426 ;
848 1381 892 1415 et
910 1376 1098 1415 omnino
1116 1376 1278 1415 statuit
1294 1388 1343 1416 se
1360 1376 1494 1416 nobis
1510 1375 1785 1427 adjungere,

152 1454 196 1488 et
216 1448 373 1499 plures
394 1448 527 1487 brevi
548 1453 826 1498 sequuturos
848 1458 1114 1497 speramus;
1138 1446 1185 1486 in
1206 1448 1457 1486 multorum
1484 1447 1606 1487 enim
1634 1447 1782 1487 cordi—

151 1519 237 1559 bus
263 1519 436 1558 bonum
468 1529 627 1558 semen
660 1518 932 1568 seminatur,
965 1523 1009 1557 et
1036 1517 1239 1557 fructum
1273 1518 1499 1568 paulatim
1539 1518 1711 1558 exoriri
1738 1524 1784 1558 et

152 1601 363 1629 crescere
385 1588 816 1629 animadvertimus.
840 1587 908 1629 Sit
930 1588 1159 1628 Dominus
1176 1588 1461 1628 benedictus.

204 1756 378 1784 Hactenus
391 1754 555 1789 Magister
567 1754 750 1789 Adrianus,
763 1754 829 1789 qui,
842 1762 918 1782 cum
930 1755 1128 1789 aliquandiu
1140 1755 1267 1782 Romae
1279 1756 1443 1789 probatus
1455 1762 1556 1783 rarae
1568 1756 1731 1790 puritatis
1743 1763 1783 1784 ae

150 1804 290 1831 virtutis
304 1803 474 1838 specimen
489 1803 648 1837 dedisset,
663 1802 813 1830 adversa
828 1806 942 1829 tamen
957 1802 1155 1830 valetudine
1167 1803 1326 1836 graviter
1338 1802 1577 1836 afflictaretur,
1592 1803 1784 1831 Lovanium

150 1850 272 1878 missus
286 1855 348 1883 est,
361 1851 454 1885 prius
469 1853 582 1878 tamen
597 1850 640 1877 ad
654 1849 886 1877 sacerdotium
900 1854 1085 1884 promotus;
1101 1857 1179 1877 narn
1193 1854 1334 1884 praeter
1345 1851 1553 1884 singularem
1566 1851 1784 1885 probitatem,

149 1898 254 1925 etiam
268 1898 423 1925 doctrina
437 1905 503 1924 non
516 1896 652 1931 vulgari
676 1897 852 1931 praeditus
876 1900 963 1924 erat.
990 1896 1038 1924 Ibi
1059 1904 1180 1931 parum
1200 1898 1360 1924 robustus
1375 1904 1533 1931 corpore,
1550 1898 1653 1925 animi
1670 1902 1784 1925 tamen

148 1945 280 1980 vigore,
296 1949 330 1973 et
344 1945 460 1979 gratia
475 1944 537 1972 Dei
553 1945 675 1979 potius,
690 1945 834 1971 multum
849 1945 1005 1971 laborum
1019 1944 1192 1978 sustinuit,
1209 1948 1242 1971 et
1257 1943 1291 1971 in
1303 1944 1375 1972 dies
1390 1945 1422 1971 in
1434 1945 1595 1979 juvandis
1606 1946 1788 1973 animabus

148 1993 302 2023 sustinet.
317 1996 350 2020 et
368 1993 446 2020 licet
461 1992 644 2027 aliquando
660 1993 834 2019 fructuose
849 1992 893 2019 sit
917 1992 1147 2025 concionatus,
1164 1995 1196 2019 et
1220 1991 1445 2019 christianam
1467 1992 1570 2020 etiam
1593 1993 1788 2020 doctrinam

146 2040 318 2075 juventuti
341 2040 532 2071 tradiderit.
547 2040 634 2074 quod
650 2044 764 2067 tamen
785 2039 979 2066 Lovanium
1003 2040 1308 2071 concionatoribus,
1334 2040 1389 2074 qui
1411 2040 1521 2067 latina
1545 2044 1577 2067 et
1600 2042 1787 2068 vernacula

149 2087 267 2122 lingua
282 2088 535 2121 concionantur,
552 2088 714 2121 abundat,
732 2087 774 2114 ad
790 2087 1017 2114 confessiones
1031 2087 1230 2120 audiendas,
1247 2091 1280 2115 et
1297 2088 1383 2114 alias
1397 2088 1580 2116 charitatis
1596 2089 1787 2116 functiones

149 2142 185 2162 se
201 2135 354 2169 contulit,
371 2139 404 2162 et
420 2136 574 2169 exemplo
589 2135 683 2162 vitae
699 2139 733 2162 et
748 2135 941 2169 colloquiis,
958 2135 1016 2161 sed
1031 2135 1245 2169 potissimum
1260 2135 1479 2162 confessionis
1495 2139 1527 2162 et
1543 2137 1788 2164 communionis

147 2182 383 2215 sacramentis,
397 2182 561 2216 plurimos
576 2182 619 2209 ad
635 2182 732 2216 Xpm.
751 2181 868 2209 trahit.
884 2181 1026 2209 Praeest
1041 2182 1146 2209 etiam
1160 2182 1336 2216 fratribus,
1349 2183 1404 2217 qui
1420 2183 1459 2209 de
1475 2181 1648 2210 Societate
1663 2190 1786 2211 nostra

146 2229 293 2257 Lovanii
308 2233 395 2263 sunt,
412 2234 445 2256 et
458 2230 605 2264 privatis
620 2230 842 2257 facultatibus
857 2230 954 2264 (quas
969 2229 1011 2256 ad
1027 2229 1090 2257 hoc
1105 2230 1255 2264 reliquit)
1268 2231 1356 2257 bona
1371 2238 1412 2256 cx
1426 2234 1525 2265 parte
1541 2231 1720 2265 collegium
1737 2232 1784 2258 ibi

148 2276 281 2311 erigere
305 2280 339 2304 et
363 2277 482 2304 dotare
498 2277 632 2304 statuit.
651 2276 825 2305 Hactenus
850 2277 938 2304 enim
962 2276 1135 2304 hominum
1159 2277 1339 2311 collegium
1364 2278 1408 2304 ibi
1432 2278 1504 2312 fuit;
1527 2278 1585 2305 sed
1600 2279 1785 2306 materiale

146 2324 285 2352 nullum.
300 2323 383 2351 Cum
397 2326 453 2351 1‘es
470 2328 647 2352 transacta
659 2324 762 2351 fuerit
778 2324 861 2357 (Deo
873 2324 1040 2359 juvante),
1054 2324 1160 2352 fusius
1171 2324 1275 2352 scribi
1289 2325 1428 2359 poterit.

200 2371 320 2399 Visum
341 2375 392 2399 est
407 2372 502 2399 Patri
518 2375 643 2405 nosti-0,
668 2371 729 2398 M.0
753 2371 898 2406 Ignatio.
923 2372 1010 2399 hunc
1034 2371 1236 2406 Magistrum
1259 2372 1450 2400 Adrianum
1470 2373 1513 2400 ad
1538 2374 1786 2407 professionem

147 2419 341 2453 admittere;
357 2420 468 2446 nullus
483 2419 572 2446 enim
587 2423 662 2446 erat
673 2419 707 2446 in
722 2419 788 2446 illis
803 2419 972 2447 inferioris
987 2419 1191 2447 Germaniae
1206 2419 1363 2454 partibus
1378 2420 1561 2454 professus,
1582 2425 1615 2448 et
1631 2422 1786 2456 alioquin

146 2467 236 2494 ratio
251 2467 283 2494 id
299 2467 471 2501 exigebat.
498 2466 583 2494 Suas
607 2474 688 2501 ergo
702 2467 796 2494 vices
819 2467 956 2494 Decano
982 2475 1021 2494 ac
1047 2467 1260 2495 Cancellario
1285 2467 1533 2495 Universitatis
1556 2468 1787 2497 Lovaniensis

147 2514 214 2553 (qui
230 2514 326 2542 nobis
340 2517 436 2542 arcto
451 2515 711 2542 benevolentiae
726 2518 760 2542 et
775 2515 957 2543 charitatis
972 2515 1108 2542 vinculo
1119 2516 1257 2550 junctus
1278 2519 1340 2548 est,
1363 2519 1396 2542 et
1413 2516 1597 2550 probitate,
1615 2517 1786 2551 doctrina,

146 2565 179 2588 et
193 2561 401 2589 auctoritate
417 2562 545 2596 primas
560 2562 684 2589 ibidem
704 2564 809 2595 tenet)
832 2563 874 2589 ad
900 2563 971 2597 ejus
994 2562 1239 2597 professionem
1254 2563 1501 2590 admittendam
1524 2565 1704 2592 commisit.
1721 2566 1786 2599 Qui

146 2609 207 2636 sub
222 2608 320 2636 finem
334 2608 415 2644 Maji
430 2609 492 2636 hoc
507 2609 680 2643 negotium
695 2610 875 2644 transegit.
891 2610 938 2638 Ut
953 2614 1069 2638 autem
1092 2614 1125 2638 et
1149 2610 1368 2645 professionis
1389 2611 1517 2645 modus,
1541 2615 1574 2639 et
1598 2611 1726 2640 Decani
1743 2621 1785 2640 ae

147 2654 353 2683 Cancellarii
377 2663 460 2690 erga
484 2663 544 2683 nos
567 2656 816 2689 benevolentia,
840 2660 873 2684 et
897 2657 1047 2691 ejusdem
1071 2665 1111 2684 ac
1127 2658 1232 2685 totius
1247 2657 1494 2685 Universitatis
1518 2658 1728 2687 existimatio
1743 2661 1787 2687 de

146 2702 329 2730 societatis
356 2707 494 2731 nostrae
518 2703 674 2730 instituto
697 2704 922 2738 intelligatur,
946 2705 1112 2732 subscribi
1139 2706 1265 2732 curabo
1286 2705 1437 2740 ejusdem
1457 2705 1614 2740 Magistri
1638 2707 1783 2735 Adriani

146 2750 326 2784 epistolam
339 2750 448 2785 pridie
462 2750 669 2778 Nativitatis
684 2750 801 2779 Sancti
816 2751 955 2785 Joannis
969 2752 1134 2786 scriptam
1149 2753 1173 2779 ¹.

203 2868 213 2888 ¹
252 2867 346 2895 Haec
374 2869 479 2896 etiam
504 2869 672 2896 Polancus
699 2869 856 2904 scripsit,
883 2871 938 2905 qui
965 2878 1006 2898 ea
1032 2871 1172 2898 brevius
1199 2875 1366 2899 enarrata
1394 2872 1559 2900 Chronico
1586 2880 1668 2907 suo,
1698 2878 1720 2901 t.
1746 2881 1784 2908 Π,

145 2922 222 2942 ann.
238 2915 315 2949 1551,
331 2923 385 2943 nn.
399 2916 448 2943 241
466 2920 499 2944 et
513 2916 575 2951 242,
590 2923 669 2951 pag.
684 2916 737 2944 283
750 2917 903 2945 inseruit.
920 2918 1063 2946 Adriani
1081 2919 1275 2953 epistolam,
1299 2919 1333 2946 23
1354 2919 1442 2953 Junii
1468 2920 1600 2956 datam,
1618 2929 1676 2948 suo
1692 2922 1783 2950 infra

144 2962 219 2989 loco
235 2964 513 2992 transcribemus.
