2074 3179
867 126 946 163 Ax.
979 125 1069 162 1550
1711 127 1787 182 Ι305

889 577 1030 631 LXI

215 805 348 842 Pater
366 805 590 843 Adrianus
613 805 937 843 Adriaenss'ens

261 870 380 907 Patri
400 870 568 918 Ignatio
590 871 642 908 de
665 871 851 918 Loona.

306 935 520 981 Lovanio,
542 936 564 973 8
583 936 688 982 Julii
710 936 801 974 1550
817 936 841 973 ¹.

907 1110 1003 1185 Ill-‘IS

219 1279 274 1319 R.
297 1280 498 1320 Domine
518 1280 804 1332 Praeposite.

217 1340 382 1391 Gratia
404 1351 592 1392 Domini
613 1352 771 1392 Nostri
789 1352 901 1405 Jesu
922 1351 1095 1392 Christi
1117 1352 1174 1391 sit
1197 1363 1379 1402 semper
1399 1352 1656 1392 nobiscum.

216 1421 550 1463 Amantissime
583 1422 743 1464 Pater:
781 1422 1167 1474 Quandoquidem
1202 1428 1363 1462 sancta
1400 1423 1661 1464 obedientia
1702 1425 1766 1464 ita

136 1491 195 1531 ad
222 1493 427 1544 singula,
460 1506 578 1545 quae
607 1495 733 1534 circa
761 1506 847 1534 nos
874 1500 953 1534 aut
984 1506 1042 1533 ex
1072 1492 1160 1533 Dei
1190 1504 1379 1533 munere
1402 1500 1629 1545 aguntur,
1655 1495 1768 1535 scri-

134 1563 286 1604 benda
327 1565 471 1616 cingit
506 1572 550 1605 et
589 1566 730 1616 cogit,
767 1571 817 1605 ut
850 1565 977 1605 nulla
1009 1564 1190 1604 ratione
1219 1564 1541 1615 subterfugere
1570 1567 1763 1617 possim,

131 1634 319 1675 liberius
339 1642 382 1675 et
403 1636 585 1687 plenius
605 1648 746 1688 quam
763 1642 901 1676 antea
922 1634 1110 1675 obedire
1124 1646 1229 1675 cum
1246 1634 1334 1675 Dei
1349 1636 1521 1686 gratia,
1544 1642 1587 1676 et
1604 1643 1764 1677 vestro

131 1711 326 1756 paterno
349 1707 578 1747 desiderio
600 1707 873 1748 satisfacere
896 1707 1118 1747 conabor.

207 1775 383 1828 Scripsi
402 1789 484 1829 per
504 1778 809 1830 penultimum
828 1783 1015 1830 postam
1034 1788 1281 1817 romanum
1299 1788 1490 1817 causam
1510 1777 1761 1829 profectio-

128 1847 199 1887 nis
220 1859 386 1888 versus
407 1849 726 1899 Hollandiam,
750 1848 968 1890 nimirum
990 1846 1088 1900 jam
1119 1848 1197 1887 diu
1223 1853 1423 1887 vocatus
1453 1854 1497 1888 et
1525 1848 1760 1889 desidera-

127 1925 216 1969 tus,
240 1920 491 1971 praecipue
513 1932 540 1960 a
561 1921 764 1971 quodam
784 1920 921 1960 docto
938 1919 1297 1959 honestissimae
1314 1918 1518 1959 familiae
1540 1925 1584 1959 et
1606 1919 1763 1960 famae

127 1998 171 2030 et
200 1997 392 2031 sanctae
423 1991 544 2031 Vitae
576 1991 802 2032 canonico
833 1997 876 2031 et
907 2002 1017 2030 sene
1044 1989 1072 2029 ².
1105 1989 1334 2029 Postridie
1367 1989 1523 2041 itaque
1558 1989 1761 2031 Sanctae

128 2060 370 2102 Trinitatis
405 2063 638 2102 transiens
671 2061 1005 2113 Antuerpiam,
1035 2072 1153 2112 quae
1183 2066 1253 2100 est
1286 2060 1439 2112 patria
1467 2072 1570 2101 mea
1599 2073 1760 2102 secun-

129 2134 238 2173 dum
273 2145 481 2184 carnem,
516 2133 721 2173 intellexi
753 2138 944 2184 propter
978 2143 1051 2172 me
1086 2131 1201 2171 satis
1227 2131 1414 2172 turbata
1451 2132 1606 2171 omnia
1632 2131 1758 2184 apud

126 2210 324 2244 matrem
350 2212 394 2244 et
422 2204 613 2244 amicos.
645 2203 797 2245 Causa
824 2203 930 2243 fuit:
959 2209 1066 2242 ante
1092 2213 1300 2242 mensem
1335 2202 1401 2242 sic
1436 2203 1551 2242 satis
1585 2214 1756 2243 conve-

125 2286 288 2314 neram
309 2286 413 2315 cum
436 2281 585 2315 matre
604 2281 652 2314 ut
665 2274 967 2314 succederem
982 2274 1028 2313 in
1049 2273 1339 2313 haereditate
1362 2273 1756 2324 quemadmodum

125 2346 244 2386 aliae
264 2347 440 2398 proles,
465 2352 509 2386 et
530 2346 652 2397 quod
680 2357 785 2385 cum
810 2344 1100 2385 haereditate
1117 2356 1222 2384 mea
1244 2343 1533 2385 intenderem
1560 2344 1757 2385 fundare

124 2417 372 2468 collegium
391 2428 476 2468 pro
499 2415 753 2467 Societate,
777 2422 826 2456 ut
848 2416 1015 2467 scripsi
1036 2414 1166 2456 Patri
1187 2414 1409 2455 Polanco.
1433 2414 1615 2456 Interea
1637 2427 1754 2456 vero

124 2488 247 2539 quod
274 2487 537 2527 Lovanium
564 2487 821 2538 redieram,
850 2487 968 2527 haec
994 2486 1208 2538 probatio
1239 2492 1283 2526 et
1313 2491 1567 2537 tempestas
1588 2493 1753 2526 exorta

122 2558 228 2609 fuit3
257 2558 395 2611 idque
422 2558 594 2609 duplici
620 2557 676 2598 de
711 2569 869 2598 causa.
908 2558 958 2598 In
991 2557 1176 2609 primis,
1207 2563 1255 2597 ut
1283 2556 1396 2597 mihi
1424 2557 1631 2608 videtur,
1660 2569 1754 2597 non

122 2629 316 2669 libenter
337 2630 394 2669 ab
415 2629 628 2669 omnibus
650 2628 763 2668 meis
783 2628 917 2668 bonis
939 2628 1302 2679 separabantur,
1326 2633 1482 2668 tamen
1504 2627 1754 2668 offerentes

124 2701 264 2740 corde
295 2701 451 2741 omnia
479 2699 682 2740 Domino
716 2699 818 2740 Deo
858 2710 1151 2751 quocumque
1186 2699 1424 2750 dirigeret.
1462 2698 1677 2739 Secundo
1708 2704 1754 2738 et

176 2882 186 2901 ¹
227 2882 314 2910 Tota
328 2884 472 2917 epistola
488 2888 538 2910 est
554 2890 653 2909 manu
671 2882 782 2910 Patris
798 2881 953 2914 Adriani,
970 2882 1002 2909 in
1019 2882 1097 2909 folio
1112 2882 1236 2916 duplici
1254 2889 1284 2908 n.
1305 2880 1354 2908 100
1371 2886 1404 2908 et
1423 2882 1482 2908 101.

175 2929 188 2947 Ξ
228 2929 314 2957 Vide
327 2938 429 2964 supra
445 2938 522 2965 pag.
538 2930 597 2957 198.
