2074 3179
868 187 950 223 Ax.
983 185 1073 223 1552
1714 183 1785 219 485

232 285 519 338 Ingolstadii,
543 285 765 337 postridie
788 282 1171 324 Circumcisionis
1192 280 1380 327 Christi,
1406 291 1526 319 anno
1554 279 1780 319 Nativita-

153 359 212 399 tis
234 357 439 409 ejusdem
463 356 576 396 1552.

234 429 377 469 Filius
398 435 441 468 et
463 439 628 468 servus
649 426 846 473 infimus,

1164 566 1345 605 PETRUs
1377 564 1607 605 CAlems.

861 993 1083 1047 CXVII

216 1224 411 1270 joannes
430 1223 652 1269 Rogerius

264 1289 384 1325 Patri
403 1287 572 1335 Ignatio
593 1287 646 1324 de
666 1286 850 1333 Loyola.

310 1353 549 1395 Panormo,
572 1352 594 1389 2
611 1352 823 1398 januarii,
845 1351 935 1387 1552
956 1351 979 1384 ³.

907 1523 1005 1599 nis

228 1705 393 1745 Gratia
415 1711 459 1745 et
480 1717 573 1756 pax
595 1704 783 1744 Domini
803 1703 964 1744 Nostri
985 1703 1095 1756 Jesu
1127 1702 1299 1743 Christi
1326 1703 1384 1742 sit
1407 1714 1589 1753 semper
1610 1702 1657 1741 in
1678 1713 1776 1741 cor-

147 1777 282 1816 dibus
302 1777 489 1817 nostris.
513 1775 680 1816 Amen.

224 1847 398 1888 Sancta
437 1847 550 1887 mihi
589 1847 817 1899 praecipit
854 1847 1136 1897 obedientia,
1169 1845 1270 1886 Rfiss
1304 1846 1350 1885 in
1386 1845 1573 1886 Christo
1610 1844 1688 1895 P.,
1725 1850 1776 1884 ut

144 1929 306 1958 eorum
322 1929 440 1970 quae
456 1919 668 1969 proxime
685 1918 882 1958 decurso
901 1917 1233 1969 quadrimestri
1248 1917 1377 1957 Deus
1395 1916 1609 1968 Optimus
1630 1915 1776 1955 Maxi-

104 2000 107 2001 ’
142 2000 244 2029 mus
266 2000 347 2040 per
366 1988 530 2029 Patres
551 1995 595 2029 et
615 1989 806 2036 fratres,
830 1989 908 2041 qui
935 1989 1010 2029 hic
1031 1995 1159 2038 sunt,
1190 1989 1235 2028 in
1264 1988 1449 2028 Christo
1472 1987 1776 2027 charissimos

143 2059 362 2111 dignatus
382 2065 451 2099 est
483 2060 688 2110 operari,
720 2060 951 2100 rationem
980 2059 1244 2109 redderem,
1269 2058 1438 2110 quippe
1469 2058 1546 2108 qui
1575 2058 1776 2097 virtutes

144 2131 343 2170 aliorum
363 2136 599 2181 spectator
619 2130 769 2170 solum
795 2142 1054 2181 parumque
1084 2130 1129 2169 in
1159 2129 1299 2169 rebus
1326 2128 1498 2179 agendi
1519 2133 1775 2180 occupatus

143 2202 232 2241 hoc
253 2201 408 2241 subire
429 2201 636 2241 muneris
656 2201 839 2241 facilius
862 2213 1050 2252 possem
1072 2212 1213 2252 quam
1234 2200 1422 2240 caeteri.

223 2272 284 2312 Ut
307 2284 332 2312 a
353 2273 525 2312 nostris
552 2272 692 2323 igitur
723 2272 888 2312 studiis
917 2272 1215 2323 incipiamus,
1250 2270 1297 2310 18
1327 2271 1548 2311 calendas
1574 2270 1774 2310 Novem-

144 2343 260 2393 bris,
298 2342 629 2394 discipulorum
671 2343 910 2394 profectus
950 2348 994 2383 et
1033 2343 1339 2394 promotionis
1378 2342 1535 2382 habita
1575 2342 1772 2391 ratione,

143 2420 412 2454 nostrorum
438 2414 698 2453 studiorum
726 2425 934 2465 cursum,
968 2413 1078 2453 Divi
1107 2414 1264 2454 Lucae
1292 2413 1505 2453 felicibus
1536 2412 1773 2463 auspiciiS,

143 2485 492 2535 renovavimus,
511 2496 602 2536 quo
620 2484 692 2524 die
709 2484 765 2524 D.
785 2484 951 2525 Petrus
968 2485 1024 2525 de
1041 2484 1357 2525 Rivadeneira
1375 2496 1535 2524 coram
1550 2483 1663 2523 R.m0
1681 2482 1769 2523 Do-

142 2555 267 2595 mino
301 2554 598 2607 Inquisitore,
629 2555 872 2596 Praefecto
914 2556 1139 2606 civitatis,
1172 2555 1394 2595 Praetore
1414 2555 1449 2603 Ξ,
1481 2554 1775 2606 caeterisque

195 2713 205 2733 ¹
246 2714 494 2748 Autographae
512 2714 649 2748 Rogerii
664 2715 802 2742 litterae
827 2720 903 2743 sunt
928 2716 960 2742 in
985 2716 1064 2742 solio
1089 2716 1224 2750 duplici.
1248 2723 1301 2742 nn.
1326 2716 1406 2743 olim
1427 2715 1479 2742 352
1503 2719 1536 2742 et
1559 2715 1621 2747 353,
1640 2722 1724 2742 nunc
1740 2715 1775 2741 98

140 2766 173 2787 ct
188 2760 432 2788 99.—-Cernitur
446 2762 479 2788 in
494 2762 545 2788 his
561 2761 699 2789 Polanci
713 2769 832 2789 manus
847 2763 962 2797 aliqua
975 2763 1053 2790 licet
1069 2763 1245 2790 levissima
1258 2763 1664 2790 emendans—Habemus
1676 2769 1774 2796 prae-

140 2813 236 2835 terea
258 2809 468 2842 exemplaria
488 2809 689 2843 apographa
713 2809 792 2836 bina
814 2811 950 2837 saeculo
966 2817 1025 2837 xvi
1040 2810 1205 2843 confecta;
1230 2811 1384 2844 primum,
1408 2810 1495 2844 quod
1517 2810 1550 2837 in
1572 2809 1775 2844 Hispaniam

139 2855 230 2882 misit
246 2855 422 2887 Polaticus,
438 2856 471 2882 in
486 2856 646 2883 Historia
661 2857 778 2888 varia,
791 2858 860 2884 vol.
875 2865 896 2889 1,
915 2858 969 2884 fol.
984 2858 1047 2892 357;
1069 2859 1216 2885 alterum
1231 2858 1263 2885 in
1279 2857 1358 2885 Cod.
1376 2858 1453 2891 1551,
1471 2858 1526 2885 fol.
1543 2858 1589 2885 39.

193 2902 207 2922 2
245 2902 360 2929 Verbo
376 2903 561 2938 Praefecto
583 2904 744 2931 civitatis
765 2904 936 2939 designari
956 2905 1010 2932 hic
1036 2913 1054 2932 a
1079 2905 1225 2939 Rogerio
1250 2906 1386 2933 videtur
1410 2906 1437 2933 is
1463 2905 1528 2940 qui,
1552 2905 1777 2933 Gubernator

140 2948 252 2977 dictus
267 2954 299 2977 et
315 2957 334 2977 a
350 2950 510 2985 Pro-rege
525 2952 722 2985 plerumque
738 2952 958 2986 constitutus,
975 2952 1147 2986 Pro-regis
1169 2952 1259 2979 vices
1285 2953 1317 2979 in
1341 2953 1483 2980 civitate
1505 2954 1659 2987 gerebat.
1678 2953 1773 2981 Voce

138 3004 223 3024 vcro
239 2997 420 3029 Praetore,
435 2998 565 3025 consilii
582 2998 735 3025 civitatis
750 3003 853 3033 caput
868 3006 926 3026 seu
941 3007 1089 3033 praeses,
1106 3007 1125 3026 a
1141 2999 1266 3027 civium
1283 3000 1486 3035 primoribus
1501 3001 1639 3028 electus.
