2074 3179
238 153 309 191 224
753 154 979 191 LITTERAE
1006 164 1363 197 QUADRIMEsTREs

237 260 376 289 rarae
396 248 641 301 cujusdam
657 250 1021 302 exspectationis
1038 250 1130 301 qui,
1149 257 1337 302 praeter
1353 250 1655 292 humaniores
1672 252 1870 303 litteras,

239 332 356 371 quas
389 321 748 372 profitebantur,
780 334 804 362 e
834 321 994 361 solidis
1022 321 1353 374 Philosophiae
1378 322 1583 363 fontibus
1609 323 1894 364 doctrinam¹

240 403 423 432 morum
444 398 488 432 et
508 398 704 432 naturae
726 393 1002 443 hauserunt,
1032 403 1183 444 neque
1210 393 1257 433 id
1283 393 1544 434 infeliciter.
1577 393 1712 434 Adde
1734 395 1875 434 etiam

240 463 364 515 quod
385 464 595 504 nonnulli
616 463 803 504 divinae
829 463 867 503 T
871 463 1115 515 heologiae
1144 469 1188 504 et
1214 463 1473 522 Medicinae
1499 466 1760 516 penetralia
1793 466 1874 505 lin—

239 535 344 586 guis
366 541 411 575 et
431 534 761 586 Philosophiae
783 533 1141 586 conjunxerunt,
1166 547 1191 575 e
1212 535 1378 587 quibus
1394 536 1595 587 quinque
1613 537 1672 576 ad
1688 548 1875 577 sacram

240 606 497 646 anchoram
518 606 720 646 nominis
738 605 849 658 Jesu
871 606 1196 657 confugerunt,
1220 606 1341 646 inter
1362 618 1477 658 quos
1498 618 1617 647 unus
1638 613 1707 647 est
1734 607 1874 647 Dida—

241 689 323 717 cus
344 677 567 729 Vazquez
589 690 615 717 a
643 675 852 728 Torrijos
881 675 891 695 ¹
920 677 1019 729 qui,
1049 677 1292 729 utriusque
1320 677 1508 728 linguae
1537 678 1652 718 mire
1683 679 1872 727 callens,

239 747 591 800 Philosophiam
612 755 655 789 et
673 748 955 789 Medicinam
971 754 1069 789 tam
1079 748 1233 789 fausto
1252 748 1431 789 adierat
1447 748 1579 801 pede,
1594 755 1645 789 ut
1661 750 1876 801 proximo

239 832 363 861 anno
384 832 433 861 se
454 821 655 872 primam
676 820 898 860 Doctoris
917 821 1127 860 lauream
1148 820 1196 859 in
1216 819 1450 860 Medicina
1477 819 1756 872 adepturum
1777 832 1877 871 spe-

240 898 383 933 raret.
407 891 543 932 Alius
564 892 852 931 Licentiatus
877 890 1084 944 Joannes
1104 891 1284 931 Prados
1311 890 1324 909 ²
1347 898 1416 932 est
1438 892 1530 943 qui,
1554 903 1702 943 paene
1723 899 1876 932 totum

241 963 563 1005 Scholasticae
583 963 871 1014 Theologiae
892 963 1118 1003 ambitum
1139 963 1291 1014 (quem
1308 974 1498 1003 cursum
1512 963 1702 1014 vocant)
1721 975 1878 1004 emen-

241 1047 335 1087 sus,
349 1034 630 1076 Sanctarum
649 1033 999 1086 Scripturarum
1016 1034 1205 1074 lectioni
1218 1039 1262 1074 et
1277 1033 1571 1085 indagationi
1586 1034 1875 1086 accingetur.

240 1107 450 1148 Tertium
470 1119 543 1147 me
566 1106 688 1157 (licet
709 1105 969 1157 indignum)
991 1106 1263 1155 adnumero,
1288 1106 1365 1158 qui
1382 1105 1541 1157 jussus
1563 1117 1667 1146 sum
1689 1118 1794 1146 cum
1815 1106 1878 1146 di-

241 1179 329 1219 ctis
350 1178 530 1218 duobus
550 1177 725 1218 Sacrae
745 1177 1031 1228 Theologiae
1048 1177 1213 1217 studiis
1228 1188 1418 1217 vacare.
1438 1177 1642 1228 Quartus
1660 1189 1773 1217 Vero
1791 1184 1877 1225 est,
1906 1181 1909 1185 '

240 1250 319 1302 qui
352 1250 619 1301 linguarum
650 1250 846 1300 peritiae
868 1248 1175 1300 Theologiam
1205 1254 1424 1300 coeperat
1455 1247 1752 1300 conjungere.
1791 1248 1881 1288 Hic

240 1322 472 1362 Martinus
493 1320 506 1339 ³
528 1321 805 1373 appellatur,
830 1320 905 1360 cui
926 1320 1076 1361 Toleti
1097 1320 1209 1360 urbs
1231 1320 1491 1360 communis
1518 1332 1701 1360 mecum
1726 1320 1880 1372 patria

241 1399 326 1434 est.
349 1392 485 1433 Alius
504 1393 767 1444 burgensis,
786 1392 1038 1432 Marcellus
1054 1404 1080 1432 a
1097 1390 1291 1433 Salazar
1307 1392 1510 1432 nomine.
1529 1390 1621 1432 Sed
1638 1392 1766 1431 hisce
1784 1391 1878 1431 die-

241 1466 327 1505 bus
349 1465 582 1506 Gandiam
604 1465 711 1505 hinc
733 1470 802 1504 est
822 1464 1078 1516 profectus,
1101 1464 1179 1504 ubi
1199 1464 1372 1504 artium
1392 1463 1653 1504 liberalium
1675 1463 1878 1514 discipli-

242 1536 314 1577 nis
336 1542 669 1577 sacrosanctae
687 1535 859 1576 Christi
875 1535 1199 1587 philosophiae
1215 1534 1342 1575 viam
1358 1540 1552 1575 sternat.
1574 1534 1731 1581 Habes
1748 1534 1877 1586 quin-

245 1619 334 1660 que
356 1608 563 1659 collegas
583 1608 829 1659 trilingues
851 1606 878 1659 ¹²,
902 1606 1041 1647 Pater
1063 1607 1407 1647 colendissime.

323 1678 440 1719 Tres
461 1679 686 1719 licentiati
707 1678 937 1719 anteactis
957 1678 1195 1719 mensibus
1216 1677 1598 1718 exercitamentis
1625 1677 1879 1729 spirituali-

243 1751 329 1791 bus
349 1750 519 1791 initiati
541 1756 662 1790 sunt.
687 1749 888 1801 Quidam
908 1749 1181 1801 Alphonsus
1201 1749 1379 1801 Lupus,
1405 1761 1430 1788 a
1452 1749 1670 1790 Navarra
1698 1747 1725 1800 ⁵,
1749 1748 1883 1789 facili

244 1822 383 1862 simul
403 1828 448 1862 et
468 1822 566 1862 acri
582 1821 768 1873 juvenis
786 1821 990 1872 ingenio,
1010 1821 1087 1873 qui
1105 1820 1183 1861 diu
1200 1819 1569 1861 haesitabundus
1586 1831 1646 1860 an
1662 1826 1883 1872 parentes

245 1893 416 1946 optime
437 1892 493 1933 de
515 1905 563 1933 se
584 1893 776 1933 meritos
796 1892 1356 1944 benevolentissimosque
1377 1892 1539 1932 liceret
1568 1892 1616 1931 in
1643 1897 1885 1932 senectute

244 1971 289 2005 et
323 1976 482 2005 rerum
516 1964 880 2005 domesticarum
907 1964 1103 2016 penuria
1137 1963 1362 2015 linquere,
1395 1963 1598 2014 tandem,
1634 1968 1683 2003 ut
1714 1963 1883 2014 dignus

244 2042 367 2076 esset
388 2035 588 2085 ChristO,
613 2042 796 2087 patrem
816 2041 859 2076 et
876 2040 1074 2075 matrem
1089 2047 1174 2086 pro
1192 2034 1379 2075 Christo
1396 2034 1630 2086 relinquit,
1651 2034 1879 2074 ditissimo

244 2113 288 2148 et
307 2108 579 2159 gratissimo
601 2107 803 2148 Domino
824 2118 986 2147 eorum
1003 2118 1165 2147 curam
1181 2105 1443 2157 injungens.
1463 2105 1598 2146 Alius
1614 2105 1883 2146 licentiatus

243 2185 327 2230 est,
352 2179 633 2231 cognomine
656 2178 900 2219 Gutterius
931 2178 1028 2230 qui,
1051 2178 1311 2218 medicinae
1332 2177 1612 2218 candidatus
1632 2177 1877 2227 hactenus,

244 2257 288 2291 et
321 2250 527 2291 doctoris
557 2250 758 2301 gradum
793 2256 1130 2301 assequuturus
1163 2255 1364 2289 venturo
1398 2260 1521 2289 anno
1557 2259 1663 2289 cum
1697 2248 1879 2288 Didaco

244 2322 467 2374 Vazquez
487 2354 494 2374 ,
519 2322 861 2362 medicamenta
882 2326 927 2361 et
946 2321 1217 2361 morborum
1233 2331 1395 2360 curam
1417 2319 1720 2371 contempsit,
1745 2325 1795 2359 ut
1815 2319 1886 2359 vi-

245 2401 341 2434 tam
363 2399 407 2434 et
434 2393 828 2434 resurrectionem
854 2392 1099 2433 inveniret.
1123 2392 1309 2432 Tertius
1331 2397 1400 2432 est
1421 2390 1611 2443 quidam
1631 2390 1877 2441 theologus

300 2550 309 2569 ¹
351 2549 508 2583 Intellige
524 2552 642 2576 natum
657 2549 690 2576 in
704 2549 786 2576 urbe
802 2548 964 2584 Torrij05.

296 2597 310 2616 2
348 2596 401 2623 Ita
417 2600 570 2623 nostrum
585 2600 854 2631 transumptum;
869 2596 929 2624 sed
943 2596 1044 2631 hujus
1059 2595 1174 2623 Patris
1190 2602 1310 2622 nornen
1334 2594 1394 2622 fuit
1410 2594 1459 2621 Pr
1462 2595 1614 2625 ‹idanos
1628 2596 1728 2628 prout
1743 2593 1882 2628 scripsit

246 2644 426 2677 Polancus,
442 2643 577 2676 Chron.
591 2648 614 2670 t.
630 2651 662 2678 11,
677 2651 754 2678 pag
773 2644 839 2676 128
855 2652 886 2672 n.
901 2643 964 2671 308.

298 2692 312 2712 5
351 2691 443 2719 Cave
459 2699 499 2718 ne
516 2691 618 2723 hunc,
637 2692 730 2726 cujus
746 2691 896 2719 familiae
912 2699 1098 2725 cognomen
1123 2691 1233 2719 adhue
1256 2692 1472 2726 ignoramuS,
1497 2688 1680 2716 Martinum
1703 2688 1883 2716 Gutierrez

243 2740 448 2773 (Gutterius)
462 2747 535 2768 esse
549 2746 658 2775 putes,
675 2742 714 2768 de
731 2749 795 2776 quo
811 2741 899 2768 infra
914 2740 947 2768 in
962 2740 1026 2767 hac
1043 2740 1118 2774 ipsa
1132 2740 1291 2774 epistola,

296 2788 311 2808 ⁴
347 2787 402 2816 Ita
417 2789 745 2823 cognominabantur
760 2789 815 2824 qui
831 2788 998 2822 Trilingui
1014 2787 1245 2822 Complutensi
1262 2787 1430 2821 Collegio,
1445 2787 1483 2814 de
1499 2793 1562 2820 quo
1574 2792 1693 2819 supra,
1712 2783 1878 2818 adscripti

244 2840 354 2864 erant.

297 2883 311 2903 ὅ
348 2883 546 2917 Alphonsus
559 2883 682 2918 Lopez,
699 2884 854 2912 Corellae
876 2888 971 2912 ortus
986 2885 1018 2912 in
1039 2883 1211 2911 Navarra.
1234 2883 1317 2918 Ejus
1339 2883 1529 2917 ingressum
1543 2882 1587 2909 ad
1607 2883 1804 2915 sequentem
1823 2885 1880 2905 an-

243 2939 322 2958 num
336 2929 449 2965 rejicit
465 2930 498 2958 P.
516 2930 807 2959 BARmotmmzvs
824 2932 1002 2965 ALCAZAR,
1029 2930 1312 2959 Chronohistorta
1338 2931 1380 2958 de
1406 2930 1438 2957 (a
1464 2928 1653 2956 Provincia
1678 2927 1720 2954 de
1746 2925 1883 2957 Toledo,

245 2978 327 3006 Dec.
344 2985 377 3012 11,
394 2984 468 3011 cap.
484 2977 510 3012 2,
527 2977 543 3011 ξ
559 2978 583 3005 1.
