2074 3179
917 177 1000 214 ΑΝ.
1032 178 1118 215 1551
1538 193 1544 198 ·
1763 181 1834 218 ‘299

201 274 356 325 genia,
378 274 484 313 huic
504 272 793 325 persuadens
818 274 1100 325 religionum
1126 286 1371 315 numerum
1399 277 1681 326 superfluum
1710 289 1828 327 esse,

203 344 339 385 alteri
361 345 480 384 hanc
502 343 782 385 Societatem
802 345 954 396 magis
975 345 1035 385 ad
1061 346 1404 386 convertendas
1434 352 1653 387 externas
1684 348 1830 387 natio-

204 427 287 456 nes
325 415 584 455 institutam
617 426 744 465 esse,
780 415 968 466 reliquis
1003 429 1116 457 vero
1150 428 1245 457 non
1278 417 1400 456 113116
1436 422 1631 468 tantum,
1668 429 1832 458 verum

207 499 367 527 omnes
397 486 511 526 alios
538 485 725 526 ordines
752 486 807 525 de
838 486 992 526 medio
1023 488 1264 535 tollendos;
1296 487 1360 528 ita
1390 494 1453 536 ut,
1487 499 1593 528 cum
1624 489 1832 540 pluribus

208 569 330 598 nunc
352 557 485 597 nobis
507 562 575 596 est
596 556 946 607 digladiandum
967 570 1106 609 quam
1127 559 1271 610 prius,
1294 559 1604 610 ferendusque
1620 571 1713 599 non
1730 571 1830 611 par-

205 641 292 669 vus
332 629 651 670 molestiarum
694 627 965 681 fasciculus,
1004 636 1255 682 antequam
1290 636 1438 670 totum
1472 630 1561 670 hoc
1595 630 1835 681 negotium

207 700 344 740 finem
384 712 518 742 suum
558 703 772 755 accipiat.
814 703 1068 756 Speramus
1106 709 1263 742 tamen
1300 701 1399 742 fore
1434 707 1483 741 ut
1518 701 1711 741 consilio
1747 701 1835 741 Dei

210 772 541 824 omnipotentis
579 774 745 815 iterum
779 776 1078 815 conculcetur
1112 773 1282 813 sathan
1312 773 1396 812 sub
1423 772 1617 824 pedibus
1644 772 1832 821 nostris;

211 843 432 894 quoniam
453 844 491 884 si
510 845 700 896 proprio
721 845 839 885 Filio
861 856 944 885 suo
961 856 1055 884 non
1076 844 1297 895 pepercit,
1322 843 1403 883 sed
1424 854 1509 894 pro
1538 842 1671 883 nobis
1693 844 1834 883 omni-

208 914 294 953 bus
314 914 505 954 tradidit
526 915 666 965 illum,
692 916 922 967 quomodo
943 927 1037 955 non
1057 927 1163 955 cum
1184 915 1260 955 illo
1282 914 1415 965 nobis
1443 914 1598 955 omnia
1627 914 1837 954 donabit?

210 983 339 1024 Haec
361 996 472 1024 sane
493 985 626 1025 nobis
648 987 803 1026 omnia
825 986 1013 1026 evenire
1035 986 1267 1026 credimus
1296 985 1355 1025 ad
1380 985 1703 1036 probationem
1733 984 1839 1024 fidei

206 1060 395 1094 nostrae
418 1061 462 1094 et
483 1056 757 1107 patientiae,
781 1068 921 1108 quam
944 1057 1079 1097 nobis
1100 1068 1182 1108 per
1203 1056 1438 1096 orationes
1459 1062 1644 1096 vestras
1671 1056 1838 1096 donari

204 1125 431 1176 cupimus.

290 1196 351 1237 Ut
372 1197 431 1237 ad
450 1198 753 1249 particularia
774 1198 1069 1246 descendam,
1089 1199 1309 1250 J'uvenem
1330 1199 1444 1240 satis
1472 1199 1647 1248 levem,
1682 1209 1740 1237 ne
1771 1197 1835 1236 di-

209 1279 313 1307 cam
333 1273 572 1308 maternae
592 1269 777 1320 pietatis
799 1270 1005 1319 oblitum,
1030 1270 1087 1309 ab
1105 1270 1320 1320 ingressu
1341 1270 1582 1321 religionis
1599 1268 1833 1320 prohibui-

206 1349 323 1389 mus;
347 1350 452 1379 cum
473 1339 594 1379 enim
614 1346 813 1380 matrem
833 1341 1202 1392 pauperrimam,
1227 1353 1254 1380 a
1276 1341 1514 1381 sexdecim
1536 1340 1670 1380 annis
1697 1340 1837 1390 gravi

207 1409 371 1449 morbo
392 1409 745 1451 decumbentem
766 1411 813 1451 in
832 1412 968 1462 lecto,
992 1412 1038 1451 in
1059 1412 1306 1462 pristinam
1322 1411 1639 1452 valetudinem
1654 1422 1748 1450 non
1769 1422 1839 1450 re-

209 1480 412 1520 dituram
434 1481 843 1532 animadverteret,
868 1494 954 1522 nec
975 1494 1077 1522 esse
1099 1482 1280 1522 videret
1301 1483 1377 1522 cui
1392 1487 1459 1522 tot
1480 1482 1665 1522 labores
1681 1486 1839 1521 essent

209 1550 390 1591 ferendi
414 1552 505 1591 nisi
532 1552 619 1592 sibi
640 1552 746 1603 soli,
771 1553 926 1593 animo
956 1553 1134 1593 fractus
1163 1559 1207 1593 et
1237 1553 1431 1593 alendae
1459 1553 1624 1593 matris
1652 1551 1838 1592 difficul-

211 1627 307 1662 tate
328 1624 618 1674 perterritus‚
643 1624 919 1664 coenobium
939 1623 1121 1675 ingredi
1141 1625 1359 1676 parabat3
1394 1636 1486 1676 qua
1516 1623 1571 1664 de
1599 1635 1649 1663 re
1683 1623 1839 1663 admo-

209 1693 308 1744 niti,
332 1693 574 1734 docuimus
594 1694 722 1734 illum
743 1695 971 1735 naturalis
987 1694 1104 1746 juris
1124 1695 1416 1747 praescripta
1437 1695 1598 1745 magni
1619 1705 1721 1734 esse
1745 1705 1840 1733 mo-

208 1765 364 1814 menti;
389 1764 552 1805 deinde
573 1777 667 1805 non
688 1766 777 1806 hac
798 1767 978 1806 ratione
1000 1766 1339 1818 capessendam
1363 1778 1466 1807 esse
1486 1765 1727 1817 religionis
1750 1764 1842 1804 for-

212 1836 399 1885 mulam,
423 1841 473 1876 ut
494 1836 669 1877 scilicet
686 1837 839 1877 alendi
855 1838 1066 1889 corporis
1086 1838 1234 1878 nostri
1255 1838 1331 1878 vel
1347 1838 1545 1878 aliorum
1564 1836 1840 1888 effugiamus

213 1906 418 1957 labores,
456 1907 538 1947 sed
562 1913 741 1948 tantum
777 1914 825 1948 ut
859 1909 1075 1948 meliores
1111 1909 1389 1959 evadamus,
1425 1908 1515 1948 hac
1549 1908 1630 1948 via
1663 1907 1841 1948 scilicet

212 1989 298 2017 nos
319 1977 400 2017 X.⁰
423 1978 784 2019 conformantes.
817 1978 976 2030 quue
996 1980 1191 2019 consilio
1212 1979 1388 2019 factum
1415 1984 1485 2019 est
1515 1990 1573 2019 ne
1601 1978 1841 2030 pauperri-

211 2060 287 2088 ma
316 2055 465 2089 mater
500 2049 791 2090 desereretur
821 2062 847 2089 a
876 2050 986 2099 filie,
1019 2062 1138 2090 neve
1165 2050 1310 2099 filius,
1340 2050 1522 2090 ratione
1545 2049 1753 2100 fugiendi
1779 2049 1843 2088 la-

214 2119 340 2159 boris
375 2126 418 2159 et
451 2119 739 2170 abjiciendae
778 2121 947 2171 crucis,
990 2121 1231 2171 religionis
1271 2121 1552 2171 institutum,
1591 2119 1715 2172 quod
1749 2131 1843 2160 non

212 2197 405 2242 propter
426 2189 546 2230 X.¹¹m
567 2191 800 2242 capiebat,
824 2198 1105 2243 capesseret.

291 2261 534 2302 Mulierem
554 2262 664 2302 item
685 2263 949 2314 quamdam,
981 2275 1100 2314 quae
1130 2275 1179 2303 se
1209 2275 1235 2303 a
1265 2263 1422 2303 multis
1450 2263 1584 2303 annis
1610 2263 1658 2302 in
1684 2274 1843 2303 mona-

210 2334 405 2373 sterium
439 2333 688 2374 viduarum
719 2333 1005 2385 conjecerat,
1036 2334 1461 2386 septuagenariam,
1499 2334 1660 2386 egredi
1687 2334 1844 2375 volen-

214 2410 321 2454 tem,
344 2416 402 2444 ne
424 2404 571 2444 exiret
599 2405 990 2456 compescuimus‚
1022 2405 1244 2446 docentes
1273 2417 1377 2445 eam
1404 2411 1449 2445 et
1475 2404 1698 2445 scandalo
1726 2405 1846 2445 futu-

213 2487 315 2515 ram
331 2476 617 2515 monasterio
634 2487 732 2525 suo,
752 2482 795 2516 et
811 2475 1015 2516 familiae
1031 2487 1145 2516 suae
1167 2481 1212 2516 et
1229 2476 1315 2516 sibi
1332 2476 1531 2527 ruinam3
1552 2487 1747 2527 cumque
1764 2476 1843 2516 illa

212 2559 240 2586 a
261 2546 510 2598 Superiore
531 2559 616 2587 suo
637 2559 686 2587 se
708 2547 979 2588 facultatem
1000 2547 1202 2588 exeundi
1224 2548 1500 2599 impetrasse
1522 2548 1717 2598 diceret,
1750 2559 1845 2588 mo-

212 2618 293 2658 nui
313 2629 400 2669 ego
421 2631 479 2658 ne
497 2619 666 2658 talibus
683 2618 1107 2669 dispensationibus
1122 2619 1299 2670 fideret,
1319 2630 1437 2670 quae
1455 2625 1499 2659 et
1515 2618 1603 2658 sibi
1618 2618 1841 2670 prodesse

213 2695 257 2728 et
278 2700 305 2728 a
325 2689 540 2729 Praelato
562 2701 645 2730 suo
667 2689 854 2729 minime
875 2689 1070 2729 concedi
1089 2695 1294 2741 possent;
1314 2690 1424 2742 quin
1440 2690 1610 2741 potius,
1630 2689 1753 2741 quod
1771 2701 1845 2730 su-

194 2766 370 2811 ·perest
391 2761 517 2800 vitae
546 2767 589 2801 et
611 2760 824 2811 canitiei,
849 2760 895 2800 in
922 2760 1059 2800 domo
1088 2760 1278 2800 Domini
1304 2766 1523 2812 pergeret
1551 2771 1842 2801 consumere.

216 2829 381 2871 Gratia
403 2837 559 2872 autem
579 2830 666 2871 Dei
689 2831 794 2882 Opt.
817 2831 942 2872 Max.
967 2831 1184 2872 effectum
1204 2837 1273 2872 est
1294 2837 1344 2871 ut
1366 2832 1566 2883 amplius
1588 2832 1694 2872 inde
1711 2832 1840 2872 abire

217 2907 416 2942 recuset.

296 2971 381 3012 His
413 2974 728 3014 sacrosanctis
763 2974 1154 3025 quadragesimae
1190 2973 1366 3024 diebus,
1404 2974 1559 3014 multis
1594 2979 1692 3014 tum
1726 2974 1844 3013 viris
