2074 3179
946 207 1029 243 AN.
1061 207 1146 243 1551
1793 207 1864 244 327

234 302 328 352 logi
349 307 392 341 et
414 302 760 342 concionatoris
788 314 956 342 nomen
983 302 1200 351 sustinet,
1235 301 1324 352 qui,
1358 312 1465 340 cum
1492 302 1630 352 paulo
1654 309 1760 342 ante
1783 302 1862 342 Pa-

232 384 396 412 normo
419 372 699 423 advenisset,
724 372 836 413 illud
855 373 1008 412 redire
1030 384 1078 412 se
1100 373 1218 412 velle
1241 372 1356 412 dixit
1378 378 1440 420 ut,
1466 371 1687 412 facultate
1710 385 1736 411 a
1758 372 1863 413 Pro-

234 443 434 482 vinciale
456 449 666 494 accepta,
690 442 936 483 Messanae
965 443 1146 483 viveret
1172 442 1197 482 ¹.

312 513 543 554 Sacerdos
566 514 755 565 quidam
776 514 1032 565 Ragusius,
1058 514 1128 554 vir
1150 515 1407 554 honoratus
1430 519 1474 553 et
1505 512 1651 563 dives,
1685 514 1862 553 hebrai-

233 595 317 624 cae
337 585 551 624 lectionis
574 585 777 636 auditor,
801 585 1050 636 plurimum
1072 590 1234 624 nostro
1257 584 1468 624 instituto
1490 584 1702 635 affectus,
1728 596 1861 635 roga-

232 655 300 694 vit
320 655 506 706 saepius
538 656 816 707 quibusnam
845 655 1188 696 conditionibus
1217 655 1405 695 adducti
1434 655 1524 694 huc
1552 655 1859 705 venissemus,

232 731 550 777 quantumque
585 738 611 765 a
647 726 838 766 civitate
871 727 960 766 hac
991 726 1125 766 nobis
1154 726 1435 777 promissum
1463 732 1606 775 esset,
1647 738 1863 766 asserens

229 802 393 847 optare
414 809 463 837 se
484 796 664 837 efficere
686 797 810 848 apud
832 808 941 837 suos
964 797 1106 848 cives,
1132 803 1180 836 ut
1194 797 1315 836 idem
1337 797 1440 847 ipsi,
1465 796 1591 847 quod
1612 797 1728 836 haec
1751 797 1862 837 civi—

232 875 324 917 tas,
348 867 571 908 facerent.
598 868 698 919 Quo
720 868 896 907 factum
917 874 965 907 ut
986 880 1079 907 non
1100 879 1268 919 parum
1288 868 1488 907 laetatus
1509 867 1589 916 sit,
1615 868 1690 907 ubi
1719 868 1775 907 ab
1807 869 1862 908 iis

228 944 449 978 vocatum
470 939 696 978 intellexit
718 938 771 978 R.
796 939 844 979 P.
877 939 932 978 D.
965 939 1268 989 Bobadillam,
1294 945 1547 990 aperteque
1569 945 1767 978 testatus
1790 951 1853 989 se,

227 1009 265 1048 si
287 1009 348 1048 ibi
367 1008 519 1049 forent
542 1021 565 1049 e
587 1010 774 1059 nostris,
799 1021 893 1049 non
911 1010 985 1049 hic
1003 1010 1175 1049 diutius
1194 1021 1484 1059 mansurum,
1509 1021 1795 1060 quamquam
1817 1017 1861 1050 et

230 1079 302 1119 hic
325 1080 570 1120 commode
589 1080 728 1120 habet
751 1080 871 1120 unde
894 1081 957 1120 illi
980 1086 1231 1132 suppetant
1252 1080 1523 1120 necessaria
1545 1080 1574 1118 ⁹².

307 1150 544 1190 Exercitia
575 1151 705 1191 multi
734 1157 915 1202 petunt,
954 1163 1047 1191 non
1082 1158 1240 1191 tamen
1270 1151 1408 1191 facile
1445 1151 1627 1191 dantur.
1666 1151 1863 1192 Cuidam

226 1222 368 1272 gallo,
393 1222 512 1261 inter
534 1228 759 1270 caeteros,
785 1222 886 1261 viro
908 1223 1093 1273 literato
1115 1228 1159 1262 et
1182 1221 1260 1274 qui
1281 1234 1445 1262 recens
1473 1223 1564 1262 huc
1587 1223 1858 1273 advenerat,

227 1292 438 1332 dedimus
478 1292 538 1332 ad
571 1292 710 1332 finem
744 1293 942 1344 Aprilis,
973 1293 1127 1344 isque,
1160 1293 1285 1333 facta
1315 1293 1606 1333 confessione
1635 1294 1858 1344 generali,

227 1362 497 1403 aedificatus
520 1369 584 1413 et,
609 1369 657 1403 ut
678 1363 775 1414 ipse
797 1364 1069 1412 testabatur,
1094 1363 1279 1414 adjutus
1310 1376 1404 1403 non
1431 1364 1635 1415 modice,
1659 1376 1766 1404 cum
1787 1365 1860 1405 de—

225 1434 548 1474 liberationem
570 1433 583 1452 5
604 1435 786 1485 ingredi
807 1435 968 1485 nollet,
993 1435 1210 1474 dimissus
1233 1448 1258 1475 a
1276 1435 1409 1475 nobis
1426 1435 1609 1475 futurus
1625 1436 1857 1487 paedago-

224 1517 314 1556 gus
335 1505 381 1544 in
404 1505 706 1545 Taurominia
729 1505 932 1545 civitate.

304 1576 433 1616 Haec
454 1583 561 1616 sunt
580 1576 677 1616 fere
699 1588 818 1628 quae
838 1577 885 1616 in
906 1576 1173 1628 praesentia
1196 1577 1241 1616 in
1262 1583 1464 1617 mentem
1485 1583 1715 1617 Venerunt
1744 1578 1853 1618 scri-

223 1646 396 1697 benda,
420 1646 560 1687 Pater
582 1647 628 1687 in
657 1647 843 1687 Christo
874 1659 1058 1699 semper
1086 1647 1379 1697 Reverende‚
1414 1648 1461 1687 in
1488 1648 1654 1699 quibus
1681 1649 1720 1688 si
1747 1650 1857 1701 quid

224 1724 293 1758 est
314 1718 442 1769 boni,
477 1719 522 1758 id
549 1724 696 1758 totum
722 1719 823 1759 Deo
852 1719 1074 1771 primum,
1106 1718 1271 1759 deinde
1293 1720 1384 1759 tuis
1414 1720 1630 1771 precibus
1657 1720 1855 1760 tribuen-

225 1789 335 1828 dum
363 1795 602 1840 putamus,
636 1790 801 1841 quibus
829 1790 894 1829 ita
923 1784 1218 1840 confidimus,
1256 1796 1306 1830 ut
1334 1790 1389 1830 de
1415 1790 1550 1830 nobis
1577 1791 1689 1842 ipsis
1716 1791 1855 1831 etiam

225 1860 388 1900 melius
406 1871 595 1911 sperare
612 1861 867 1900 audeamus
885 1861 930 1900 in
947 1866 1199 1912 posterum,
1219 1861 1291 1901 his
1308 1861 1432 1913 apud
1448 1861 1599 1901 Deum
1620 1873 1704 1913 pro
1723 1862 1855 1902 nobis

223 1931 629 1982 intercedentibus,
649 1932 755 1971 licet
777 1932 982 1983 alioquin
1004 1939 1167 1972 nostra
1187 1932 1322 1972 nobis
1345 1933 1402 1972 sit
1424 1933 1592 1972 terrori
1614 1933 1850 1984 segnities.

221 2001 557 2052 Quamobrem,
582 2002 914 2053 benignissime
935 2002 1087 2049 Pater,
1122 2015 1310 2043 oramus
1341 2009 1385 2043 te
1413 2004 1646 2055 supplices
1676 2016 1850 2051 omnes,

221 2078 271 2113 ut
304 2084 388 2124 pro
423 2079 502 2112 tua
539 2073 782 2123 charitate,
822 2073 970 2113 nostri
1004 2073 1125 2113 inter
1159 2073 1388 2113 orandum
1423 2086 1614 2125 memor,
1652 2073 1853 2126 Spiritus

221 2142 383 2184 Sancti
417 2155 625 2184 amorem
653 2144 872 2195 piumque
898 2143 1008 2196 Jesu
1040 2144 1212 2184 Christi
1243 2146 1391 2184 zelum
1418 2145 1592 2185 nostris
1621 2146 1852 2186 mentibus

221 2215 427 2265 preceris
448 2214 627 2254 infundi
648 2226 675 2254 a
695 2214 896 2254 Domino
919 2214 973 2255 N.
997 2215 1108 2267 Jesu
1131 2214 1338 2266 Christo,
1364 2214 1493 2266 cujus
1514 2228 1606 2267 pax
1628 2222 1672 2256 et
1698 2217 1851 2267 gratia

221 2286 279 2325 sit
299 2286 542 2326 nobiscum
563 2297 761 2337 semper.
786 2285 952 2326 Amen.
1909 2274 1912 2278 ’

300 2356 561 2407 Messanae,
590 2356 637 2395 14
656 2356 746 2396 kal.
767 2355 922 2407 junias
950 2356 1063 2396 1551.

302 2428 428 2467 Tuus
450 2428 495 2467 in
517 2427 701 2468 Christo
722 2428 943 2478 indignus
966 2440 1131 2468 servus
1153 2435 1197 2468 et
1220 2428 1353 2468 filius.

1157 2571 1396 2612 ANTONqu
1427 2572 1577 2613 VINCK
1608 2573 1635 2610 ¹².

273 2736 284 2756 ¹
323 2737 510 2764 [Messanae
536 2744 671 2763 moram
685 2736 826 2771 faceret
849 2737 985 2771 scripsit
1001 2737 1177 2767 Vinckius2
1203 2742 1236 2764 et
1261 2738 1444 2765 emendans
1470 2739 1635 2766 Polancus
1661 2740 1850 2767 Messanae

219 2785 359 2811 viveret

274 2831 287 2850 ²
326 2836 508 2866 suppetant
524 2831 665 2857 nummi
692 2830 865 2858 Vncst.

272 2878 286 2897 5
324 2878 624 2906 Βι’ἰι’ὸρναίιόηεηι
649 2878 800 2912 intellige
826 2879 994 2906 exercitia
1019 2880 1064 2905 ad
1092 2879 1295 2906 electionem
1321 2882 1382 2906 aut
1412 2881 1704 2916 reformationem
1732 2882 1848 2908 status

217 2925 450 2958 pertinentia.

271 2975 286 2991 ⁴
324 2971 438 2999 Solum
453 2972 536 2999 haec
552 2973 659 2999 verba
679 2971 774 2998 Tuus
796 2972 832 2998 in
855 2972 990 2999 Christo
1012 2973 1182 3006 indignus
1202 2979 1327 2999 servus
1353 2975 1386 3000 et
1401 2974 1517 3008 filius,
1544 2973 1716 3001 Antonius
1742 2975 1849 3002 I’incl:

215 3023 294 3046 sunt
309 3027 411 3046 manu
425 3020 529 3054 ipsius
545 3019 693 3051 Antonii:
710 3023 847 3046 caetera
864 3025 1022 3047 exaravit
1040 3021 1187 3047 Annibal
1205 3028 1223 3046 a
1238 3019 1419 3048 Coudreto.
