2074 3179
942 206 1015 241 Ax,
1050 205 1134 242 1551
1782 205 1851 241 407

228 315 406 354 nosque
428 309 667 353 tamquam
687 307 924 353 protector
945 308 989 341 et
1010 308 1143 353 pater
1164 301 1278 341 satis
1299 300 1540 341 commode
1561 301 1607 340 in
1629 313 1683 340 eo
1714 302 1847 340 collo-

226 374 364 414 cavit.
389 373 433 413 A
453 384 542 424 quo
564 373 623 412 ad
644 373 992 412 serenissimum
1012 372 1189 423 Regem
1209 371 1433 424 postridie
1451 371 1651 422 deducti,
1672 372 1848 422 abipso

225 456 338 484 vero
374 443 707 484 humanissime
743 443 928 494 quidem
962 443 1133 483 fuimus
1160 443 1363 495 excepti,
1396 442 1488 493 qui,
1519 454 1624 482 cum
1645 442 1849 481 omnium

224 521 437 555 nostrum
467 526 652 565 manuS,
683 526 775 554 non
802 521 1041 566 tamquam
1069 515 1284 555 dominus
1312 514 1394 554 sed
1424 520 1472 553 ut
1500 514 1699 564 amicus,
1722 525 1850 553 more

224 586 512 637 germanico,
542 587 664 625 laeta
686 586 835 625 fronte
864 586 1254 637 apprehenderet,
1278 597 1387 625 suas
1408 584 1748 624 deosculandas
1771 585 1850 624 mi-

224 657 346 697 nime
369 657 628 697 concedere
648 657 810 696 voluit.

303 727 630 779 Suppeditavit
664 734 825 779 postea
856 728 1136 768 sufficienter
1164 729 1279 768 satis
1313 738 1587 779 semperque
1615 727 1748 766 nobis
1776 739 1850 766 ne-

222 799 430 839 cessaria
453 799 733 850 suppeditat,
758 805 802 838 et
822 799 966 838 multo
985 800 1141 850 plures
1158 810 1298 850 quam
1316 798 1406 838 huc
1429 798 1644 838 venimus
1660 798 1848 849 expetit;

222 882 279 910 ac
302 870 414 910 R.m0
434 870 695 910 Labacensi
717 876 760 909 et
787 869 836 910 Ρ.
863 870 1058 910 Claudio
1081 871 1268 922 saepius
1297 869 1541 920 pollicetur
1561 869 1694 909 brevi
1722 869 1849 909 nimi-

225 954 328 982 rum
344 954 392 982 se
410 942 516 982 huic
535 941 733 992 collegio
755 941 887 981 firma
906 940 1143 992 jacturum
1160 941 1477 981 fundamenta.
1501 940 1619 980 Mira
1642 946 1710 980 est
1728 940 1851 991 apud

226 1012 402 1063 Regem
422 1011 668 1052 Societatis
689 1012 961 1052 auctoritas.
980 1011 1091 1063 Ejus
1113 1024 1257 1063 opera
1280 1012 1530 1063 aliquando
1546 1010 1851 1051 reformatam

225 1083 280 1122 iri
301 1083 541 1133 regionem
573 1083 698 1122 illam
720 1094 910 1134 sperare
932 1095 980 1122 se
1003 1083 1218 1122 ostendit.
1251 1082 1437 1122 Patrem
1457 1094 1572 1122 Vero
1604 1081 1850 1122 Claudium

222 1154 291 1193 sic
319 1154 497 1194 extollit
529 1160 578 1193 ut
604 1160 742 1204 neget
772 1166 820 1194 se
851 1154 1233 1194 concionatorem
1259 1165 1463 1205 unquam
1490 1153 1849 1205 praestantioris

223 1225 465 1264 doctrinae
494 1224 744 1264 audivisse.
770 1225 885 1265 Cum
907 1231 1061 1264 autem
1089 1224 1134 1264 id
1165 1225 1410 1265 consilium
1441 1224 1724 1264 doctissimis
1754 1225 1847 1276 qui-

223 1296 401 1347 busque
414 1296 745 1336 Universitatis
761 1296 1028 1347 placuisset,
1050 1302 1098 1336 ut
1114 1297 1426 1336 scholasticae
1443 1296 1707 1346 theologiae
1726 1307 1847 1335 com—

221 1367 461 1418 pendium,
487 1367 611 1418 quod
633 1367 853 1407 studiosis
874 1368 1084 1418 praelegi
1105 1367 1273 1418 possit,
1298 1379 1356 1407 ex
1377 1368 1563 1419 optimis
1580 1367 1849 1407 auctoribus

218 1438 466 1478 collectum
486 1438 631 1488 fieret,
656 1438 809 1478 Patris
831 1438 1014 1478 Claudii
1031 1439 1271 1478 doctrinae
1293 1438 1468 1478 solidae
1487 1444 1530 1478 et
1547 1437 1721 1489 judicio
1744 1450 1848 1489 pru-

217 1509 344 1548 denti
365 1509 593 1549 committi
614 1508 659 1548 id
682 1521 812 1560 opus,
838 1509 1045 1549 adhibita
1068 1510 1208 1549 etiam
1229 1509 1373 1560 Regis
1395 1510 1691 1560 auctoritate,
1716 1521 1846 1549 cura-

217 1580 342 1620 bant.
368 1579 457 1630 Qui
478 1580 663 1631 quidem
684 1579 799 1630 Rex,
825 1580 871 1620 in
893 1592 1088 1629 summa,
1112 1581 1342 1631 singulari
1365 1581 1567 1632 quadam
1586 1592 1672 1620 nos
1689 1592 1843 1631 prose-

216 1650 371 1700 quitur
392 1651 578 1702 pietate‚
604 1651 724 1690 unde
745 1651 881 1691 facile
902 1663 1146 1702 speramus
1166 1651 1287 1691 RflOS
1306 1651 1397 1691 1).Εὸ
1417 1657 1605 1691 nostros
1625 1663 1718 1691 non
1734 1651 1797 1691 ita
1821 1664 1846 1691 a

218 1721 414 1772 publicis
430 1722 647 1772 negotiis,
668 1722 747 1771 eiS‚
768 1722 973 1774 inquam,
995 1734 1113 1773 quae
1133 1722 1192 1762 ad
1208 1723 1546 1762 incrementum
1564 1722 1847 1762 christianae

218 1792 461 1843 religionis
483 1799 709 1844 spectant,
732 1793 903 1833 liberos
923 1793 1037 1844 fore,
1064 1799 1113 1833 ut
1134 1793 1409 1834 lectionibus
1430 1793 1713 1845 quotidianis
1736 1793 1844 1833 assi-

221 1863 308 1903 due
329 1875 504 1903 vacare
525 1864 724 1915 possint,
747 1864 889 1904 etiam
910 1864 951 1904 si
970 1865 1127 1916 plures
1148 1864 1300 1904 adhuc
1323 1866 1539 1904 adessent
1559 1863 1745 1915 Patres,
1769 1864 1846 1916 qui

218 1935 265 1974 in
296 1934 351 1974 iis
372 1935 549 1974 sanctis
571 1936 809 1975 exercitiis
839 1947 972 1975 suam
994 1937 1206 1976 valerent
1228 1948 1418 1987 operam
1438 1941 1694 1987 praestare.
1719 1935 1845 1986 Quos

220 2005 406 2056 quidem
427 2011 590 2046 sancto
619 2006 821 2056 quodam
852 2006 1083 2046 desiderio
1111 2013 1155 2046 et
1184 2007 1304 2046 mitti
1331 2012 1375 2046 et
1403 2007 1659 2047 incolumes
1680 2007 1739 2047 ad
1760 2018 1844 2046 nos

220 2076 381 2116 venire
412 2082 703 2128 exoptamus.
734 2077 916 2117 Faveat
936 2076 1065 2117 Deus
1087 2078 1381 2129 omnipotens
1402 2077 1520 2117 tanti
1540 2077 1682 2128 Regis
1704 2077 1840 2127 votis,

219 2152 263 2186 et
299 2147 517 2198 operibus
550 2147 779 2199 rebusque
807 2148 982 2188 nostris
1017 2149 1192 2199 praesit
1226 2160 1429 2200 semper,
1460 2160 1550 2200 quo
1583 2148 1765 2189 facilius
1800 2154 1843 2188 et

219 2218 410 2258 uberius
431 2224 594 2269 gratos
616 2219 663 2258 in
685 2219 876 2259 odorem
896 2220 1145 2259 suavitatis
1166 2219 1347 2260 fructus
1369 2219 1563 2260 reddere
1584 2220 1842 2259 valeamus.

297 2288 466 2328 Paucis
489 2289 546 2328 ab
575 2288 779 2329 adventu
808 2295 969 2330 nostro
992 2290 1168 2340 diebus,
1200 2290 1384 2341 habitis,
1408 2296 1456 2330 ut
1486 2291 1672 2341 assolet,
1701 2291 1843 2330 tantis

216 2360 431 2400 Patribus
464 2360 618 2410 dignis
659 2360 967 2411 orationibus,
1004 2361 1125 2401 R.d¹¹S
1160 2361 1208 2402 Ρ.
1249 2361 1472 2402 Claudius
1506 2362 1751 2413 epistolam
1784 2362 1842 2401 ad

216 2430 468 2481 Romanos,
505 2430 626 2471 R.<¹1¹S
648 2442 760 2471 vero
793 2431 842 2472 P.
880 2431 1103 2472 Nicolaus
1137 2432 1193 2472 de
1226 2432 1394 2484 Lanoy
1426 2439 1645 2484 quartum
1673 2433 1842 2473 librum

217 2501 329 2542 Mssri
355 2502 692 2541 sententiarum
713 2503 928 2553 aggressi
949 2508 1056 2543 sunt
1086 2503 1337 2555 explicare.
1369 2504 1586 2544 Habuere
1613 2503 1842 2544 studioso-

217 2584 321 2612 rum
342 2579 480 2624 atque
502 2578 775 2623 magnatum
795 2574 911 2614 satis
934 2573 1221 2626 frequentem
1237 2587 1496 2615 numerum.
1521 2575 1571 2615 In
1587 2586 1841 2626 progressu

216 2655 330 2683 vero
351 2644 510 2694 magni
533 2644 673 2683 etiam
693 2644 894 2684 nominis
915 2645 1221 2685 ecclesiarum
1236 2646 1472 2698 principes
1488 2646 1841 2698 quampluribus

215 2714 366 2755 doctis
382 2714 580 2755 fortasse
599 2715 806 2756 comitati
822 2716 936 2756 viris
954 2728 1137 2768 semper
1153 2717 1396 2758 accedunt.
1411 2718 1544 2758 Unde
1561 2717 1702 2757 etiam
1718 2729 1840 2765 nunc

214 2786 291 2836 qui
312 2786 403 2826 sint
430 2786 476 2826 in
503 2785 773 2837 Germania,
803 2786 991 2828 favente
1017 2788 1133 2839 Deo,
1168 2789 1442 2840 proventuri
1471 2789 1650 2828 fructus
1679 2800 1840 2840 prope-

217 2856 405 2896 modum
421 2855 518 2907 jam
539 2857 763 2897 videmus.
786 2857 925 2898 Faxit
954 2865 1111 2899 tamen
1131 2858 1361 2899 Dominus
1391 2871 1448 2899 ne
1475 2859 1686 2911 corporis
1714 2860 1841 2900 vires

217 2927 380 2967 Patres
402 2928 639 2978 deficiant3
669 2929 812 2968 multa
839 2930 962 2970 enim
992 2930 1264 2982 impendunt
1292 2930 1383 2970 illis
1411 2942 1438 2970 a
1465 2931 1679 2982 publicis,
1705 2943 1731 2970 a
1751 2931 1840 2982 pri-

217 2999 340 3038 vatis
362 3004 500 3050 atque
528 2998 796 3039 domesticis
817 3001 956 3040 rebus
986 3001 1190 3052 negotia,
1214 3001 1380 3053 quibus
1411 3014 1602 3053 operam
1623 3002 1735 3042 dare
1766 3015 1839 3043 ne-
