2074 3179
253 114 332 150 {270
772 112 1001 149 LITTERAE
1027 122 1112 154 QUA
1118 121 1192 148 DRI
1198 121 1390 148 MESTRES

979 564 1183 618 CLIII

337 776 386 813 P.
407 774 670 814 Leonardus
689 774 850 813 Kessel

386 841 508 879 Patri
526 840 696 889 Ignatio
716 840 769 878 de
789 840 974 888 Loyola.

435 906 639 953 Colonia,
659 905 703 944 31
725 905 849 951 Maii,
874 905 966 942 1552
985 906 1010 942 ¹.

1038 1027 1137 1102 nis

352 1205 517 1247 Gratia
538 1213 582 1247 et
602 1218 698 1259 pax
717 1206 774 1247 D.
799 1206 852 1248 N.
876 1207 1156 1260 Jesuchristi
1176 1206 1235 1246 sit
1255 1218 1441 1258 semper
1462 1217 1568 1246 cum
1595 1205 1810 1246 omnibus
1832 1216 1911 1244 no-

269 1278 354 1318 bis.
380 1278 548 1319 Amen.

351 1349 636 1400 Quotidiana
668 1350 957 1402 experientia
987 1350 1259 1400 edocemur,
1291 1348 1392 1389 Rde
1420 1348 1494 1399 P.,
1529 1347 1778 1388 verissima
1809 1357 1912 1386 esse

271 1422 349 1461 illa
373 1421 589 1473 Apostoli
610 1422 770 1462 verba:
795 1421 892 1473 ,Qui
905 1420 980 1472 pie
1000 1421 1049 1461 in
1077 1421 1263 1461 Christo
1285 1420 1407 1472 Jesu
1428 1419 1589 1459 vivere
1604 1417 1791 1468 volunt,
1807 1422 1912 1469 per-

273 1491 558 1532 secutionem
578 1492 859 1544 patientum·
888 1493 971 1533 sed
1000 1492 1252 1544 plurimum
1284 1491 1331 1531 in
1361 1490 1565 1530 Domino
1596 1490 1911 1539 consolamur,

274 1563 568 1604 attendentes
597 1575 683 1603 nos
709 1576 794 1615 per
823 1564 985 1604 varias
1015 1563 1340 1603 tribulationes
1371 1568 1415 1602 et
1445 1561 1692 1612 angustias
1721 1559 1914 1600 tendere

272 1634 331 1674 ad
357 1635 560 1674 coeleste
592 1634 823 1685 Regnum.
862 1635 1019 1675 Bonus
1054 1641 1211 1674 autem
1249 1633 1364 1674 odor
1393 1631 1644 1673 Societatis
1671 1631 1748 1671 hic
1775 1632 1914 1681 longe

272 1707 456 1757 lateque
482 1706 530 1745 in
557 1706 655 1746 dies
682 1706 936 1757 spargitur.
966 1705 1144 1746 Nobilis
1172 1706 1250 1745 illa
1276 1704 1531 1745 Abbatissa
1560 1702 1573 1721 ²
1602 1703 1649 1743 in
1675 1703 1799 1742 bono
1829 1714 1913 1742 suo

273 1777 516 1829 proposito
551 1776 746 1817 fideliter
780 1777 984 1828 proficit,
1022 1783 1181 1828 partes
1208 1783 1396 1816 nostras
1430 1781 1605 1824 tuetur,
1635 1774 1915 1825 ubicumque

276 1854 451 1900 potest,
475 1860 569 1888 non
590 1849 689 1888 sine
711 1859 884 1899 magno
905 1848 1081 1896 fructu3
1107 1859 1248 1899 quam
1268 1847 1478 1887 imitatur
1504 1846 1672 1886 Pastor
1693 1856 1800 1885 curn
1820 1845 1916 1896 plu-

276 1921 405 1961 ribus
439 1920 562 1970 aliis;
602 1920 741 1960 immo
778 1916 940 1960 oinnes
974 1926 1165 1963 nostrae
1203 1917 1464 1958 Parochiac
1498 1917 1750 1969 plurimum
1781 1916 1919 1956 nobis

279 1992 452 2032 favent.
476 1990 696 2032 Similiter
724 1990 944 2031 Decanus
977 1990 1146 2031 summi
1173 1990 1353 2041 templi,
1387 1988 1714 2039 suffraganeus
1741 1993 1915 2037 noster,

281 2071 324 2104 et
344 2064 504 2115 plures
526 2063 618 2103 alii.

358 2135 532 2186 Magna
553 2146 661 2187 spes
682 2140 753 2174 est
774 2134 979 2186 collegii3
1004 2133 1153 2185 major
1183 2133 1361 2185 futura,
1392 2139 1640 2185 praesente
1669 2131 1917 2183 Episcopo.

280 2207 501 2247 Decanus
520 2205 561 2246 Ν
566 2206 917 2257 oviomagensis
938 2211 1034 2246 toto
1057 2205 1198 2245 corde
1220 2205 1279 2245 ad
1300 2205 1448 2245 Vitam
1469 2203 1816 2256 perfectiorem,
1840 2207 1920 2241 aut

282 2285 407 2320 certe
429 2278 797 2318 emendatiorem
818 2277 1065 2328 anhelans,
1089 2277 1221 2329 petiit
1242 2289 1268 2316 a
1289 2276 1423 2317 nobis
1444 2275 1532 2315 sibi
1554 2275 1655 2315 dari
1677 2273 1917 2321 exercitia,

341 2463 350 2481 ί
389 2462 520 2490 Harum
535 2462 731 2489 litterarum
746 2461 822 2488 bina
840 2461 1004 2488 habemus
1018 2461 1229 2495 apographa;
1246 2468 1348 2488 unum
1359 2461 1393 2488 in
1407 2460 1568 2487 Historia
1580 2460 1704 2491 varia,
1718 2462 1741 2486 t.
1756 2465 1776 2492 1,
1791 2457 1921 2490 f01.290,

285 2512 432 2537 alterum
447 2509 536 2537 inter
551 2509 820 2543 quadrimestres
842 2509 875 2536 in
898 2509 979 2536 solio
1003 2508 1145 2543 duplici,
1169 2516 1200 2535 n.
1228 2508 1411 2535 12⁴.—Eas
1425 2516 1445 2535 a
1461 2507 1640 2535 Leonardo
1663 2505 1816 2533 Kesselio
1832 2512 1923 2532 num-

285 2565 397 2592 quam,
413 2561 514 2592 prout
529 2557 583 2584 hic
599 2561 687 2591 sunt,
704 2556 851 2591 scriptas
867 2556 969 2583 fuisse
983 2556 1043 2583 sed
1064 2563 1083 2583 a
1105 2555 1252 2583 Polanco
1277 2556 1390 2583 aliove
1414 2555 1543 2582 Romae
1567 2562 1611 2581 ex
1623 2553 1732 2581 variis
1747 2553 1925 2580 variarum

287 2605 430 2632 Kesselii
459 2605 655 2632 litterarum
683 2603 851 2638 partibus,
883 2603 922 2630 iis
951 2603 1166 2637 praesertim,
1193 2610 1279 2637 quae
1302 2602 1523 2637 praecedenti
1554 2609 1584 2628 n.
1605 2600 1695 2629 CLII
1715 2604 1750 2627 et
1770 2599 1926 2634 superius

286 2660 341 2680 nn.
361 2651 488 2679 LXXX
502 2656 535 2679 et
552 2651 612 2679 CII
633 2651 857 2684 continentur,
875 2651 1047 2678 confectas
1062 2658 1147 2684 esse,
1164 2655 1297 2678 eertum
1312 2650 1449 2677 omnino
1469 2649 1616 2677 videtur.
1641 2648 1737 2676 Unde
1766 2655 1833 2674 non
1855 2651 1926 2674 tam

288 2700 556 2734 quadrimestres
580 2706 681 2733 quam
704 2698 894 2726 historicae
919 2706 978 2725 seu
1002 2698 1045 2725 de
1070 2705 1218 2730 mcevas,
1241 2705 1284 2724 ex
1307 2697 1618 2732 quadrimestribus
1640 2696 1874 2730 depromptae,
1890 2698 1927 2721 ut

289 2748 391 2775 moris
412 2751 500 2781 erat,
524 2754 588 2782 quo
614 2747 657 2775 ad
681 2746 865 2775 Societatis
889 2746 1006 2773 domos
1030 2745 1357 2778 transmitterentur,
1373 2744 1537 2772 dicendae
1553 2748 1640 2771 sunt.
1658 2743 1722 2771 Hic
1738 2746 1854 2770 tamen
1869 2748 1928 2769 eas

288 2796 438 2822 inserere
453 2802 519 2822 non
534 2795 739 2829 dubitamus,
753 2798 824 2822 tum
840 2794 920 2829 quia
935 2794 1103 2828 quaedam
1125 2793 1157 2821 in
1177 2793 1238 2827 eis,
1262 2793 1344 2819 lieet
1368 2799 1489 2826 pauca,
1515 2792 1743 2826 reperiuntur,
1760 2797 1846 2824 quae
1863 2789 1929 2816 fru-

289 2846 362 2869 ,stra
376 2843 409 2869 in
425 2842 570 2870 Kesselii
584 2842 678 2869 veris
699 2849 848 2876 vereque
871 2841 1179 2876 quadrimestribus
1204 2843 1429 2874 quaerentum
1454 2843 1525 2866 tum
1549 2846 1588 2866 ne
1614 2838 1693 2873 quid
1720 2838 1927 2869 litterarum,

289 2890 350 2916 sub
365 2890 427 2916 hoc
440 2890 741 2925 quadrimestrium
756 2889 889 2917 nomine
904 2888 1017 2916 ubivis
1031 2896 1051 2916 a
1067 2889 1161 2916 nobis
1176 2888 1397 2915 inventarum
1408 2907 1415 2921 ,
1431 2886 1486 2914 hic
1503 2886 1726 2915 desideretur,-

344 2939 357 2956 ‘2
397 2938 482 2965 Vide
497 2945 612 2974 supra,
627 2946 658 2966 n.
675 2936 778 2971 CXII,
795 2945 873 2972 pag.
888 2937 951 2968 1164,
968 2941 1037 2964 not.
1052 2937 1078 2965 2.
