2074 3179
214 109 285 147 300
503 126 506 130 ’
728 114 958 152 LITTERAE
985 126 1344 158 QUADRlMESTRES

214 212 313 246 tum
333 208 604 250 mulieribus
626 222 653 249 a
682 211 978 251 confessione
1004 211 1196 264 fuimuS,
1221 219 1316 254 tam
1338 215 1384 254 in
1405 215 1662 256 domestico
1691 222 1856 256 nostro

214 279 402 330 sacello,
429 285 526 320 tam
547 281 593 320 in
615 281 859 333 adjacente
880 283 1095 333 ecclesia,
1119 283 1330 336 hispanis
1350 286 1536 337 quidem
1557 287 1854 327 scholasticis

212 361 306 389 non
328 352 490 401 paucis
508 384 515 402 ,
541 353 680 402 gallis
702 359 857 392 autem
879 354 1255 406 quamplurimis3
1279 357 1390 407 quin
1411 357 1551 397 etiam
1572 370 1665 398 non
1687 358 1853 398 desunt

214 420 400 472 hispani
440 434 579 473 quos,
623 435 729 463 cum
768 424 897 475 prius
937 436 1024 464 nos
1062 425 1299 476 fugerent,
1338 427 1535 478 singulis
1575 429 1737 469 diebus
1777 430 1853 469 do·

213 492 397 533 minicis
419 494 664 535 audiamus
686 495 733 535 in
755 495 1143 547 confessionibus,
1169 503 1213 537 et
1233 498 1322 538 illis
1344 510 1450 539 cum
1477 500 1632 540 multis
1655 501 1757 540 aliis
1784 513 1853 540 sa—

214 575 345 604 cram
366 566 586 616 synaxim
608 566 944 608 ministramus.

293 635 398 676 Duo
416 636 628 687 juvenes,
654 650 851 689 quorum
873 640 991 679 alter
1012 640 1194 691 sardus,
1220 641 1337 680 alter
1357 641 1655 693 burgundus,
1685 649 1730 682 et
1761 654 1853 682 mo-

214 707 466 748 destissimi
488 708 688 760 quidem,
712 716 818 760 post
850 711 1082 761 completa
1111 712 1336 751 exercitia
1364 712 1647 762 spiritualia,
1679 725 1798 764 quae
1828 726 1852 753 a

213 779 346 819 nobis
368 780 414 819 in
436 780 662 820 auxilium
684 781 949 821 animarum
970 782 1173 822 conferri
1195 783 1359 833 solent,
1383 782 1633 824 Societatis
1660 791 1851 825 nostrae

213 850 476 891 institutum
493 852 750 902 elegerunt.
765 851 943 893 Sardus
956 853 1157 904 quidem,
1177 860 1285 894 ante
1304 855 1528 895 exercitia
1542 855 1601 895 ad
1617 867 1702 895 nos
1720 856 1854 896 enixe

212 922 540 973 contendebat,
565 935 689 964 nunc
711 935 825 964 vero
846 925 1062 965 manibus
1085 925 1373 977 pedibusque
1400 926 1563 966 nititur
1593 932 1642 966 ut
1672 927 1719 966 in
1750 939 1855 967 con-

212 993 409 1033 sortium
429 1000 642 1034 nostrum
665 1001 948 1036 assumatur.
973 994 1154 1037 Verum
1174 998 1331 1037 monui
1353 997 1482 1038 illum
1495 1003 1545 1038 ut
1567 998 1851 1050 diligentiori

213 1076 326 1104 cura
346 1066 657 1116 perpenderet
680 1079 739 1106 an
761 1073 943 1107 tantum
959 1068 1045 1107 sibi
1068 1068 1230 1108 talenti
1252 1069 1543 1109 existimaret
1564 1069 1680 1121 dari,
1703 1077 1754 1110 ut
1774 1069 1851 1110 So-

211 1135 395 1175 cietatis
417 1142 606 1177 nostrae
628 1149 772 1178 onera
793 1138 917 1178 ferre
938 1138 1102 1189 possit.
1130 1139 1264 1179 Alter
1285 1151 1399 1180 vero
1417 1140 1463 1180 in
1483 1141 1686 1192 patriam
1704 1153 1853 1181 seces-

212 1207 270 1247 sit
292 1219 368 1247 res
390 1219 501 1248 suas
523 1210 883 1260 compositurus.

291 1277 523 1320 Sacerdos
545 1280 620 1320 ille
641 1280 836 1333 flander,
862 1282 917 1322 de
940 1294 1031 1334 quo
1054 1283 1113 1323 ad
1134 1288 1178 1322 te
1195 1283 1359 1334 paucis
1376 1283 1545 1324 abhinc
1562 1284 1724 1324 diebus
1743 1285 1855 1324 scri-

208 1350 295 1401 psi,
318 1355 417 1391 tum
440 1358 630 1403 propter
653 1350 752 1403 ejus
772 1353 1030 1393 bonitatem
1051 1360 1095 1394 et
1112 1354 1406 1405 modestiam,
1426 1360 1523 1394 tum
1550 1355 1606 1395 ob
1634 1367 1851 1406 perseve-

208 1422 427 1474 rantiam,
452 1435 592 1474 quam
612 1423 659 1464 in
680 1424 757 1464 illo
780 1436 941 1465 sumus
970 1425 1171 1477 experti,
1203 1425 1262 1465 ad
1290 1426 1406 1466 duos
1434 1432 1513 1466 aut
1541 1431 1637 1466 tres
1665 1438 1851 1467 menses

212 1493 464 1545 recipietur
484 1495 532 1534 in
553 1494 780 1536 familiam
801 1502 1013 1536 nostram
1038 1495 1062 1536 ¹.

290 1565 471 1606 Doctor
506 1567 697 1618 quidam
725 1567 994 1618 theologus,
1025 1568 1135 1608 dum
1165 1568 1483 1620 superioribus
1510 1569 1748 1609 mensibus
1777 1570 1852 1609 ad-

209 1648 350 1677 versa
370 1638 607 1678 laboraret
627 1638 911 1690 valetudine,
935 1640 1043 1680 licet
1064 1639 1177 1680 mihi
1198 1640 1467 1691 incognitus
1484 1646 1622 1690 esset,
1642 1652 1715 1680 me
1735 1641 1848 1680 invi-

208 1709 281 1759 sit,
302 1721 440 1761 quem
461 1721 568 1750 cum
588 1721 678 1761 ego
695 1710 958 1762 alloquerer
975 1717 1018 1751 et
1034 1712 1257 1751 nonnulla
1273 1711 1329 1751 de
1345 1712 1471 1752 vitae
1493 1717 1683 1752 nostrae
1701 1712 1851 1752 incer-

207 1781 421 1833 titudine,
446 1782 502 1822 de
522 1783 791 1833 virtutibUS,
817 1783 873 1823 de
894 1795 1003 1823 raro
1026 1795 1112 1823 usu
1134 1795 1297 1823 earum
1318 1783 1443 1834 apud
1469 1782 1683 1824 homines
1711 1782 1847 1834 hujus
1903 1805 1906 1809 ·

208 1854 515 1905 tempestatis,
541 1854 690 1906 deque
709 1855 1013 1895 beatitudinis
1029 1854 1239 1906 praemio
1261 1854 1317 1895 iis
1334 1855 1581 1906 promisso,
1605 1855 1684 1906 qui
1705 1855 1851 1895 talen-

208 1930 307 1965 tum
324 1925 409 1965 sub
426 1931 601 1966 terram
619 1938 713 1966 non
730 1926 1103 1977 abscondissent,
1125 1927 1420 1977 dissererem,
1440 1926 1480 1966 is
1496 1926 1610 1966 mihi
1630 1926 1694 1966 ita
1716 1926 1850 1966 satis-

208 1995 319 2037 fecit
346 2002 396 2037 ut
423 2009 589 2038 verum
616 1998 874 2038 israelitam
908 1998 968 2038 ad
995 2010 1069 2038 me
1097 1998 1284 2038 venisse
1320 1998 1623 2049 crediderim;
1654 2009 1852 2049 cumque

210 2069 267 2108 ab
288 2080 570 2121 unoquoque
587 2069 788 2110 fratrum
808 2075 1078 2110 nostrorum
1099 2069 1437 2110 humanissime
1459 2070 1778 2121 exciperetur,
1802 2076 1846 2109 et

209 2140 255 2180 in
277 2141 498 2181 universa
521 2141 686 2181 domus
708 2141 936 2193 cubicula,
962 2153 1082 2193 quae
1103 2141 1307 2181 invisere
1328 2140 1647 2192 desiderabat,
1673 2152 1723 2181 se
1744 2152 1850 2181 con-

209 2212 405 2264 tulisset,
432 2213 627 2253 lectulos
647 2219 836 2253 nostros
857 2224 997 2265 super
1018 2213 1134 2254 duos
1150 2224 1334 2253 asseres
1351 2218 1395 2253 et
1412 2213 1502 2253 duo
1520 2213 1726 2253 scabella
1745 2224 1852 2253 con-

211 2284 425 2324 cinnatos
454 2284 650 2335 videret,
681 2296 941 2325 conversus
962 2284 1021 2324 ad
1041 2284 1192 2335 binos,
1217 2295 1334 2336 quos
1355 2295 1515 2324 secum
1535 2283 1749 2335 duxerat,
1783 2295 1853 2323 so-

197 2356 322 2396 cios:
348 2367 420 2404 en,
446 2356 608 2407 inquit,
633 2357 858 2407 optimam
879 2356 1007 2396 nacti
1029 2368 1190 2396 sumus
1212 2356 1507 2406 concionem3
1532 2355 1623 2395 hac
1651 2355 1777 2395 enim
1806 2355 1851 2394 in

211 2427 350 2467 domo
371 2427 460 2467 hoc
481 2433 579 2467 tam
600 2428 733 2467 brevi
754 2434 966 2479 tempore
992 2428 1097 2479 plus
1122 2427 1407 2479 profecimus
1436 2438 1578 2478 quam
1605 2426 1644 2466 si
1671 2426 1855 2478 praedi—

199 2499 387 2539 ·cationi
408 2498 796 2539 interfuissemus.

292 2569 491 2621 Quidam
514 2570 631 2610 alius
660 2570 841 2610 Doctor
868 2571 1140 2621 theologus,
1171 2569 1415 2622 cujusdam
1444 2568 1629 2620 collegii
1655 2569 1850 2620 primas,

213 2654 319 2682 cum
341 2642 484 2683 semel
513 2648 636 2682 esset
664 2642 723 2682 ad
746 2640 916 2693 januas
945 2642 1017 2682 sui
1043 2642 1251 2693 collegii,
1276 2648 1320 2682 et
1348 2645 1627 2694 procurator
1649 2639 1769 2691 ejus,
1803 2647 1854 2680 ut

212 2719 282 2753 est
303 2713 463 2764 moris,
489 2726 515 2753 a
537 2713 834 2754 scholasticis
855 2713 1095 2753 extraneis
1116 2713 1342 2764 pecunias
1366 2712 1621 2763 colligeret,
1648 2711 1856 2751 animad-
1914 2757 1916 2759 .

267 2852 276 2871 ¹
318 2849 690 2884 “OlivierMana1·e‚ne
706 2851 726 2877 a
742 2849 1074 2886 Quincy-en-Artois,
1097 2857 1137 2876 en
1163 2849 1240 2884 1523,
1264 2849 1374 2877 admis
1397 2850 1416 2876 a
1437 2848 1535 2876 Paris
1560 2856 1600 2875 en
1626 2847 1705 2882 1550,
1731 2850 1818 2876 mort
1836 2848 1855 2873 it

213 2898 384 2933 Tournay,
400 2899 431 2925 le
446 2898 480 2925 28
494 2899 679 2926 novembre
696 2898 776 2932 1614;
791 2898 811 2925 il
828 2897 966 2932 remplit
982 2898 1030 2925 les
1051 2897 1197 2931 charges
1218 2897 1258 2924 de
1279 2898 1427 2930 recteur,
1443 2896 1483 2923 de
1498 2896 1704 2930 provincial,
1721 2895 1760 2922 de
1777 2895 1856 2923 visi·

214 2950 303 2980 tour,
320 2946 517 2974 d⁷assistant
534 2950 566 2973 et
579 2946 619 2973 de
635 2946 765 2974 vicaire
783 2946 954 2980 general.„
968 2944 1162 2979 DELPLACE,
1180 2946 1200 2973 l.
1217 2952 1246 2973 c.
