2074 3179
234 173 305 210 552
747 171 975 209 LITTERAE
1004 182 1361 214 QUADRlMESTRES

235 275 329 320 tes,
358 269 530 310 fratres
559 269 729 319 nostri,
759 268 971 308 vicissim
991 278 1040 308 se
1068 267 1132 307 ita
1163 268 1345 319 publice
1378 274 1600 309 exercent
1627 275 1672 309 et
1705 269 1872 309 exhor-

237 347 416 391 tantur,
440 340 630 392 quidam
650 339 897 392 prolixius,
924 339 1113 391 quidam
1144 339 1448 390 succinctius,
1478 346 1615 391 prout
1642 339 1873 380 Dominus

237 411 317 451 dat
336 411 542 461 gratiam
569 418 613 451 et
641 411 868 460 occurrit;
898 416 942 451 et
969 416 1082 462 puto
1112 423 1171 450 ex
1197 410 1286 450 hac
1314 411 1670 452 mortificatione
1697 417 1740 452 et
1767 411 1870 451 sim-

235 482 443 533 plicitate
468 494 561 522 non
589 493 790 533 parvum
814 481 1019 522 fructum
1047 482 1229 533 sperari
1262 493 1414 533 posse.
1446 482 1690 523 Faciemus
1715 483 1872 533 itaque

236 558 376 604 prout
395 553 446 593 P.
469 553 528 594 V.
552 553 725 593 bonum
746 553 992 593 videbitur.

319 623 580 664 Occasione
606 622 816 675 ejusdem
843 624 984 664 edicti
1011 623 1247 664 modicum
1280 625 1530 676 perplexus
1563 636 1685 675 sum,
1720 625 1871 677 prohi-

238 695 372 734 betur
394 695 517 735 enim
544 695 628 734 sub
650 706 803 747 poena
824 695 1324 736 excommunicationis
1351 702 1512 736 votum
1532 697 1790 748 privatum,
1828 703 1873 737 et

239 773 398 806 noster
417 778 570 806 novus
597 766 848 817 confrater,
877 766 1030 807 dictus
1057 767 1284 817 Magister
1314 766 1498 818 Petrus,
1531 767 1726 808 libenter
1752 767 1871 808 face-

240 844 309 877 ret
348 844 506 878 votum
540 838 739 890 simplex
774 837 1043 890 Societatis,
1082 850 1177 878 non
1203 838 1417 879 obstante
1449 838 1573 890 quod
1605 838 1874 890 frequenter

239 909 437 950 dixerim
471 910 534 961 ei,
565 921 658 950 non
685 916 842 950 tamen
869 910 1085 962 prohibui
1115 910 1319 961 omnino,
1356 915 1405 949 ut
1433 914 1744 960 exspectaret.
1782 907 1874 949 Sed

240 982 512 1022 consolatur
546 993 619 1022 me
650 982 878 1034 imprimis
908 983 1031 1034 quod
1061 994 1197 1023 nemo
1227 982 1375 1034 possit
1407 981 1654 1033 prohibere
1683 980 1873 1021 bonum.

239 1052 305 1092 20
333 1051 452 1103 Quia
479 1058 591 1102 puto
619 1052 760 1092 etiam
793 1054 912 1093 tales
939 1053 1201 1105 studentes,
1239 1054 1304 1094 ita
1339 1053 1619 1094 deliberatos
1648 1053 1783 1105 plene
1818 1052 1877 1093 ad

240 1122 524 1164 Societatem
551 1130 596 1164 et
618 1123 716 1175 jam
737 1124 979 1165 nobiscum
1005 1124 1293 1175 habitantes,
1324 1124 1540 1175 quamvis
1566 1123 1772 1164 nondum
1799 1135 1876 1163 vo-

240 1201 397 1246 veant,
419 1207 513 1236 non
533 1207 637 1236 esse
657 1202 815 1236 tamen
836 1196 927 1236 hac
948 1196 995 1235 in
1015 1208 1065 1236 re
1087 1196 1172 1236 sub
1185 1195 1508 1248 jurisdictione
1531 1193 1876 1236 Universitatis.

240 1267 297 1306 Et
317 1268 401 1308 vix
422 1267 581 1308 dubito
603 1268 714 1320 quin
737 1268 861 1320 apud
881 1279 931 1308 se
951 1267 1086 1308 brevi
1106 1266 1247 1308 faciet
1265 1272 1441 1307 votum.

320 1337 451 1378 Haec
485 1345 616 1390 sunt,
649 1337 789 1379 Pater
824 1338 952 1389 R.de,
992 1350 1111 1390 quae
1146 1338 1193 1378 in
1226 1339 1602 1390 praesentiarum
1632 1336 1883 1377 scribenda

241 1416 509 1450 occurrunt.
539 1408 674 1461 Rogo
704 1415 748 1449 et
774 1416 881 1461 peto
909 1410 1166 1450 humillime
1195 1422 1222 1450 a
1251 1409 1301 1450 P.
1332 1409 1392 1450 V.
1423 1409 1597 1461 corripi
1626 1415 1670 1449 et
1697 1408 1879 1449 instrui.

321 1480 408 1520 His
427 1481 585 1521 valeat
606 1481 653 1521 in
674 1480 876 1521 Domino
896 1481 1008 1534 Jesu
1028 1481 1077 1521 P.
1102 1481 1162 1522 V.
1187 1487 1231 1522 et
1252 1493 1338 1522 nos
1353 1482 1450 1521 suis
1466 1480 1758 1521 orationibus
1777 1491 1881 1520 san·

241 1552 421 1604 ctisque
443 1552 688 1593 sacrificiis
710 1553 1063 1593 commendatos
1084 1552 1271 1593 habeat.

320 1623 525 1676 Raptim.
548 1624 762 1674 Lovanii,
785 1624 855 1675 p.“²
873 1624 1031 1664 Martii
1053 1636 1175 1664 anno
1198 1624 1386 1664 Domini
1411 1624 1525 1664 1552.

325 1694 378 1734 R.
402 1694 461 1734 V.
486 1706 653 1735 servus
676 1695 721 1734 in
739 1695 955 1736 Domino.

1209 1838 1455 1879 ADRIANUS
1486 1838 1715 1889 ADRIANI,

1331 1944 1374 1971 ab
1397 1943 1589 1977 Antuerpia

321 2054 546 2106 Indignus
567 2053 790 2094 sacerdos
811 2052 1062 2094 Societatis
1083 2053 1209 2106 Jesu.

324 2198 704 2251 Superscrz'ptio:
730 2196 832 2238 R.d0
857 2197 904 2237 in
934 2195 1017 2237 Χ.ο
1045 2195 1174 2236 Patri
1206 2195 1356 2247 Mgro.
1388 2194 1572 2246 Ignatio
1599 2194 1656 2234 de
1686 2193 1884 2246 Loyola,

242 2271 518 2323 Praeposito
545 2269 794 2311 Societatis
824 2269 958 2322 Jesu,
990 2267 1114 2320 apud
1142 2266 1368 2308 Sanctum
1395 2266 1608 2307 Marcum
1634 2265 1682 2306 in
1711 2264 1887 2306 Sancta

244 2343 396 2384 Maria
416 2342 473 2382 de
493 2341 678 2383 Strada.
710 2341 902 2382 Romae.

326 2413 438 2455 Alia
458 2425 630 2454 manu:
662 2412 777 2452 1552.
801 2413 861 2453 Di
882 2411 1109 2453 Lovanio.
1133 2410 1207 2451 Da
1230 2410 1458 2451 Adriano.
