2074 3179
205 114 277 151 322
751 117 976 154 LlrrERAE
1005 129 1363 161 QUADRIMESTRES

205 213 341 253 citer:
365 213 601 254 adducunt
622 215 745 254 enim
761 226 855 254 non
884 226 1077 266 paucos.
1110 215 1239 266 Quae
1270 229 1360 266 res,
1393 218 1481 258 etsi
1502 218 1561 258 sit
1583 218 1850 270 laudabilis,

205 283 326 324 cedit
347 290 504 325 tamen
525 286 647 336 huic,
673 297 813 336 quam
836 284 1132 336 subjungam.

284 354 400 396 Sunt
434 357 623 407 quidam
645 357 888 396 interillos
917 356 1033 397 adeo
1070 357 1288 408 operibus
1318 358 1671 401 misericordiae
1702 361 1845 401 dediti

204 432 266 476 ut,
290 438 487 479 vespere
506 440 528 467 e
546 427 718 467 scholis
735 426 928 478 dimissi,
949 439 1043 467 non
1060 428 1190 479 prius
1207 439 1318 469 suas
1339 435 1566 481 repetant,
1587 442 1728 482 quam
1745 444 1845 472 car-

201 498 386 538 ceribus
408 500 594 539 clausos
615 497 934 547 visitaverint;
960 505 1160 550 suntque
1181 499 1228 539 hi
1248 501 1527 551 praesertim
1547 503 1695 554 pueri,
1721 504 1844 554 quod

202 570 369 610 mirum
391 576 480 621 est,
505 582 768 622 aquamque
789 576 833 610 et
853 569 1033 622 reliqua
1053 582 1173 622 quae
1194 576 1388 622 possunt
1410 583 1494 612 sua
1516 580 1680 624 sponte
1710 575 1843 614 mini-

201 646 372 691 strant;
403 643 674 693 plerumque
704 641 845 681 etiam
876 642 1097 681 collectas
1124 653 1208 693 per
1236 642 1400 682 urbem
1429 643 1753 695 eleemosynas
1783 645 1841 685 ad

200 723 280 752 eos
301 712 538 761 deferunt,
571 718 615 752 et
644 711 703 752 ad
732 712 1079 752 confessionem
1105 713 1353 753 hortantur
1384 713 1710 766 hortandoque
1741 728 1844 767 per·

199 795 339 835 saepe
375 783 497 835 quod
532 784 695 823 volunt
723 783 989 823 conficiunt.
1022 783 1073 823 Id
1099 795 1213 824 vero
1241 796 1296 824 ea
1323 784 1500 825 faciunt
1539 786 1768 826 charitate
1797 794 1841 827 et

197 854 493 906 simplicitate
529 867 584 895 ac
616 854 823 905 fervore,
861 861 910 895 ut
940 855 1227 895 contendant
1262 855 1403 895 etiam
1432 856 1508 907 qui
1531 857 1669 908 primi
1700 840 1834 908 vasa,

196 938 314 978 quae
334 926 381 966 in
402 927 526 966 hunc
547 937 684 966 usum
712 926 798 966 sibi
820 926 1006 977 ipsimet
1036 926 1361 966 adolescentes
1388 934 1740 980 compararunt,
1767 941 1839 969 ar-

195 998 373 1049 repturi
394 997 485 1037 sint
507 1003 555 1037 ut
578 1003 794 1037 caeteros
814 997 1009 1037 vincant
1031 996 1195 1037 officio.
1221 996 1422 1048 Quidam
1453 999 1615 1050 etiam,
1639 999 1753 1040 nihil
1771 998 1839 1050 ju-

194 1068 343 1120 bente,
368 1069 461 1108 imo
483 1080 597 1126 vero
618 1069 890 1120 plerumque
912 1068 1097 1120 penitus
1118 1068 1265 1108 inscio
1288 1076 1618 1121 praeceptore,
1643 1072 1839 1112 eleemo-

192 1151 336 1191 synas
359 1140 406 1179 in
427 1140 612 1191 templis
632 1146 737 1191 post
758 1140 1009 1180 conciones
1031 1145 1074 1179 et
1095 1139 1329 1180 sacrificia
1354 1141 1597 1193 colligunt,
1621 1144 1839 1194 pauperi-

191 1211 296 1262 bus,
335 1211 540 1251 maxime
571 1211 798 1262 aegrotis,
835 1210 1149 1261 elargiendas.
1188 1210 1318 1262 Quae
1353 1223 1428 1251 res
1464 1212 1528 1253 ita
1560 1214 1837 1264 parentibus

191 1283 379 1334 placuit,
404 1289 453 1323 ut
474 1283 685 1335 ipsorum
707 1283 849 1323 etiam
871 1283 1075 1335 quidam,
1099 1283 1213 1323 moti
1233 1283 1434 1324 filiorum
1455 1286 1684 1336 exemplo,
1710 1286 1835 1327 idem

189 1361 351 1405 postea
372 1355 585 1395 fecerint.
606 1355 707 1406 Quo
730 1354 907 1394 factum
929 1360 977 1394 ut
999 1354 1141 1405 aliqui
1158 1355 1502 1396 intolerandam
1520 1356 1693 1408 alioqui
1710 1358 1833 1398 hanc

187 1437 404 1466 annonae
428 1426 684 1466 caritatem
704 1426 884 1466 minore
905 1426 1095 1473 tulerint
1115 1425 1427 1466 incommodo.

265 1497 390 1538 Inter
413 1509 529 1549 quos
550 1509 669 1538 unus
689 1497 942 1549 praecipue
963 1497 1048 1537 fuit
1069 1498 1312 1537 ulcerosus
1334 1498 1586 1538 admodum
1608 1504 1652 1538 et
1685 1500 1830 1539 scabi-

186 1568 271 1609 dus
294 1568 412 1609 adeo
434 1575 483 1609 ut
503 1569 585 1609 vix
607 1569 671 1609 illi
693 1570 813 1609 lecto
835 1568 997 1619 egredi
1020 1568 1202 1620 liceret3
1225 1568 1323 1620 qui,
1348 1580 1455 1609 cum
1484 1570 1719 1610 neminem
1749 1570 1825 1610 ha-

184 1641 332 1692 beret,
358 1653 385 1680 a
406 1652 497 1692 quo
528 1641 604 1680 vel
634 1640 865 1680 tantillum
893 1639 1232 1690 sublevaretur,
1262 1651 1412 1691 paene
1441 1640 1690 1680 videbatur
1718 1640 1829 1692 hye-

184 1723 305 1752 mem
325 1723 419 1752 non
440 1712 629 1752 visurus
651 1717 931 1761 extremam,
956 1710 995 1750 si
1016 1722 1110 1750 non
1131 1710 1315 1761 morbo,
1345 1710 1468 1751 fame
1497 1717 1623 1751 certe
1656 1712 1828 1762 peritu-

182 1794 275 1824 rus.
291 1782 441 1834 Hujus
457 1783 600 1834 igitur
617 1783 921 1835 praecipuam
938 1793 1100 1822 curam
1117 1782 1205 1833 ipsi
1222 1789 1537 1834 sumpserunt,
1554 1789 1602 1823 ut
1619 1783 1827 1835 quotidie

182 1861 408 1906 quantum
443 1855 558 1895 satis
593 1862 738 1904 esset,
768 1854 807 1894 si
833 1853 970 1894 modo
998 1853 1245 1905 haberent,
1276 1853 1341 1893 illi
1366 1853 1615 1894 deferrent.
1649 1854 1827 1895 Diebus

180 1938 293 1966 vero
315 1926 448 1966 festis
475 1937 760 1978 quamquam
789 1925 848 1965 ad
874 1924 1175 1976 gymnasium
1201 1936 1499 1976 nequaquam
1528 1925 1821 1975 accederent,

178 2009 265 2049 par
293 2003 394 2038 erat
421 2004 580 2038 tamen
608 1997 697 2037 illis
726 2008 861 2047 cura,
894 2007 952 2036 ne
983 1995 1234 2047 quicquam
1261 1995 1369 2035 huic
1399 1995 1598 2048 deesset,
1629 1996 1822 2037 factum-

178 2081 266 2121 que
296 2076 367 2110 est
404 2076 453 2110 ut
487 2068 669 2121 hyemis
704 2068 946 2108 molestias
981 2067 1201 2108 evaserit.
1232 2067 1283 2107 In
1312 2067 1385 2107 his
1416 2076 1574 2108 autem
1601 2068 1825 2120 operibus

175 2141 329 2181 adhuc
351 2146 623 2181 constanter
644 2144 970 2192 perseverant.

253 2211 358 2252 Non
385 2211 552 2252 desunt
580 2223 696 2263 quos
724 2209 1060 2262 ingrediendae
1088 2208 1338 2250 Societatis
1366 2209 1648 2250 desiderium
1677 2216 1821 2259 tenet,

174 2284 344 2335 quique
378 2283 423 2323 id
457 2282 769 2335 patefaciant:
802 2293 969 2322 verum
1002 2286 1217 2320 nostrum
1245 2286 1316 2321 est
1343 2287 1528 2321 maturo
1556 2281 1603 2320 in
1632 2281 1720 2321 hoc
1750 2281 1819 2321 uti

172 2355 384 2405 consilio,
402 2355 558 2406 itaque
575 2353 664 2394 illis
680 2364 858 2404 negare
875 2358 925 2393 ut
942 2363 1072 2403 spem
1089 2357 1246 2392 tamen
1267 2363 1362 2392 non
1384 2351 1669 2392 auferamus.
1688 2352 1818 2392 Haec

172 2426 228 2466 de
247 2425 545 2466 scholasticis
563 2424 775 2465 sufficere
788 2435 926 2475 posse
944 2423 1163 2463 arbitror.
1183 2421 1303 2463 Nam
1316 2435 1371 2463 ea
1384 2434 1503 2474 quae
1520 2423 1579 2463 ad
1593 2422 1817 2462 lectiones

170 2503 456 2549 caeteraque
478 2497 747 2536 scholarum
769 2495 997 2535 exercitia
1025 2499 1263 2546 spectant,
1296 2506 1402 2534 cum
1430 2493 1544 2534 nihil
1570 2494 1816 2534 immutata

172 2568 281 2620 sint,
305 2568 593 2621 superfluum
613 2566 802 2607 omnino
824 2565 962 2606 fuerit
984 2564 1039 2605 de
1060 2565 1133 2605 his
1154 2565 1408 2617 quicquam
1429 2565 1598 2605 dicere.

248 2639 580 2680 Confitentium
603 2649 717 2678 vero
744 2648 991 2677 numerum
1012 2636 1051 2676 si
1072 2636 1228 2677 dicere
1259 2636 1527 2687 aggrediar,
1559 2647 1727 2676 vereor
1758 2648 1816 2676 ne

168 2711 397 2751 minorem
426 2722 541 2750 vero
572 2707 889 2749 enumerando
918 2707 1105 2747 faciam.
1142 2706 1262 2747 Nam
1298 2712 1394 2747 tota
1428 2706 1813 2758 quadragesima,

166 2782 365 2833 singulis
392 2781 576 2832 diebus,
608 2791 714 2820 cum
742 2784 937 2831 propter
962 2777 1239 2830 jubilaeum,
1269 2783 1367 2818 tum
1393 2783 1585 2829 propter
1610 2777 1811 2827 Pascha,

165 2859 296 2893 tanta
317 2853 486 2893 horum
507 2851 567 2892 ad
587 2863 674 2891 nos
696 2849 922 2891 confluxit
943 2849 1213 2900 multitudo,
1237 2854 1287 2889 ut
1308 2860 1366 2888 ne
1387 2848 1426 2888 si
1457 2854 1599 2888 noctu
1625 2848 1812 2900 quidem

164 2924 336 2976 diuque
358 2923 521 2964 audire
541 2922 873 2972 voluissemUS‚
897 2920 1012 2961 satis
1028 2932 1114 2960 nos
1135 2907 1345 2960 facturos
1365 2919 1509 2959 fuisse
1530 2919 1808 2960 existimem.
