2074 3179
894 168 977 204 Ax.
1009 166 1095 203 1551
1742 164 1808 201 301

180 268 321 309 vertit
349 266 465 306 duos
492 278 549 305 ex
576 265 797 304 fratribus
824 263 997 303 nostris
1019 263 1448 315 appropinquantes
1471 267 1518 301 ut
1557 262 1808 307 solverent,

179 349 300 390 quos
321 338 394 378 ille
415 347 626 376 seorsum
643 347 840 384 yocans:
863 333 1081 386 numquid
1107 346 1200 374 non
1220 333 1332 373 estis
1363 344 1387 372 e
1414 331 1647 372 Societate
1674 332 1812 384 Jesu?

185 409 270 450 Ubi
291 419 388 448 rem
410 407 474 447 ita
494 418 596 447 esse
611 406 852 457 comperit,
872 417 964 445 non
981 404 1190 456 permisit
1206 410 1255 444 ut
1273 403 1523 453 solverent,
1545 403 1656 453 quin
1674 402 1814 441 etiam

184 480 229 519 in
251 479 513 519 cubiculum
534 489 668 517 suum
689 477 835 525 duxit,
859 477 934 516 ubi
956 475 1169 527 promisit
1191 485 1374 515 omnem
1396 485 1589 524 operam
1610 484 1758 513 suam.

264 549 368 589 Duo
389 548 510 599 laici,
535 547 753 599 conjugio
775 547 994 598 copulati,
1019 547 1283 586 habitantes
1313 544 1410 584 fere
1434 545 1480 584 in
1501 545 1665 584 ultima
1687 544 1816 583 urbis

184 627 331 671 parte,
356 631 438 670 per
459 630 632 659 annum
661 618 856 669 singulis
885 618 1045 657 diebus
1075 616 1321 657 dominicis
1352 615 1411 655 ad
1442 627 1527 655 nos
1556 614 1817 654 confessuri

184 697 379 743 peccata
401 703 486 731 sua
506 690 750 740 accedunt,
775 690 940 741 quibus
962 695 1006 728 et
1027 692 1377 728 sacramentum
1394 685 1721 726 Eucharistiae
1740 685 1816 725 ad-

186 763 492 802 ministratur.
515 761 690 802 Eorum
711 772 832 801 unus
853 761 917 800 ait
947 772 1016 810 se,
1043 759 1099 799 ab
1128 759 1293 798 eodem
1320 765 1553 809 tempore,
1579 768 1669 808 quo
1697 756 1820 796 hunc

186 833 376 873 vivendi
397 832 585 872 modum
611 843 865 882 aggressus
893 836 983 880 est,
1015 830 1132 870 adeo
1165 830 1210 869 in
1238 840 1287 869 se
1318 828 1546 868 nutritum
1568 827 1820 879 patientiae

187 904 400 954 spiritum
421 909 485 953 ut,
510 903 587 954 qui
609 902 718 942 olim
739 914 843 942 cum
865 913 1010 941 uxore
1038 913 1123 941 sua
1151 911 1334 951 semper
1356 899 1536 939 discors
1554 904 1677 949 erat,
1698 909 1821 938 nunc

187 976 245 1014 sit
266 974 324 1014 ad
345 974 601 1014 maximam
621 973 841 1013 redactus
863 972 1182 1011 concordiam.

264 1044 432 1096 Opinio
453 1050 524 1084 est
544 1044 797 1084 multorum
817 1050 926 1083 tunc
949 1054 1118 1083 nomen
1135 1041 1385 1083 Societatis
1402 1046 1591 1082 nostrae
1608 1040 1815 1080 futurum

184 1117 231 1156 in
252 1117 340 1156 hac
361 1115 602 1155 academia
625 1115 822 1164 celebre,
846 1125 951 1154 cum
973 1114 1139 1163 aliquis
1161 1126 1219 1153 ex
1241 1114 1333 1162 illa,
1357 1113 1431 1152 vir
1449 1112 1552 1163 pius
1571 1117 1617 1152 et
1634 1111 1817 1161 doctus,

187 1194 264 1227 aut
299 1186 656 1227 concionabitur
690 1191 769 1225 aut
805 1186 941 1235 leget,
980 1196 1090 1224 nam
1125 1184 1234 1235 quid
1261 1196 1346 1224 nos
1376 1184 1421 1223 in
1451 1189 1581 1223 tanto
1608 1183 1819 1222 virorum

187 1258 473 1298 eruditorum
495 1263 631 1297 coetu
650 1257 921 1308 possumus?

269 1329 542 1380 Quemdam‚
579 1328 657 1379 qui
692 1327 1005 1367 anathematis
1034 1326 1178 1377 nodo,
1216 1326 1464 1366 intervallo
1502 1326 1705 1376 quinque
1741 1330 1821 1363 aut

187 1411 272 1440 sex
306 1410 555 1448 annorum,
581 1398 1017 1449 constringebatur,
1052 1409 1157 1436 cum
1180 1396 1381 1436 adverso
1416 1395 1822 1436 reconciliabimus

189 1471 374 1511 homine
396 1470 791 1521 absolutionisque
812 1469 1089 1509 beneficium
1111 1469 1153 1508 ei
1175 1468 1446 1508 curavimus
1468 1467 1686 1518 impendi.

274 1542 501 1593 Plerique,
526 1552 723 1592 quorum
744 1541 933 1580 nomina
956 1540 1015 1580 ad
1036 1546 1079 1579 te
1109 1539 1372 1589 transmisi,
1397 1539 1566 1578 obnixe
1595 1550 1667 1578 me
1689 1549 1823 1588 roga-

193 1619 313 1664 runt,
333 1619 382 1652 ut
398 1619 441 1652 te
460 1623 542 1664 per
558 1623 726 1652 nomen
743 1611 934 1651 Domini
949 1610 1108 1651 Nostri
1123 1610 1234 1663 Jesu
1253 1609 1429 1651 Christi
1446 1609 1757 1659 obsecrarem,
1776 1614 1825 1648 ut

195 1685 296 1723 illos
324 1690 368 1723 et
397 1683 660 1723 orationum
687 1689 730 1722 et
758 1683 971 1722 laborum
1000 1688 1043 1721 et
1074 1682 1282 1721 omniurn
1312 1681 1543 1721 bonorum
1577 1680 1826 1720 universae

194 1754 441 1795 Societatis
467 1761 676 1805 nostrae,
707 1760 946 1805 tamquam
980 1753 1224 1793 Praelatus
1255 1751 1353 1804 ejus
1384 1751 1650 1801 GeneraliS,
1681 1751 1827 1791 velles

194 1826 292 1866 fieri
318 1825 589 1878 participes,
621 1831 665 1865 et
690 1824 825 1876 hujus
851 1825 916 1865 tui
942 1836 1163 1864 assensus
1191 1824 1371 1864 litteras
1407 1823 1466 1863 ad
1494 1834 1573 1863 eos
1600 1823 1825 1871 mitteres,

194 1898 517 1948 promittentes
547 1909 595 1937 se
624 1908 808 1948 quoque
839 1902 985 1936 totam
1013 1895 1432 1946 congregationem
1459 1900 1670 1934 nostram
1704 1893 1827 1933 altis-

193 1969 309 2008 simo
331 1969 432 2008 Deo
454 1968 878 2008 commendaturos.

275 2039 474 2090 Quidam
495 2038 623 2079 hisce
644 2038 805 2078 diebus
827 2038 1019 2087 flander,
1040 2036 1226 2088 juvenis
1248 2036 1639 2085 modestissimus,
1665 2035 1703 2074 si
1725 2035 1829 2086 quis

193 2111 328 2161 alius,
353 2111 400 2150 in
419 2111 703 2161 palaestram
724 2109 1056 2149 exercitiorum
1083 2108 1395 2159 spiritualium
1426 2118 1475 2146 se
1506 2106 1722 2154 contulit,
1751 2105 1829 2145 ubi

195 2193 302 2221 cum
322 2181 518 2231 mundo,
543 2192 684 2220 carne
706 2186 750 2220 et
772 2180 954 2219 diabolo
978 2179 1193 2227 dimicat,
1228 2178 1284 2219 de
1313 2189 1402 2230 quo
1432 2177 1663 2218 viciniora
1691 2176 1830 2216 saluti

199 2263 458 2303 speramus.

279 2323 410 2363 Duos
431 2322 641 2362 misimus
661 2322 871 2373 Romam,
897 2333 1011 2373 quos
1034 2321 1131 2373 jam
1158 2319 1428 2373 propediem
1459 2319 1518 2360 ad
1545 2331 1630 2359 vos
1661 2318 1830 2359 adven-

199 2400 329 2434 turos
350 2405 594 2445 speramus
618 2392 642 2433 ¹.

279 2464 442 2505 Studia
463 2463 626 2504 eadem
647 2470 754 2504 sunt
773 2464 972 2504 fratrum
993 2475 1112 2515 quae
1134 2463 1277 2515 prius,
1301 2463 1390 2502 hoc
1408 2473 1501 2502 uno
1520 2461 1723 2513 dempto,
1746 2460 1830 2500 sci-

197 2537 318 2587 licet,
357 2536 479 2588 quod
512 2535 602 2576 duo
629 2547 687 2575 ex
714 2535 803 2575 illis
831 2535 1036 2575 studium
1071 2534 1388 2585 theologicum
1423 2533 1743 2584 arripuerunt,
1775 2531 1832 2571 de

197 2607 364 2659 quibus
384 2619 474 2647 non
497 2606 687 2646 memini
709 2618 769 2646 an
791 2606 1078 2657 scripserim.

279 2678 495 2729 Reliqua,
518 2689 637 2729 quae
657 2677 704 2717 in
730 2676 828 2717 dies
848 2677 983 2727 fiunt,
1012 2689 1097 2717 nec
1120 2676 1325 2716 scribere
1353 2686 1440 2715 nec
1466 2674 1732 2715 meminisse
1759 2679 1832 2713 sat

199 2760 405 2800 possum.

258 2933 265 2952 ¹
306 2932 452 2965 Joannes
467 2931 624 2966 Baptista
639 2932 797 2959 Tavonus
813 2937 844 2959 et
861 2931 1065 2965 joachimus.
1084 2932 1146 2959 Hic
1162 2930 1357 2963 joachimus
1372 2929 1427 2956 ille
1446 2928 1581 2955 videtur
1595 2935 1685 2960 esse,
1711 2928 1750 2954 de
1767 2935 1830 2961 quo

204 2980 395 3013 DELPLACE,
413 2980 433 3006 l.
450 2986 478 3006 c.
494 2986 571 3013 pag.
593 2979 606 3005 3
624 2980 650 3005 ³.
