2074 3179
842 222 924 258 AN.
958 221 1047 258 1552
1686 222 1757 259 :313

126 328 313 363 sumunt
335 321 624 373 supplicium.
650 320 797 361 Unius
820 330 844 358 e
866 319 1023 358 multis
1044 318 1296 358 recensebo
1325 319 1638 358 severitatem.
1668 319 1754 359 No-

126 394 273 434 tarius
295 393 368 432 hic
389 391 487 441 fuit,
508 390 639 442 cujus
657 390 882 442 grandior
898 396 1009 429 natu
1027 389 1161 436 filius,
1182 389 1272 429 duo
1294 389 1416 428 enim
1439 387 1607 428 fratres
1624 390 1757 429 nobis

128 465 239 504 dant
256 475 461 515 operam,
481 464 657 502 nullum
673 461 821 502 necin
838 461 1045 501 moribus
1067 472 1151 500 nec
1175 461 1221 499 in
1242 471 1292 499 re
1313 460 1540 499 litteraria
1558 460 1756 510 gradum

128 535 349 585 faciebat,
380 534 489 585 quin
518 534 658 573 etiam
686 534 883 573 aliorum
919 532 1084 571 studiis
1110 542 1283 582 magno
1313 538 1412 571 erat
1444 531 1756 580 incommodo,

130 612 178 646 ut
206 606 282 657 qui
310 605 600 645 continenter
628 604 730 644 illos
765 605 1016 643 lacesseret
1045 602 1245 653 injuriis,
1279 602 1506 641 conviciis
1533 608 1576 641 et
1605 603 1756 641 minis.

130 677 264 716 Hunc
286 676 467 716 blandis
489 675 677 715 monitis
697 675 755 714 ab
777 675 832 714 iis
854 680 1068 713 avertere
1090 680 1133 712 et
1156 674 1201 712 in
1222 673 1462 712 meliorem
1482 672 1665 723 frugem
1693 685 1761 712 re-

131 759 303 787 vocare
323 747 582 797 satagimus
603 758 687 797 pro
708 745 854 795 virili,
878 756 1225 795 nonnumquam
1245 743 1491 793 minamur,
1515 750 1758 791 terremus,

130 824 367 870 postremo
390 829 626 868 rogamus.
652 817 829 857 Verum
849 816 925 856 ubi
946 827 1032 855 nos
1062 827 1253 866 operam
1280 814 1439 854 ludere
1468 814 1761 855 animadver-

131 890 285 940 timus,
310 889 418 940 quid
441 889 495 928 de
517 901 571 928 eo
590 888 823 939 agendum
839 887 1149 927 deliberamus
1170 892 1214 926 et
1235 886 1527 926 decernimus
1548 887 1760 937 progeni-

130 960 219 1000 tori
241 958 620 1011 significandum,
645 959 767 1010 quod
789 969 894 998 cum
921 957 1212 1006 rescivisset,
1243 969 1351 996 ecce
1379 964 1567 1008 postero
1600 957 1671 996 die
1703 957 1763 997 ad

133 1031 379 1081 collegium
402 1031 619 1079 accurrit,
644 1030 785 1069 filium
808 1028 1174 1080 comprehendit,
1195 1028 1354 1078 nudat,
1374 1029 1666 1079 arreptisque
1687 1028 1763 1067 fla-

131 1102 265 1153 gellis
287 1101 624 1150 acerbissimiS,
650 1112 720 1140 me
742 1100 955 1149 absente,
987 1099 1157 1138 mirum
1188 1099 1234 1138 in
1262 1099 1451 1138 modum
1479 1099 1646 1138 caedit.
1670 1099 1760 1138 Au-

134 1173 280 1212 disses
301 1171 515 1223 planctus
537 1178 674 1222 atque
695 1170 907 1222 ejulatus,
930 1176 979 1210 ut
1001 1170 1321 1210 carnificinam
1340 1182 1432 1210 non
1462 1170 1763 1221 gymnasium

134 1243 347 1283 dixisses.
367 1242 632 1282 Intervenio
655 1253 742 1292 ego
765 1242 896 1292 eique
918 1241 1158 1281 saeviendi
1178 1241 1225 1280 in
1244 1241 1387 1281 filium
1403 1241 1541 1281 finem
1557 1241 1760 1292 impono,

135 1316 242 1355 licet
270 1325 430 1354 coram
458 1313 691 1361 omnibus,
722 1313 918 1352 aderant
944 1313 1066 1352 enim
1095 1324 1254 1352 omnes
1285 1312 1609 1364 condiscipuli,
1642 1313 1765 1352 illius

135 1387 262 1438 piam
289 1385 437 1437 patris
470 1385 517 1424 in
552 1384 694 1423 filium
721 1384 1022 1423 severitatem
1050 1384 1404 1424 commendans:
1433 1384 1507 1423 ille
1536 1395 1650 1423 vero
1679 1395 1766 1423 nos

138 1456 414 1497 obsecrabat
435 1467 492 1495 ne
515 1455 623 1506 quid
644 1455 691 1494 in
712 1461 951 1506 posterum
971 1454 1091 1494 filius
1113 1455 1299 1506 impune
1321 1455 1476 1494 ferret.

214 1527 261 1568 Si
284 1534 438 1567 autem
458 1532 568 1577 quot
588 1538 646 1565 ex
668 1532 797 1565 tanto
814 1537 1009 1565 numero
1026 1526 1300 1576 religionem
1319 1526 1519 1576 ingressi
1536 1526 1627 1565 sint
1645 1526 1765 1565 scire

137 1599 389 1648 desideras,
414 1598 531 1637 certi
552 1597 790 1648 quidpiam
810 1608 903 1636 non
925 1596 1075 1636 ausim
1096 1608 1320 1647 asserere,
1345 1608 1428 1636 sex
1449 1608 1509 1636 an
1532 1603 1652 1637 octo:
1675 1598 1765 1636 hoc

136 1677 292 1710 autem
309 1669 563 1709 indubitate
581 1668 795 1717 referam,
816 1667 1009 1707 totidem
1029 1666 1311 1707 Societatem
1327 1667 1546 1708 affectare
1559 1675 1768 1708 nostram

139 1751 448 1792 summopere,
471 1751 613 1779 unum
635 1739 778 1788 obest,
803 1739 925 1790 quod
942 1739 988 1778 in
1006 1744 1204 1790 quatuor
1225 1745 1355 1779 aetas
1377 1751 1469 1779 non
1491 1739 1666 1790 patitur
1683 1751 1769 1779 nec

138 1813 196 1852 ad
219 1824 321 1852 eam
342 1823 625 1861 mensuram,
650 1822 790 1862 quam
806 1810 1109 1861 praescripsit
1131 1810 1179 1850 P.
1205 1810 1274 1859 T.‚
1299 1816 1611 1851 excreverunt
1635 1809 1659 1850 ¹.

217 1882 312 1923 Nec
339 1894 452 1922 vero
489 1888 846 1934 praeceptorum
881 1887 925 1921 et
959 1881 1157 1921 aliorum
1192 1881 1391 1921 fratrum
1424 1888 1694 1922 nostrorum
1723 1882 1770 1921 in

140 1954 228 1994 illis
250 1953 541 1993 instituendis
562 1952 855 1992 sedulitatem
876 1958 921 1992 et
942 1953 1159 1992 ardorem
1176 1952 1419 1992 charitatis
1436 1953 1618 1992 silentio
1640 1965 1769 2003 prae-

111 2025 114 2027 ’
142 2025 304 2065 teribo.
326 2024 674 2075 Discipulorum
695 2024 818 2063 enim
840 2035 1013 2071 mores,
1038 2023 1209 2074 studia,
1243 2024 1489 2063 commoda
1516 2036 1609 2064 non
1636 2036 1773 2064 secus

144 2108 198 2136 ac
221 2107 301 2135 sua
325 2102 504 2134 curant.
528 2093 701 2134 Videre
725 2100 794 2133 est
814 2093 910 2133 fere
932 2106 1032 2145 eos,
1056 2101 1304 2145 postquam
1324 2106 1519 2146 pensum
1541 2107 1675 2135 suum
1698 2096 1770 2135 ab·

144 2168 345 2206 solutum
380 2165 704 2215 reddiderunt,
744 2165 941 2204 caeteris
977 2164 1328 2216 diligentissime
1364 2177 1495 2205 suam
1533 2173 1775 2217 praestare

144 2249 348 2289 operam.
382 2237 471 2276 Iste
500 2236 632 2286 legit,
666 2236 740 2275 ille
774 2236 1032 2286 examinat,
1070 2237 1145 2276 hic
1181 2237 1387 2276 themata
1423 2238 1657 2287 emendat,
1697 2239 1777 2278 alii

145 2309 278 2349 aliter
296 2307 462 2359 juvare
479 2312 690 2347 caeteros
705 2318 789 2357 pro
806 2306 928 2346 virili
946 2313 1078 2357 parte
1107 2313 1286 2347 curant.
1311 2307 1458 2348 Mirus
1486 2314 1640 2348 autem
1662 2310 1778 2349 odor

144 2391 226 2431 per
246 2385 392 2418 totam
412 2377 679 2418 Ferrariam
701 2376 757 2417 de
778 2376 1010 2417 Societate
1030 2377 1140 2430 Jesu
1163 2389 1355 2429 sparsus
1376 2385 1459 2418 est.
1480 2379 1779 2420 Gubernator

145 2450 349 2491 civitatis
370 2449 429 2489 ad
450 2448 711 2498 ecclesiam,
730 2449 776 2488 in
798 2460 887 2500 qua
908 2449 1241 2500 sacrificamus,
1262 2450 1506 2499 accedens,
1526 2463 1779 2502 puerorum

146 2522 379 2573 pietatem,
399 2520 695 2560 devotionem
717 2531 771 2559 ac
792 2519 1098 2560 humilitatem
1114 2520 1159 2560 in
1177 2521 1405 2561 audienda
1425 2521 1584 2571 Missa,
1606 2534 1780 2573 magna

145 2603 251 2632 cum
286 2592 608 2641 admiratione,
639 2591 841 2630 immotis
869 2591 1016 2631 oculis
1051 2592 1317 2643 spectabat3
1356 2592 1478 2633 idem
1505 2593 1782 2633 Reverendo

144 2663 346 2703 Domino
369 2662 564 2703 Vicario
590 2660 831 2713 [contigit]
851 2673 858 2713 3
882 2662 1004 2702 idem
1032 2663 1245 2714 plurimis
1274 2663 1570 2704 diversarum
1598 2664 1784 2715 religio-

146 2723 269 2785 num,
285 2734 362 2785 qui
375 2734 432 2774 ob
445 2733 485 2773 id
503 2733 635 2773 nobis
648 2733 695 2772 in
708 2732 910 2773 Domino
929 2735 1332 2784 congratulantur.
1352 2734 1578 2775 Parentes
1597 2735 1781 2783 omitto,

201 2846 210 2865 ¹
250 2846 431 2879 “Quamvis
447 2849 583 2880 optaret
600 2845 635 2871 P.
658 2844 811 2879 Ignatius
826 2845 944 2879 augeri
961 2852 1075 2872 eorum
1090 2853 1283 2879 numerum,
1301 2846 1355 2880 qui
1373 2845 1537 2873 Societati
1555 2853 1588 2873 se
1606 2854 1785 2873 contecta-

146 2896 240 2927 bant,
257 2894 425 2920 delectum
440 2898 554 2920 tamen
570 2892 687 2919 haberi
702 2893 842 2919 volebat
857 2899 895 2919 ac
911 2893 1116 2926 pracsertim
1130 2893 1163 2920 in
1177 2897 1303 2927 aetate,
1318 2897 1350 2920 et
1368 2900 1576 2920 mensuram
1593 2894 1783 2927 longitudi-

148 2943 204 2968 nis
218 2942 260 2968 ad
275 2940 439 2968 Rectores
454 2940 681 2975 Collegiorum
697 2940 849 2973 miserat,
867 2940 909 2967 ad
926 2947 1027 2974 quam
1048 2944 1184 2968 statura
1207 2948 1339 2974 eorum,
1364 2941 1419 2975 qui
1445 2940 1580 2968 admitti
1604 2943 1787 2976 optabant,

148 2990 372 3023 exigeretu1·„;
389 2988 556 3022 POLANco,
574 2988 709 3020 Chron„
724 2991 745 3015 t.
760 2995 793 3022 11,
809 2995 887 3022 pag.
904 2989 964 3022 194,
982 2996 1012 3015 n.
1035 2990 1079 3016 67.
1102 2989 1210 3023 Hujus
1233 2996 1411 3016 mensurae
1435 2989 1467 3016 in
1489 2990 1643 3024 pluribus
1660 2989 1787 3024 Ignatii

146 3041 182 3064 et
197 3037 338 3064 Polanci
353 3037 480 3064 litteris
495 3036 621 3063 mentio
637 3036 685 3063 fit.

338 3096 386 3130 Τ.
412 3107 436 3131 1.
1505 3107 1546 3142 33
