2074 3179
180 112 255 149 294
698 109 925 147 LITTERAE
954 121 1315 153 QUADRmEsTREs

184 208 322 247 liceat
344 207 544 258 impune,
565 206 664 258 jam
684 219 777 246 non
799 207 903 246 dico
925 204 1138 257 pejerare
1160 214 1239 247 aut
1259 207 1584 259 blasphemum
1606 211 1724 259 esse,
1744 209 1826 249 sed

182 290 241 317 ne
266 278 361 317 levi
394 277 582 329 quidem
605 277 871 328 juramento
900 277 1153 328 quicquam
1178 278 1298 318 velle
1326 279 1622 319 convincere.
1655 279 1826 319 Statuit

184 361 287 389 eam
309 349 357 388 in
377 360 475 389 rem
496 360 673 401 poenas
694 359 779 399 pro
796 346 1060 399 jusjurandi
1082 353 1160 388 aut
1182 348 1383 390 hominis
1402 350 1586 390 ratione
1615 350 1827 401 irrogan-

185 420 292 471 das3
331 419 742 471 flagitantibusque
774 424 888 459 natu
922 424 967 458 et
1001 418 1228 470 dignitate
1258 419 1612 472 grandioribus,
1649 421 1827 473 primos

181 492 363 544 judices
389 491 665 532 Emmanuel
695 496 853 530 noster
889 491 1030 541 elegit
1061 502 1197 542 qu05‚
1237 496 1282 530 et
1315 490 1442 532 vitae
1476 492 1747 544 integrioris
1783 498 1827 533 et

186 563 374 613 linguae
392 561 845 613 temperantissimae
862 573 979 612 esse,
1001 561 1391 613 deprehenderat.
1411 562 1592 603 Novem
1604 575 1829 615 passuum

186 633 388 673 millibus
410 633 467 672 ab
489 644 544 672 eo
566 632 737 684 oppido
760 631 978 673 Conchae
1001 632 1170 672 civitas
1192 632 1343 684 abest,
1368 638 1413 673 et
1434 639 1590 673 tamen
1619 634 1830 674 nonnulli

184 705 311 745 illinc
340 704 785 757 profisciscebantur
821 704 1103 744 concionum
1137 704 1454 744 Emmanuelis
1490 705 1830 745 audiendarum

182 788 345 816 causa.
369 775 587 817 Conchae
610 775 751 815 etiam
773 780 843 815 est
863 775 1171 815 concionatus
1194 775 1253 814 ad
1274 776 1496 827 populum
1526 788 1620 816 non
1649 775 1829 816 minore

185 848 426 888 hominum
443 847 706 899 frequentia
724 858 863 898 quam
879 846 1208 886 benevolentia
1224 852 1283 897 et,
1303 852 1353 886 ut
1374 858 1634 898 speramus,
1653 847 1826 887 fructu.

182 920 396 960 Tandem
418 918 477 959 ad
499 930 584 958 nos
610 929 850 969 reversus,
882 917 930 958 Ρ.
962 917 1266 958 Villanovam
1294 916 1487 968 adjuvat
1509 918 1556 958 in
1584 918 1830 970 expedien-

185 990 258 1031 dis
278 991 417 1031 rebus
446 989 677 1042 plurimis,
708 989 874 1041 quibus
901 1000 1019 1040 pene
1048 989 1183 1029 ambo
1208 989 1345 1030 simul
1372 1001 1510 1042 pares
1533 990 1615 1030 vix
1636 1001 1739 1030 esse
1767 989 1831 1029 vi-

188 1062 370 1102 dentur.

267 1133 479 1174 Exerciti
512 1138 619 1173 sunt
647 1132 719 1172 his
747 1132 909 1173 diebus
934 1132 1123 1184 plurimi
1144 1132 1362 1173 diversae
1384 1132 1667 1173 conditionis
1688 1132 1834 1172 homi-

186 1217 286 1256 nes,
306 1205 487 1245 nobiles
508 1204 699 1256 quidam
720 1202 978 1256 conjugati,
999 1203 1181 1255 medici,
1201 1204 1410 1255 theologi
1431 1211 1476 1245 et
1498 1204 1618 1245 inter
1639 1215 1720 1244 eos
1741 1209 1837 1244 tres

188 1277 353 1317 Patres
365 1275 648 1316 Mercenarii
666 1274 676 1294 ¹
695 1288 754 1316 ex
766 1275 839 1315 his
857 1276 937 1327 qui
951 1275 1184 1327 Compluti
1200 1276 1459 1327 penetralia
1477 1287 1722 1316 sacrarum
1739 1275 1837 1315 lite-

187 1360 351 1389 rarum
368 1348 555 1389 adeunt.
578 1347 699 1387 Nam
715 1347 804 1387 hoc
817 1346 962 1399 judex
978 1347 1265 1389 Academiae
1283 1348 1436 1400 (quem
1453 1349 1837 1388 conservatorem

173 1420 381 1474 vocant)
402 1420 561 1460 multis
578 1419 819 1460 contendit
838 1419 1074 1471 precibus,
1099 1420 1311 1460 exerceri
1327 1425 1372 1460 et
1392 1420 1492 1471 ipse
1513 1430 1621 1460 cum
1647 1418 1838 1470 reliquis

190 1492 406 1532 Patribus
429 1491 516 1532 sibi
537 1491 802 1531 commissis
823 1491 1032 1543 cupiens.
1057 1491 1130 1532 Ex
1158 1491 1382 1542 Collegio,
1406 1490 1531 1543 quod
1558 1503 1585 1531 a
1607 1489 1837 1541 dignitate

191 1563 341 1616 Majus
362 1569 552 1614 vocant,
573 1563 696 1603 unde
719 1562 1006 1603 Academiae
1022 1570 1232 1603 rectores
1254 1569 1475 1603 creantur
1502 1562 1717 1614 undeque
1740 1561 1835 1601 uni-

189 1647 360 1676 versae
378 1634 635 1687 Hispaniae
653 1634 862 1685 theologi
878 1646 933 1674 ac
951 1634 1310 1675 concionatores
1327 1640 1371 1674 et
1389 1634 1601 1674 ecclesiis
1619 1639 1664 1673 et
1682 1633 1835 1673 cathe-

191 1707 290 1747 dris
310 1706 538 1758 propositi
565 1705 907 1756 ministrantur,
931 1705 1142 1745 nonnulli
1170 1711 1292 1757 sunt,
1316 1705 1394 1756 qui
1425 1704 1731 1745 libentissime
1764 1715 1835 1743 sa-

192 1790 300 1819 cros
322 1778 547 1818 orationis
568 1783 612 1817 et
640 1777 956 1817 meditationis
984 1776 1164 1817 fructus
1192 1782 1435 1828 caperent,
1467 1776 1507 1816 si
1537 1776 1694 1827 aliqua
1724 1776 1840 1815 relu-

190 1856 320 1891 ceret
343 1848 587 1890 commode
608 1849 654 1889 id
680 1847 995 1900 prosequendi
1022 1848 1363 1900 opportunitas.
1397 1847 1650 1888 Sanctione
1682 1852 1840 1887 tamen

193 1922 498 1972 institutoque
520 1921 589 1960 sui
611 1920 851 1971 gymnasii
878 1920 1187 1970 deterrentur,
1218 1931 1309 1971 quo
1329 1919 1468 1970 gravi
1498 1906 1672 1959 mulcta
1705 1930 1840 1958 cave-

196 2001 268 2034 tur
289 2005 346 2033 ne
366 1992 468 2044 quis
495 2004 554 2032 ex
575 1991 768 2042 collegis
789 1992 886 2032 suis
908 1997 1044 2031 extra
1062 1990 1322 2043 Collegium
1339 1996 1582 2043 pernoctet
1600 1990 1691 2030 nisi
1708 1995 1843 2030 extra

193 2065 355 2116 oppidi
390 2075 548 2104 muros
583 2069 767 2114 agatur.
798 2062 891 2103 Sed
920 2062 1108 2102 obviam
1134 2062 1337 2103 eundum
1364 2068 1434 2102 est
1468 2061 1625 2114 aliqua
1661 2061 1843 2102 ratione

197 2136 439 2188 praedicto
463 2135 721 2185 obstacuIO,
746 2146 803 2174 ne
825 2146 992 2174 ansam
1019 2133 1126 2174 inde
1147 2134 1347 2174 daemon
1374 2133 1571 2184 arripiat
1592 2143 1692 2172 rem
1721 2143 1844 2172 com-

198 2207 523 2247 modissimam
544 2190 903 2246 interturbandi.

281 2278 517 2330 Siguntini
534 2285 578 2318 et
596 2277 897 2318 Conchenses
914 2283 959 2317 et
976 2288 1149 2317 venere
1167 2277 1298 2317 multi
1315 2283 1359 2317 et
1373 2276 1561 2318 venturi
1577 2281 1698 2327 sunt,
1713 2286 1842 2327 prae-

202 2351 366 2390 sertim
403 2362 461 2390 ex
495 2349 710 2400 collegio,
748 2348 874 2400 quod
909 2348 1002 2388 illic
1038 2348 1273 2400 theologis
1303 2354 1373 2388 est
1409 2348 1605 2397 celebre,
1644 2356 1846 2398 quorum

202 2421 400 2462 exerciti
430 2427 537 2461 sunt
567 2420 672 2471 duo,
706 2420 897 2472 reliquis
925 2419 1158 2470 venturis,
1192 2419 1231 2459 si
1258 2431 1364 2471 spes
1396 2418 1603 2459 arrideat
1630 2429 1710 2458 eos
1746 2417 1845 2457 fore

203 2491 511 2544 recipiendos.
537 2491 716 2532 Doctor
738 2491 956 2543 Vei-gara
980 2491 1168 2542 scripsit
1185 2490 1234 2530 Ρ.
1258 2496 1420 2530 nostro
1437 2490 1721 2531 Villanovae
1743 2499 1846 2528 esse

205 2563 329 2616 apud
350 2575 399 2603 se
421 2562 675 2613 (Conchae>
693 2562 1031 2603 monasterium
1052 2561 1176 2601 Divo
1193 2560 1449 2601 Francisco
1467 2560 1689 2608 dicatum,
1714 2558 1846 2610 cujus

204 2634 516 2676 Provincialis
532 2633 798 2686 Rectorque
815 2645 921 2674 cum
937 2633 1088 2684 prima
1108 2632 1437 2683 religiosorum
1452 2631 1670 2683 portione
1688 2635 1848 2682 optent

204 2706 419 2747 exerceri
439 2711 577 2757 atque
599 2717 703 2745 eam
724 2705 770 2745 in
791 2716 890 2744 rem
911 2703 1031 2744 mitti
1049 2703 1136 2743 sibi
1158 2703 1360 2754 aliquem
1377 2715 1435 2743 ex
1456 2702 1675 2742 Patribus
1696 2700 1848 2742 Socie-

207 2779 317 2818 tatis
338 2778 594 2829 postulent,
619 2776 840 2828 aJuntque
861 2787 910 2815 se
931 2775 977 2815 in
1006 2780 1241 2815 conventu
1272 2775 1414 2815 totius
1436 2773 1627 2823 ordinis,
1663 2784 1769 2813 cum
1790 2772 1851 2812 ad

265 2939 274 2958 ¹
317 2939 438 2966 Patres
455 2939 591 2967 Ordinis
607 2940 643 2967 B.
660 2939 700 2967 M.
720 2939 872 2973 Virginis
889 2939 927 2966 de
945 2938 1109 2971 Mercede,
1125 2945 1186 2973 pro
1202 2936 1434 2971 redemptione
1450 2934 1678 2970 captivorum.
