2074 3179
853 169 936 205 Ax.
969 169 1060 206 1550
1677 173 1749 210 233

114 261 273 311 batur,
312 261 400 301 nisi
436 262 718 303 obstitissem
757 275 864 315 egO,
901 265 1028 305 illam
1068 265 1166 305 voti
1201 274 1463 317 compotem
1498 268 1616 318 fore,
1654 281 1746 309 non

115 331 215 371 sine
236 332 369 372 ruina
391 332 536 384 ipsius
556 335 840 375 monasterii.
865 334 1056 376 Sublata
1075 336 1273 387 proinde
1291 338 1416 377 omni
1437 349 1518 389 spe
1540 338 1746 389 hujusce-

115 402 243 442 modi
263 403 524 455 electionis,
549 404 667 444 duae
688 411 847 456 partes
865 406 1134 457 eligentium
1151 413 1195 446 et
1214 419 1267 447 eo
1286 409 1485 459 amplius
1503 409 1560 448 ad
1577 410 1745 459 eligen-

114 472 223 513 dum
258 474 508 525 quamdam
541 476 702 524 aliam,
727 482 770 516 et
792 484 945 518 aetate
975 484 1019 519 et
1050 478 1316 519 conditione
1337 481 1743 531 praestantiorem,

115 555 199 583 sua
222 545 375 584 studia
397 552 745 597 converterunt;
775 560 865 599 qua
888 550 1056 600 electa,
1081 555 1335 590 tractatum
1357 557 1426 591 est
1449 551 1504 590 de
1526 551 1745 591 reforma-

114 614 239 654 tione
260 616 551 667 monasterii‚
576 618 699 668 quod
728 620 967 669 negotium
994 620 1040 660 in
1068 620 1266 660 reditum
1294 620 1448 661 Patris
1473 621 1663 673 Laynez
1685 622 1746 662 di-

115 686 261 725 latum
282 692 366 726 est.

193 754 285 796 Sub
306 756 421 797 haec
450 758 497 797 in
523 759 736 799 morbum
763 760 923 801 incidit
953 761 1182 802 Dominus
1204 761 1401 803 Praeses
1428 762 1434 780 ¹
1459 764 1588 813 apud
1610 775 1747 815 quem

113 828 445 867 consolationis
467 827 564 879 ejus
586 841 729 870 causa
750 832 901 872 mansi
921 843 1038 883 pene
1067 833 1282 873 assiduus
1314 834 1390 873 diu
1418 842 1651 886 noctuque
1670 846 1676 885 3
1700 835 1745 874 in

113 909 404 950 quocumque
438 899 502 939 illi
535 901 664 951 potui
699 901 886 953 adesse,
916 915 1009 944 non
1037 904 1160 944 defui
1196 904 1346 944 officio
1383 917 1499 945 meo.
1538 905 1629 945 Ter
1665 912 1745 945 aut

113 973 278 1019 quater
320 969 366 1009 in
401 971 539 1021 gravi
574 977 618 1011 et
646 974 844 1013 molesta
871 974 948 1013 illa
984 986 1068 1014 sua
1102 975 1371 1016 infirmitate
1402 976 1644 1016 confessus
1675 984 1746 1017 est

112 1039 239 1089 mihi,
263 1046 306 1079 et
329 1041 468 1080 toties
489 1053 675 1083 sacram
706 1045 1080 1085 communionem
1107 1047 1327 1098 suscepit.
1359 1046 1433 1087 Ab
1464 1047 1629 1087 eodem
1649 1060 1744 1088 non

113 1111 287 1150 recessi
307 1111 455 1152 donec
477 1113 682 1154 animam
712 1127 846 1155 suam
872 1116 994 1164 Deo,
1019 1118 1227 1157 omnium
1253 1118 1481 1169 Creatori,
1512 1119 1741 1160 redderet.

115 1181 337 1232 Migravit
360 1183 516 1235 itaque
537 1197 595 1224 ex
616 1184 704 1225 hoc
726 1188 915 1226 saeculo
936 1187 1053 1228 adeo
1081 1196 1264 1239 sancte,
1294 1201 1397 1229 meo
1425 1190 1610 1241 quidem
1628 1190 1744 1241 judi-

115 1252 209 1302 ci0,
240 1258 288 1293 ut
321 1260 532 1305 optarem
561 1267 830 1306 supremum
857 1258 979 1298 diem
1004 1259 1129 1299 vitae
1163 1272 1295 1300 meae
1329 1267 1425 1301 tam
1459 1261 1582 1301 felici
1616 1262 1745 1302 exitu

115 1323 371 1364 terminari.
401 1325 505 1376 Ipso
534 1326 606 1366 die
633 1328 938 1379 exequiarum
965 1329 1090 1369 Unus
1119 1330 1284 1371 Petrus
1314 1331 1623 1372 Ribadeneira
1645 1345 1745 1373 ora-

114 1395 286 1435 tionem
320 1395 562 1437 funebrem
599 1398 780 1449 habuit,
817 1410 908 1450 qua
938 1400 1236 1441 manifestum
1266 1402 1501 1453 specimen
1532 1404 1746 1444 omnibus

112 1466 326 1517 praebuit
349 1467 601 1518 singularis
623 1474 667 1509 et
687 1470 942 1510 memoriae
963 1477 1007 1511 et
1022 1471 1285 1512 facundiae.

190 1535 327 1577 Pater
349 1537 560 1578 Minister
580 1538 592 1557 Ξ
612 1541 909 1592 prosequitur
932 1548 1180 1582 consuetas
1211 1555 1320 1583 suas
1350 1545 1601 1585 conciones
1620 1547 1744 1597 apud

115 1607 400 1660 Conversas,
425 1609 642 1661 auditque
670 1611 864 1652 subinde
890 1614 1234 1665 nonnullarum,
1260 1627 1379 1666 quae
1402 1617 1460 1656 ad
1482 1617 1571 1656 hoc
1593 1617 1745 1668 ipsum

114 1679 427 1730 postularunt,
452 1681 784 1723 confessiones.
867 1689 869 1692 ’

194 1749 510 1791 Concionatur
542 1764 723 1805 quoque
749 1754 886 1794 solito
911 1766 1041 1795 more
1080 1762 1125 1796 et
1159 1756 1214 1796 D.
1254 1757 1426 1798 Paulus
1456 1757 1468 1776 ³
1498 1759 1743 1798 dominicis

114 1820 276 1861 diebus
296 1821 343 1861 in
363 1823 534 1874 templo
555 1823 920 1865 Misericordiae.

193 1891 244 1932 In
264 1894 637 1942 praesentiarum
656 1895 940 1937 incumbitur
965 1899 1263 1939 renovationi
1289 1901 1541 1940 lectionum
1562 1907 1607 1941 et
1628 1901 1747 1941 ordi-

114 1962 294 2002 nationi
315 1964 581 2006 scholarum
603 1972 665 2017 ut,
688 1967 838 2018 primo
862 1980 984 2008 anno
1007 1970 1268 2010 studiorum
1289 1972 1492 2019 evoluto,
1510 1973 1746 2023 sequentis

114 2040 289 2074 novata
311 2035 465 2075 studia
485 2048 596 2077 mox
616 2045 802 2078 sumant
825 2039 1084 2081 exordium.

193 2105 299 2158 Jam
319 2107 571 2147 constituta
591 2114 660 2148 est
681 2109 845 2150 domus
866 2121 948 2150 seu
967 2110 1195 2153 habitatio
1212 2114 1523 2164 novitiorum,
1548 2127 1746 2166 quorum

115 2176 291 2216 nullum
317 2177 472 2218 adhuc
500 2180 790 2230 suscepimus
821 2181 912 2221 nisi
940 2181 1085 2222 filium
1117 2183 1361 2235 cujusdam
1380 2185 1623 2237 Doctoris,
1655 2188 1745 2227 etsi

114 2258 206 2287 non
225 2248 363 2298 pauci
386 2260 488 2289 sese
509 2250 642 2290 nobis
663 2250 875 2292 offerant.
905 2252 999 2293 Res
1029 2254 1140 2305 ista,
1177 2260 1227 2295 ut
1257 2261 1301 2295 et
1331 2256 1451 2296 aliae
1471 2258 1740 2309 nonnullae,

115 2317 323 2358 differtur
343 2330 489 2371 usque
510 2321 569 2361 ad
591 2321 842 2363 adventum
865 2322 987 2364 Suae
1003 2325 1321 2367 Excellentiae
1339 2333 1383 2367 et
1399 2328 1575 2379 pariter
1593 2328 1746 2369 Patris

117 2388 215 2428 Dgni
230 2390 436 2441 Laynez.

193 2460 335 2501 Aliud
356 2461 403 2501 in
424 2464 662 2513 praesenti
683 2466 888 2506 occurrit
907 2467 1036 2508 nihil.

195 2530 367 2572 Omnes
393 2533 657 2574 orationum
684 2541 951 2578 vestrarum
981 2538 1225 2591 suffragiis.
1249 2552 1335 2581 nos
1366 2541 1601 2581 humiliter
1622 2553 1744 2582 com-

116 2602 404 2643 mendamus.

192 2673 412 2715 Panormi
431 2674 638 2725 Siciliae,
663 2678 870 2719 calendis
893 2679 1056 2720 Octob.
1086 2681 1200 2721 1550.

194 2744 255 2783 In
277 2745 456 2796 2.⁰f0l.
480 2747 567 2798 v.0,
590 2759 734 2788 mann
756 2750 928 2790 Patris
949 2751 1181 2792 Polancos
1201 2753 1272 2793 Ex
1293 2753 1542 2804 Panormo,
1567 2754 1738 2795 Sicilia.

174 2879 183 2898 ¹
223 2879 458 2909 Ferdinandus
474 2882 514 2909 de
530 2882 647 2917 Vega,
663 2883 802 2916 Joannis
816 2885 856 2913 de
873 2885 971 2921 Vega
988 2886 1076 2915 filius
1091 2892 1173 2916 natu
1189 2889 1308 2923 major.

169 2926 183 2945 ⁸2
222 2927 258 2954 P.
272 2927 417 2956 Michael
431 2929 594 2956 Botellus.

168 2973 183 2991 ⁵
220 2974 295 3008 Ipse
308 2976 503 3004 litterarum
517 2977 674 3012 scriptor,
692 2978 726 3007 P.
741 2979 866 3007 Paulus
878 2981 1064 3009 d'Achillis.
