2074 3179
258 144 330 181 682
772 143 1002 181 LITTERAE
1028 155 1387 187 QUADmMESTREs

259 240 408 290 gister
437 239 688 291 Quintinus
708 238 890 281 Sarlart
922 240 949 292 ¹,
979 253 1085 282 cum
1111 242 1370 283 eruditione
1397 248 1494 284 tum
1520 244 1692 296 pietate
1719 248 1902 298 conspi-

259 323 390 361 cuus,
418 311 579 363 ignoto
602 311 755 351 adhuc
777 310 872 352 ΞΜ
893 311 1005 365 Jesu
1025 314 1330 354 contubernio
1351 326 1401 354 se
1423 314 1648 367 adjunxit,
1673 316 1751 367 qui
1772 323 1903 358 ortos

260 383 476 434 equidem
497 383 742 434 tumultUS,
761 381 858 434 jam
875 383 1151 435 degustatus
1172 385 1417 436 exercitia,
1438 386 1615 426 minimi
1636 385 1768 438 fecit,
1792 389 1903 439 quid

261 454 394 494 dico?
417 454 558 493 immo
580 454 790 494 maximi.
813 454 934 495 Nam
955 456 1315 497 candidissimus
1336 457 1557 507 omnium,
1582 458 1772 498 solertia
1794 470 1901 510 qua-

260 525 392 576 dam,
432 536 574 577 quam
608 537 694 577 ope
728 527 879 566 solum
909 527 1053 567 solius
1081 527 1271 579 spiritus
1298 528 1493 569 edoctus
1526 535 1647 580 erat,
1681 529 1903 581 quidquid

260 596 539 647 contingere
559 597 731 648 potuit,
754 597 801 637 in
828 609 964 638 usum
991 610 1126 638 suum
1153 599 1457 640 saluberrime
1486 602 1744 652 convertit,
1779 602 1903 641 omni

258 668 481 708 nimirum
501 667 640 708 modo
658 674 929 709 contestans
945 681 994 709 se
1011 682 1105 710 non
1120 670 1232 723 Jesu
1248 676 1429 711 tantum
1447 672 1528 712 sed
1545 678 1589 712 et
1606 673 1760 712 crucis
1779 684 1903 714 ama-

260 745 426 780 torem.

341 811 419 851 Ad
438 822 511 851 me
536 811 757 863 deveniO,
781 813 878 864 qui,
902 813 1291 854 incarcerationis
1313 814 1386 854 die
1407 814 1650 855 confessus
1681 815 1902 855 Euchari-

260 882 472 934 stiaeque
495 889 793 924 sacramento
815 884 1170 936 corroboratus,
1192 885 1446 925 Falconem
1467 884 1481 903 Ξ
1513 886 1755 937 ingressus
1783 898 1902 937 sum,

259 954 458 1005 locoque
483 960 786 1007 temporeque
817 956 1003 996 statutis
1031 968 1138 997 cum
1167 956 1272 996 aliis
1296 957 1680 1008 praeceptoribus
1708 969 1905 1009 pransu-

260 1036 360 1076 rus,
387 1037 550 1066 coram
572 1026 753 1078 quibus,
779 1027 940 1067 audita
961 1039 1081 1079 quae
1102 1028 1331 1079 agebatur
1350 1027 1510 1068 fabula
1531 1027 1684 1068 Patris
1705 1028 1905 1069 Adriani

262 1102 306 1136 et
328 1095 578 1147 Regentis‚
602 1109 709 1138 cum
729 1098 850 1138 inter
870 1110 974 1139 sese
996 1099 1300 1140 contulissent
1322 1110 1513 1151 causas,
1539 1105 1703 1140 contra
1724 1099 1901 1151 Regen-

259 1173 355 1208 tem
377 1168 762 1220 suffragabantur
783 1169 939 1221 nobis,
962 1168 1359 1222 Paedagogioque
1379 1182 1622 1222 magnam,
1649 1171 1705 1210 ob
1726 1171 1815 1211 hoc
1842 1170 1906 1210 fa-

261 1240 461 1291 cinoris,
487 1239 690 1291 cladem,
713 1247 902 1293 praeter
923 1252 1155 1282 summum
1176 1241 1399 1293 dedecus,
1422 1242 1665 1282 imminere
1685 1241 1903 1282 formida-
1948 1238 1951 1239 ⁷

261 1311 389 1352 bant.
415 1310 508 1352 Sed
528 1312 654 1364 quod
673 1313 958 1353 verebantur
978 1312 1108 1353 Deus
1128 1320 1328 1354 avertat.
1353 1313 1590 1364 Quantum
1610 1314 1724 1353 mihi
1754 1313 1903 1365 profe-

263 1383 379 1424 cerit
402 1383 481 1423 illa
502 1389 774 1436 tempestas,
793 1385 952 1425 verbis
974 1385 1198 1436 consequi
1217 1385 1473 1436 nequirem.
1494 1385 1601 1426 Fuit
1622 1386 1744 1425 enim
1765 1385 1904 1426 unica

260 1453 358 1495 fere
379 1466 547 1506 causa,
571 1467 692 1507 quae
713 1456 773 1496 ad
795 1456 949 1496 studia
970 1455 1218 1497 Societatis
1238 1468 1311 1497 me
1333 1456 1556 1508 compulit
1578 1468 1671 1496 non
1692 1457 1904 1497 dubitan-

260 1532 355 1566 tem
385 1538 490 1578 eos,
529 1527 609 1578 qui
634 1527 710 1567 hic
738 1527 1149 1579 persequutionem
1173 1528 1414 1580 patiuntur
1440 1534 1632 1580 propter
1657 1527 1901 1579 justitiam,

260 1597 446 1638 futuros
469 1598 579 1639 olim
607 1599 744 1649 regni
770 1605 1013 1639 consortes
1040 1611 1096 1640 ac
1122 1611 1236 1651 prae
1263 1599 1462 1640 caeteris
1490 1599 1740 1650 gloriosos.
1775 1599 1906 1640 Post-

262 1681 403 1720 quam
425 1676 581 1710 autem
602 1681 675 1710 me
696 1669 923 1710 fratribus
944 1670 1216 1722 adenctum
1235 1682 1396 1711 rumor
1415 1671 1646 1722 vulgavit,
1670 1683 1782 1711 usus
1804 1671 1905 1712 Col-

260 1741 370 1791 legii
393 1741 653 1793 denegatus
675 1748 746 1782 est
766 1742 915 1782 nobis.
939 1742 1189 1783 Caeterum
1209 1742 1389 1782 Doctor
1410 1743 1601 1794 quidam
1621 1743 1901 1794 theologiae,

261 1818 425 1853 nostro
447 1813 655 1864 nomine,
687 1812 939 1854 Rectorem
968 1813 1187 1865 Collegii‚
1219 1825 1245 1853 a
1275 1813 1394 1854 Lilio
1426 1814 1734 1865 denominati,
1766 1825 1905 1866 super

261 1884 352 1924 hac
372 1896 424 1924 re
447 1885 657 1936 contulit,
682 1885 760 1936 qui
782 1884 973 1925 tandem
990 1896 1085 1925 non
1106 1885 1259 1925 solum
1279 1885 1456 1925 aditum
1477 1885 1731 1935 concessit,
1756 1884 1838 1925 sed
1859 1892 1902 1925 et

259 1956 414 2007 ipsum
435 1956 645 1996 funditus
667 1955 928 2008 Collegium
948 1943 1135 2007 obtulit,
1160 1956 1342 1997 duabus
1363 1957 1486 1997 areis
1509 1956 1639 1997 obice
1669 1963 1806 2008 porta
1838 1956 1903 1996 di-

260 2027 485 2068 stinctum
509 2039 565 2068 ac
586 2028 716 2068 velut
739 2028 931 2080 duplex,
957 2026 1089 2079 cujus
1110 2028 1308 2068 alteram
1336 2034 1519 2079 partem
1552 2027 1752 2068 fratrum
1778 2027 1904 2068 habi-

260 2099 446 2151 tationi,
471 2100 670 2140 alteram
686 2098 939 2150 juventuti,
965 2099 1235 2139 eorumdem
1257 2099 1428 2139 iudicio
1449 2099 1807 2150 gubernandae,
1831 2099 1907 2139 de-

259 2170 473 2222 putabat.

339 2241 477 2282 Alius
518 2241 707 2294 quidam
746 2254 911 2283 sacrae
950 2242 1215 2294 theologiae
1254 2242 1568 2293 Licentiatus,
1610 2241 1906 2283 Cancellario

262 2313 505 2364 quondam
540 2314 800 2365 convictor,
836 2314 1084 2365 magnifice
1117 2314 1378 2366 pollicetur,
1410 2314 1660 2365 impetrata
1693 2313 1901 2365 erigendi

260 2384 459 2436 Collegii
480 2385 718 2436 facultate,
743 2397 792 2426 se
813 2391 995 2426 tantum
1015 2397 1280 2426 annuorum
1301 2385 1534 2426 redituum
1554 2385 1601 2425 in
1621 2383 1905 2427 Societatem

259 2456 545 2497 collaturum
566 2463 792 2509 quantum
820 2457 1022 2509 quinque
1047 2468 1191 2497 sexve
1224 2456 1448 2497 fratribus
1475 2456 1793 2496 sustentandis
1824 2456 1903 2496 ho-

264 2695 269 2698 ·
314 2684 324 2704 ¹
369 2684 423 2711 Sic
441 2684 547 2711 nitide
573 2687 607 2711 et
627 2684 805 2718 perspicue
827 2682 1008 2710 admodum
1023 2686 1092 2709 tum
1105 2682 1344 2716 autographae
1360 2680 1486 2717 Sylvii,
1503 2684 1575 2708 tum
1597 2681 1830 2716 apographae,
1848 2682 1902 2708 lit-

261 2735 370 2759 terae.
387 2731 494 2759 Mirae
510 2739 592 2758 vere
608 2735 686 2758 sunt
701 2731 734 2759 in
749 2731 802 2758 his
815 2730 1059 2764 monumentis,
1075 2733 1108 2756 et
1123 2730 1229 2757 etiam
1243 2729 1276 2757 in
1291 2729 1390 2756 editis
1410 2729 1522 2763 libris,
1539 2730 1778 2763 cognominum
1792 2733 1904 2756 muta-

260 2777 372 2807 tiones
388 2784 421 2807 et
438 2779 534 2814 quasi
550 2779 853 2813 metamorphoses.
868 2778 958 2812 Hoc,
974 2778 1061 2812 quod
1074 2778 1226 2812 plerique
1242 2780 1399 2804 auctores
1414 2777 1567 2804 scribunt
1583 2776 1767 2808 Charlart,
1781 2777 1824 2803 ab
1840 2777 1904 2803 hoe
1932 2801 1934 2803 .

260 2826 399 2861 Sylvio‚
427 2827 479 2855 cui
503 2828 587 2854 bene
612 2830 712 2854 notus
732 2830 807 2853 erat
820 2826 1010 2860 QuintinuS,
1026 2825 1189 2853 scribitur
1205 2824 1368 2858 sarlarm
1389 2831 1410 2852 a
1425 2824 1628 2860 Patrignani
1646 2825 1679 2852 in
1693 2824 1903 2858 Menologz'o,

260 2872 443 2908 Ciarlart,·
459 2874 633 2902 latinitate
648 2877 785 2909 postea,
808 2877 845 2901 ut
869 2873 973 2901 moris
997 2876 1089 2908 erat,
1115 2873 1276 2900 donatum
1297 2876 1330 2900 et
1354 2873 1387 2900 in
1409 2873 1589 2907 hispanum
1604 2880 1822 2906 conversum,
1837 2872 1903 2900 hac.

260 2922 403 2949 tandem
419 2923 528 2950 forma
543 2922 631 2957 apud
646 2922 881 2956 Nmmmmmc,
906 2921 1062 2948 Varones
1076 2921 1234 2954 ilustreS,
1248 2920 1373 2955 prodit:
1392 2920 1541 2948 Carleto.

315 2969 328 2987 ²
375 2968 561 3004 Collegium
577 2977 635 2996 seu
649 2969 900 3004 paedagogium
914 2968 1084 2996 Falconis.
