2074 3179
232 186 303 222 420
748 184 976 221 LITTERAE
1004 195 1364 226 QUADRiMEsTREs

232 282 507 323 confitentes
535 281 679 321 auditi
706 281 893 320 luerunt
914 280 1079 331 paucis
1099 279 1201 319 istis
1229 279 1405 330 diebus,
1436 279 1494 319 ad
1516 281 1639 320 mille
1661 281 1764 332 plus
1784 280 1863 320 mi-

231 366 319 394 nus
336 354 550 394 accessit.
570 354 641 393 Ex
658 352 825 404 quibus
842 351 989 402 multi,
1009 351 1106 391 suis
1123 350 1315 401 flagitiis
1330 351 1541 392 tenacius
1554 351 1864 392 adhaerentes

232 437 372 476 quam
401 425 564 465 salutis
586 423 706 464 ratio
727 423 1006 474 postularet,
1029 422 1185 473 plures
1208 433 1357 461 annos
1378 433 1405 461 a
1425 422 1733 462 saluberrimo
1757 434 1863 463 con-

230 498 449 538 fessionis
477 500 774 536 sacramento
793 494 841 534 in
864 505 1020 534 seram
1040 493 1293 533 commissa
1313 492 1499 544 piacula
1519 499 1717 534 mortem
1740 493 1863 534 diffe-

230 575 401 618 rentes,
422 568 782 617 abhorruerant,
801 576 998 616 eamque
1015 577 1132 605 cane
1149 563 1281 616 pejus
1301 569 1347 604 et
1365 575 1519 615 angue
1537 564 1747 617 oderant,
1769 577 1862 605 cre-

230 641 327 681 bris
355 637 752 680 admonitionibus
780 637 944 687 illecti,
984 636 1260 688 resipiscere
1291 641 1546 686 coeperunt
1579 641 1623 675 et
1648 636 1794 676 vitam
1819 637 1864 676 in

229 713 394 753 melius
417 715 779 752 commutarunt.

310 783 551 835 Quaedam
567 781 806 832 meretrix,
826 781 996 821 multos
1015 791 1165 820 annos
1182 791 1328 820 coeno
1345 779 1650 831 spurcissimo
1663 779 1865 819 libidinis

231 857 464 905 involuta,
493 854 683 894 tandem
710 853 935 893 beneficio
963 851 1272 892 confessionis
1300 851 1508 899 emersit,
1534 862 1681 902 eoque
1702 862 1776 891 res
1798 863 1863 890 re-

227 929 311 968 diit
338 934 409 977 ut,
443 938 559 978 quas
581 925 851 977 amplexata
873 924 1041 973 fuerat,
1063 923 1220 963 carnis
1246 923 1528 974 voluptates,
1559 928 1605 962 et
1625 927 1786 973 turpes
1807 934 1865 961 ex

229 999 557 1052 prostitutione
589 997 801 1049 corporis
831 1001 1053 1048 quaestus
1081 994 1392 1035 detestaretur
1428 1000 1472 1034 et
1500 993 1863 1043 abominaretur,

228 1072 434 1122 nihilque
457 1069 582 1110 aliud
604 1069 651 1108 in
672 1068 797 1108 votis
819 1067 1014 1107 haberet
1043 1077 1184 1118 quam
1211 1067 1258 1106 in
1279 1065 1506 1117 religione
1527 1076 1576 1105 se
1598 1070 1744 1104 totam
1765 1064 1866 1104 Deo

228 1153 523 1184 consecrare.

308 1214 382 1255 Ad
402 1213 535 1263 haeC,
557 1212 684 1252 circa
702 1211 825 1251 diem
844 1210 1014 1250 festum
1036 1208 1386 1260 Assumptionis
1402 1208 1638 1260 gloriosae
1654 1206 1869 1258 Virginis

227 1286 420 1336 Mariae,
444 1283 776 1336 quamplurimi
792 1282 925 1322 nobis
943 1287 1051 1321 sunt
1068 1280 1271 1321 confessi
1292 1286 1337 1320 et
1358 1279 1590 1331 spirituali
1611 1278 1729 1329 cibo,
1754 1289 1867 1318 vero

227 1359 303 1397 illo
339 1357 615 1407 angelorum
650 1365 790 1405 pane,
830 1352 952 1403 pasti
987 1357 1106 1399 sunt;
1147 1363 1205 1392 ex
1240 1351 1407 1403 quibus
1433 1349 1642 1390 nonnulli
1672 1348 1869 1400 singulis

226 1429 485 1481 quibusque
509 1425 761 1473 mensibus
785 1437 879 1464 non
901 1423 1039 1476 pauci
1061 1428 1230 1462 octavo
1253 1433 1435 1473 quoque
1457 1421 1545 1472 die,
1571 1426 1669 1461 tum
1691 1420 1866 1460 confes-

226 1501 392 1550 sionis,
416 1505 515 1539 tum
542 1497 719 1547 altaris,
751 1508 845 1536 non
871 1496 971 1535 sine
1000 1495 1145 1535 multo
1175 1494 1364 1534 fervore
1391 1499 1436 1533 et
1457 1492 1647 1544 spiritus
1669 1492 1866 1531 oblecta-

226 1573 375 1623 tione,
406 1575 706 1611 sacramenta
740 1567 1061 1619 frequentant,
1093 1577 1292 1617 quorum
1319 1564 1550 1605 mentibus
1582 1563 1868 1603 inculcatum

229 1650 312 1695 est,
350 1644 449 1683 sine
477 1640 711 1693 frequenti
738 1640 904 1679 horum
933 1638 1235 1690 perceptione
1262 1648 1357 1676 non
1383 1635 1521 1676 modo
1547 1635 1595 1675 in
1614 1634 1867 1674 virtutibus

203 1731 205 1734 ·
230 1722 274 1756 et
296 1715 394 1756 vita
422 1712 654 1765 spirituali
682 1721 963 1763 progressus
990 1720 1190 1760 magnos
1216 1720 1311 1748 non
1337 1707 1458 1758 fieri,
1483 1706 1565 1746 sed
1584 1717 1671 1746 nec
1692 1717 1719 1745 a
1741 1705 1867 1745 vitiis

229 1794 273 1827 et
295 1786 503 1838 peccatis
529 1791 607 1824 aut
625 1790 766 1833 certe,
792 1788 871 1822 aut
892 1781 975 1821 vix
991 1780 1216 1820 abstineri
1236 1791 1391 1831 posse.

305 1859 500 1909 Insuper
523 1868 550 1896 a
571 1855 820 1907 plerisque,
841 1859 938 1893 tam
959 1851 1152 1904 plebejis
1173 1858 1217 1892 et
1237 1851 1465 1892 tenuioris
1487 1849 1768 1890 conditionis
1790 1848 1866 1887 ho-

226 1930 440 1979 minibus,
460 1940 601 1980 quam
617 1926 922 1967 nobilioribus
939 1931 984 1965 et
1001 1923 1341 1976 potentioribus
1358 1921 1576 1972 civitatis,
1599 1920 1657 1961 ad
1679 1919 1864 1960 audien-

227 2003 311 2042 das
332 2001 622 2041 infirmorum
650 1997 970 2038 confessiones
997 1996 1185 2047 saepius
1207 1994 1507 2045 accersimur,
1532 1998 1576 2033 et
1597 1992 1645 2032 in
1665 1991 1868 2043 gratiam

227 2072 536 2125 quorumdam
570 2077 760 2110 nostrae
795 2067 1044 2109 Societatis
1074 2067 1349 2117 amicorum,
1382 2065 1563 2117 quibus,
1594 2064 1642 2104 in
1668 2063 1865 2103 honesta

225 2143 503 2196 praesertim
525 2142 764 2194 petitione,
789 2152 883 2180 non
905 2139 1207 2191 acquiescere
1235 2149 1330 2177 non
1355 2136 1613 2188 potuimus,
1639 2133 1868 2186 quaedam

227 2215 565 2256 monacharum
587 2212 811 2253 coenobia
841 2210 1109 2260 invisimus,
1137 2209 1293 2260 ibique
1323 2208 1656 2248 nonnullarum
1692 2204 1867 2246 confes-

229 2288 385 2327 siones
407 2286 532 2338 (quia
553 2290 845 2333 cunctarum,
865 2293 948 2333 per
968 2281 1126 2321 varias
1145 2279 1477 2331 occupationes
1499 2277 1664 2330 quibus
1687 2282 1864 2317 aestua-

230 2370 345 2409 mus,
369 2369 462 2398 non
483 2356 671 2405 licebat)
695 2354 977 2395 audivimus

308 2429 433 2469 Inter
454 2434 643 2468 caetera
663 2427 801 2476 bona,
826 2437 946 2477 quae
962 2424 1164 2476 plurima
1184 2423 1336 2463 Deum
1354 2420 1591 2473 Optimum
1611 2418 1867 2459 Maximum

230 2513 289 2541 ex
303 2498 678 2540 confessionibus
696 2497 911 2536 elicuisse
928 2496 1067 2547 plane
1086 2494 1410 2546 cognovimus,
1430 2492 1519 2532 hoc
1535 2490 1720 2531 videtur
1736 2501 1867 2541 prae-

230 2572 438 2623 cipuum,
471 2569 596 2622 quod
621 2568 769 2619 multi,
801 2568 879 2619 qui
900 2567 1020 2607 inter
1051 2578 1100 2606 se
1127 2565 1425 2617 gravissimis
1451 2563 1569 2603 odiis
1590 2561 1869 2602 dissidentes

229 2646 590 2691 consenuerant,
614 2640 859 2680 diuturnas
882 2645 927 2678 et
945 2637 1238 2690 perniciosas
1266 2635 1526 2676 simultates
1555 2632 1865 2680 nutriverant,

230 2715 345 2754 inita
366 2724 498 2765 pace,
524 2713 571 2752 in
594 2711 799 2763 gratiam
821 2709 1076 2759 redierunt,
1100 2714 1144 2748 et
1165 2720 1223 2748 ex
1244 2706 1448 2748 Satanae
1468 2705 1587 2754 filiis,
1610 2703 1699 2744 Dei
1715 2703 1868 2743 Patris

231 2785 392 2837 optimi
419 2784 500 2824 filii
530 2782 728 2824 feliciori
762 2780 1064 2832 adoptatione
1100 2778 1215 2819 facti
1248 2783 1377 2828 sunt;
1410 2782 1454 2817 et
1475 2777 1582 2816 licet
1603 2773 1869 2827 hujusmodi

230 2858 389 2907 multa,
414 2867 533 2907 quae
555 2855 721 2895 crebro
743 2852 1016 2903 contingere
1033 2851 1196 2900 solent,
1217 2850 1264 2890 in
1281 2849 1485 2905 medium
1505 2846 1746 2898 sigillatim
1766 2857 1868 2897 pro·

232 2928 350 2967 ferre
371 2937 630 2978 possemus,
654 2931 811 2965 tamen
828 2923 917 2963 hoc
945 2933 1088 2962 unum
1119 2921 1339 2971 sufficiat,
1370 2919 1494 2971 quod
1514 2918 1620 2967 tibi,
1644 2916 1867 2957 colendis—

230 2999 345 3038 sime
368 2998 522 3047 Pater,
542 2997 767 3049 aperiam.
