2074 3179
947 220 982 256 A
992 231 1026 257 N.
1060 221 1145 256 1551
1797 222 1867 258 3117

233 319 357 358 nullo
380 317 516 357 modo
538 323 645 357 sunt
668 317 899 356 audiendi.
925 316 1043 357 Nam
1064 317 1166 368 quis
1188 322 1258 357 est
1283 316 1436 364 (modo
1459 317 1654 356 rationis
1676 329 1861 368 capax»,

231 390 309 440 qui
330 388 467 440 hujus
486 388 635 428 nostri
654 387 815 428 fratris
837 388 1151 428 obedientiam
1175 387 1635 439 simplicitatemque,
1661 389 1865 428 ethnico-

233 471 333 499 rum
374 459 581 498 omnium
619 459 785 509 gestis,
828 471 946 510 quae
984 460 1113 499 stulti
1151 465 1395 510 tantopere
1431 465 1734 509 venerantur,
1772 471 1866 499 non

232 530 510 580 anteponat?
540 541 623 569 seu
651 530 753 580 quis
780 530 986 570 omnium
1003 530 1193 580 ducum,
1217 530 1501 581 principum,
1535 529 1866 580 imperatorum

235 600 576 651 fortitudinem,
597 599 732 651 hujus
761 601 1055 641 constantiae
1077 601 1342 652 adaequare
1374 611 1516 640 ausus
1537 600 1703 640 suerit?
1725 601 1801 652 qui
1822 601 1865 640 in

237 672 394 711 ultimo
417 682 567 722 agone
589 683 638 711 se
656 672 719 711 ita
741 671 938 711 viriliter
958 672 1126 722 gessit,
1150 677 1371 722 tantoque
1400 671 1556 711 animo
1578 677 1742 711 contra
1763 671 1866 711 dae-

237 754 396 782 mones
429 743 678 793 pugnavit,
713 749 761 782 ut
797 743 1003 782 omnium
1035 743 1391 793 imperatorum,
1428 749 1525 782 tam
1567 754 1867 782 romanorum

235 826 375 864 quam
406 825 710 864 graecorum,
739 813 1059 854 fortitudinem
1095 825 1200 854 eum
1235 825 1483 865 superasse
1518 813 1750 854 affirmare
1776 826 1867 854 non

237 885 562 924 dubitaverim.
588 884 757 924 Multas
778 885 916 935 enim,
936 891 980 925 et
1000 885 1103 924 illas
1125 885 1311 936 quidem
1331 896 1518 936 graves,
1544 896 1650 924 cum
1672 885 1731 924 ad
1752 896 1869 924 mor-

237 963 330 995 tem
350 956 582 1006 tenderet,
606 967 774 1007 passus
796 962 865 996 est
886 956 1190 1006 tentationes;
1222 956 1303 996 sed
1330 967 1511 1007 omnes,
1535 955 1636 996 Deo
1665 955 1867 1002 favente,

238 1027 493 1078 superavit:
518 1033 909 1078 oppugnaverunt
931 1027 1082 1078 ipsum.
1104 1027 1378 1077 daemones,
1400 1027 1630 1078 gravique
1653 1027 1869 1067 conflictu

239 1097 395 1137 anima
418 1097 516 1148 ejus
537 1098 677 1149 potiri
710 1098 865 1138 conati
886 1104 1013 1149 sunt;
1045 1098 1126 1138 sed
1153 1098 1335 1138 fortiter
1365 1104 1727 1150 constanterque
1754 1098 1869 1138 obsi-

243 1169 428 1218 stendo,
453 1168 701 1208 victoriam
730 1169 1005 1219 reportavit:
1029 1170 1310 1221 vigilarunt,
1334 1169 1416 1209 sed
1437 1175 1669 1209 armatum
1689 1169 1870 1220 refuge-

237 1245 357 1279 runt:
378 1239 651 1278 territarunt
673 1240 979 1291 timoremque
1002 1241 1211 1281 incutere
1228 1253 1322 1281 non
1344 1241 1635 1292 destiterunt;
1659 1242 1741 1281 sed
1762 1241 1870 1292 quid

242 1309 304 1349 1111
344 1309 537 1349 terroris
572 1309 741 1349 afferre
775 1317 1013 1361 poterant,
1056 1313 1134 1363 qui
1170 1313 1324 1352 crucis
1359 1312 1530 1352 vexillo
1564 1318 1714 1352 tectus
1753 1318 1867 1357 erat,

239 1381 390 1431 ibique
411 1386 649 1431 tamquam
666 1380 713 1420 in
730 1382 861 1432 asylo
880 1382 1169 1432 quiescebat?
1185 1382 1448 1435 Utcumque
1464 1389 1622 1423 tamen
1639 1384 1869 1423 conaban-

238 1458 326 1491 tur.
351 1450 471 1491 Nam
491 1463 598 1491 cum
617 1452 807 1501 saepius
828 1452 875 1492 in
896 1453 1164 1493 infirmitate
1192 1460 1399 1494 tentatus
1426 1454 1587 1505 fuerit,
1616 1461 1714 1494 tum
1742 1466 1870 1505 prae—

238 1523 398 1562 sertim
420 1523 559 1562 biduo
582 1529 833 1574 antequam
853 1535 912 1563 ex
934 1525 1023 1564 hac
1045 1525 1144 1564 vita
1165 1525 1212 1565 in
1243 1527 1425 1566 coelum
1456 1526 1521 1576 (ut
1549 1526 1709 1566 divina
1738 1526 1871 1566 mise-

237 1593 440 1633 ricordia
469 1594 632 1634 confisi
667 1598 925 1645 speramus)
956 1596 1255 1647 emigrasset,
1286 1597 1342 1637 de
1375 1597 1448 1637 his
1476 1609 1596 1648 quae
1625 1597 1732 1637 fidei
1766 1605 1871 1638 sunt

237 1671 443 1704 tentatus
464 1671 548 1704 est.
570 1665 673 1716 Ipse
694 1677 808 1706 vero
833 1667 897 1716 (ut
919 1667 1082 1707 solitus
1103 1668 1220 1718 erat)
1243 1668 1525 1708 tentationes
1552 1668 1606 1708 R.
1630 1668 1679 1708 P.
1704 1668 1872 1709 Corne-

241 1736 303 1775 lio
332 1736 529 1787 aperuit.
560 1735 699 1776 Pater
727 1743 883 1777 autem
920 1737 1165 1779 Cornelius
1195 1737 1331 1790 jussit
1357 1745 1407 1780 ut
1433 1751 1539 1780 cum
1568 1739 1872 1780 daemonibus

238 1806 351 1846 nihil
372 1807 652 1859 disputaret,
675 1808 757 1848 sed
778 1808 838 1848 ad
858 1821 908 1849 se
929 1821 1090 1850 omnes
1112 1811 1330 1851 mitteret.
1355 1810 1510 1863 Atque
1531 1812 1614 1862 ita,
1647 1818 1872 1863 quotquot

239 1889 340 1917 sese
372 1878 437 1917 1111
469 1878 726 1919 offerebant
759 1880 1033 1931 daemones,
1063 1881 1123 1921 ad
1149 1881 1338 1922 Patrem
1364 1882 1644 1923 remittebat.
1678 1883 1801 1934 Quin
1830 1891 1872 1923 et

240 1949 351 1989 illud
371 1961 465 1989 non
485 1951 953 1999 praetermittendum
973 1963 1164 2003 censeo,
1198 1953 1336 2004 quod,
1367 1953 1548 1994 duabus
1575 1954 1720 1994 ferme
1746 1954 1874 1994 horis

239 2026 490 2071 antequam
517 2020 731 2072 spiritum
765 2021 1054 2073 exhalasset,
1091 2024 1374 2074 gravissime
1398 2036 1425 2064 a
1446 2024 1630 2065 diabolo
1652 2030 1871 2075 tentatus,

239 2103 345 2130 cum
372 2092 455 2131 vix
488 2092 612 2142 loqui
645 2099 823 2143 posset,
854 2095 1058 2134 extensis
1086 2095 1146 2135 ad
1167 2107 1354 2135 crucem
1381 2096 1608 2147 manibus,
1634 2097 1871 2136 clamavit:

240 2162 437 2213 decipiet
457 2174 544 2211 me,
569 2162 767 2214 decipiet
787 2175 875 2204 me.
895 2164 1015 2205 Tum
1035 2165 1089 2205 R.
1109 2165 1158 2206 P.
1179 2166 1438 2207 Cornelius:
1461 2167 1699 2218 praecipio
1722 2167 1870 2216 vobis,

239 2234 506 2284 daemones,
526 2245 582 2273 ne
605 2235 729 2285 quod
745 2234 967 2276 damnum
983 2236 1090 2276 huic
1108 2238 1293 2278 animae
1309 2237 1538 2279 inferatis:
1558 2239 1682 2290 quod
1699 2239 1739 2278 si
1754 2238 1873 2278 forte

241 2304 413 2356 aliquid
433 2305 590 2355 vultiS,
614 2305 660 2345 id
681 2318 708 2345 a
730 2317 801 2346 me
826 2308 1067 2358 requirite:
1092 2309 1247 2348 omnia
1270 2310 1394 2349 enim
1414 2308 1511 2360 ejus
1532 2309 1700 2350 delicta
1722 2310 1768 2349 in
1800 2322 1873 2350 me

240 2375 431 2427 recipio.
451 2375 547 2415 Vix
568 2375 685 2416 haec
701 2376 765 2416 ita
787 2376 991 2429 dixerat,
1015 2390 1121 2418 cum
1142 2379 1295 2431 ipsum
1314 2379 1364 2420 Ρ.
1394 2379 1662 2421 Cornelium
1689 2381 1873 2421 daemo-

240 2458 342 2497 nes,
365 2447 530 2486 relicto
558 2452 773 2498 aegroto,
812 2449 946 2499 quasi
978 2455 1229 2502 praecepto
1257 2450 1527 2492 obedientes
1561 2452 1873 2492 circumstete-

240 2524 370 2568 runt,
406 2518 470 2557 ita
491 2524 542 2557 ut
568 2523 612 2557 et
638 2523 867 2559 terrorem
897 2526 941 2560 et
971 2521 1218 2562 horrorem
1243 2522 1479 2563 afferrent.
1510 2523 1567 2562 Et
1598 2523 1663 2563 1111
1689 2522 1875 2574 quidem

241 2588 470 2640 conjurati
492 2588 719 2629 abierunt.
744 2590 982 2641 Aegrotus
1003 2598 1158 2633 autem
1186 2604 1293 2633 cum
1314 2599 1460 2634 totam
1488 2600 1673 2634 noctem
1701 2593 1874 2634 Christi

240 2660 507 2710 passionem
535 2661 856 2711 contemplans
892 2664 956 2710 (ut
990 2663 1245 2715 credimus,
1283 2664 1390 2716 quia
1425 2664 1488 2704 ita
1524 2676 1551 2704 a
1578 2664 1628 2704 Ρ.
1658 2664 1874 2705 Cornelio

242 2731 448 2770 monitus
463 2730 646 2781 fuerat),
667 2731 714 2771 in
730 2733 902 2783 agonia
919 2735 1267 2786 pertransisset,
1279 2747 1431 2786 mane,
1450 2736 1568 2775 hora
1586 2735 1769 2776 decima
1785 2735 1876 2776 diei

243 2801 441 2851 veneris,
455 2801 704 2852 expiravit.
719 2802 873 2854 Atque
887 2803 961 2844 die
977 2805 1266 2846 Inventionis
1283 2805 1487 2846 Sanctae
1505 2805 1669 2846 Crucis
1686 2806 1874 2846 domum

243 2872 497 2922 ingressus,
522 2872 660 2912 simul
682 2884 788 2913 cum
809 2886 947 2915 cruce
970 2878 1035 2923 (ut
1051 2876 1150 2928 ipse
1166 2876 1375 2917 futurum
1390 2877 1725 2929 praedixerat),
1745 2877 1873 2929 spiri-

241 2949 338 2981 tum
364 2940 465 2981 Deo
501 2943 713 2983 reddidit.
744 2943 1050 2987 Praedixerat
1072 2947 1210 2998 enim,
1244 2959 1335 2988 uno
1366 2954 1447 2988 aut
1478 2948 1624 2988 altero
1647 2947 1721 2988 die
1750 2955 1873 2988 ante-

243 3024 380 3062 quam
397 3019 672 3063 moreretur,
696 3014 769 3055 die
789 3017 977 3056 veneris
999 3017 1106 3058 hinc
1127 3029 1177 3059 se
1198 3018 1525 3069 migraturum;
1545 3024 1608 3069 ut,
1629 3019 1749 3059 sicut
1770 3032 1874 3059 cum
