<?xml version="1.0" encoding="UTF-8"?>
<!DOCTYPE html PUBLIC "-//W3C//DTD XHTML 1.0 Transitional//EN"
    "http://www.w3.org/TR/xhtml1/DTD/xhtml1-transitional.dtd">
<html xmlns="http://www.w3.org/1999/xhtml" xml:lang="en" lang="en">
 <head>
  <title>
</title>
<meta http-equiv="Content-Type" content="text/html;charset=utf-8" />
  <meta name='ocr-system' content='tesseract 3.04.00' />
  <meta name='ocr-capabilities' content='ocr_page ocr_carea ocr_par ocr_line ocrx_word'/>
</head>
<body>
  <div class='ocr_page' id='page_1' title='image "./litteraequadrime13lain_0646.png"; bbox 0 0 2074 3179; ppageno 0'>
   <div class='ocr_carea' id='block_1_1' title="bbox 283 117 1410 163">
    <p class='ocr_par' dir='ltr' id='par_1_1' title="bbox 283 117 1410 163">
     <span class='ocr_line' id='line_1_1' title="bbox 283 117 1410 163; baseline 0.004 -9"><span class='ocrx_word' id='word_1_1' title='bbox 283 117 353 155; x_wconf 63' lang='lat'>642</span> <span class='ocrx_word' id='word_1_2' title='bbox 795 119 1022 156; x_wconf 83' lang='lat' dir='ltr'>LITTERAE</span> <span class='ocrx_word' id='word_1_3' title='bbox 1049 131 1410 163; x_wconf 81' lang='lat' dir='ltr'><strong>QUADRIMESTRES</strong></span> 
     </span>
    </p>
   </div>
   <div class='ocr_carea' id='block_1_2' title="bbox 246 215 1915 2834">
    <p class='ocr_par' dir='ltr' id='par_1_2' title="bbox 259 215 1915 1611">
     <span class='ocr_line' id='line_1_2' title="bbox 278 215 1915 265; baseline 0.005 -12"><span class='ocrx_word' id='word_1_4' title='bbox 278 215 523 265; x_wconf 79' lang='lat' dir='ltr'>amplexus</span> <span class='ocrx_word' id='word_1_5' title='bbox 563 220 724 255; x_wconf 86' lang='lat' dir='ltr'>sancte</span> <span class='ocrx_word' id='word_1_6' title='bbox 766 215 1082 256; x_wconf 80' lang='lat' dir='ltr'>deosculatus</span> <span class='ocrx_word' id='word_1_7' title='bbox 1104 223 1189 256; x_wconf 88' lang='lat' dir='ltr'>est.</span> <span class='ocrx_word' id='word_1_8' title='bbox 1231 217 1360 258; x_wconf 86' lang='lat' dir='ltr'>Haec</span> <span class='ocrx_word' id='word_1_9' title='bbox 1401 230 1508 258; x_wconf 89' lang='lat' dir='ltr'>cum</span> <span class='ocrx_word' id='word_1_10' title='bbox 1553 224 1707 259; x_wconf 86' lang='lat' dir='ltr'>essent</span> <span class='ocrx_word' id='word_1_11' title='bbox 1756 221 1915 261; x_wconf 82' lang='lat' dir='ltr'>audita</span> 
     </span>
     <span class='ocr_line' id='line_1_3' title="bbox 276 285 1913 341; baseline 0.004 -17"><span class='ocrx_word' id='word_1_12' title='bbox 276 285 399 336; x_wconf 86' lang='lat' dir='ltr'>patri</span> <span class='ocrx_word' id='word_1_13' title='bbox 422 285 589 325; x_wconf 90' lang='lat' dir='ltr'>horum</span> <span class='ocrx_word' id='word_1_14' title='bbox 610 285 807 326; x_wconf 90' lang='lat' dir='ltr'>duorum</span> <span class='ocrx_word' id='word_1_15' title='bbox 829 286 1041 338; x_wconf 76' lang='lat' dir='ltr'>fratrum,</span> <span class='ocrx_word' id='word_1_16' title='bbox 1066 287 1144 339; x_wconf 88' lang='lat' dir='ltr'>qui</span> <span class='ocrx_word' id='word_1_17' title='bbox 1165 288 1383 328; x_wconf 86' lang='lat' dir='ltr'>Messana</span> <span class='ocrx_word' id='word_1_18' title='bbox 1406 289 1592 341; x_wconf 86' lang='lat' dir='ltr'>aberat,</span> <span class='ocrx_word' id='word_1_19' title='bbox 1618 290 1816 331; x_wconf 77' lang='lat' dir='ltr'>miratus</span> <span class='ocrx_word' id='word_1_20' title='bbox 1837 291 1913 331; x_wconf 84' lang='lat' dir='ltr'>ad-</span> 
     </span>
     <span class='ocr_line' id='line_1_4' title="bbox 276 357 1913 413; baseline 0.004 -18"><span class='ocrx_word' id='word_1_21' title='bbox 276 357 540 397; x_wconf 83' lang='lat' dir='ltr'>versarium</span> <span class='ocrx_word' id='word_1_22' title='bbox 569 369 703 397; x_wconf 89' lang='lat' dir='ltr'>suum</span> <span class='ocrx_word' id='word_1_23' title='bbox 732 357 819 397; x_wconf 83' lang='lat' dir='ltr'>sibi</span> <span class='ocrx_word' id='word_1_24' title='bbox 854 365 1043 409; x_wconf 87' lang='lat' dir='ltr'>repente</span> <span class='ocrx_word' id='word_1_25' title='bbox 1071 359 1407 400; x_wconf 87' lang='lat' dir='ltr'>amicissimum</span> <span class='ocrx_word' id='word_1_26' title='bbox 1443 360 1642 411; x_wconf 88' lang='lat' dir='ltr'>factum,</span> <span class='ocrx_word' id='word_1_27' title='bbox 1681 362 1835 413; x_wconf 89' lang='lat' dir='ltr'>coepit</span> <span class='ocrx_word' id='word_1_28' title='bbox 1869 372 1913 402; x_wconf 87' lang='lat' dir='ltr'>et</span> 
     </span>
     <span class='ocr_line' id='line_1_5' title="bbox 274 428 1913 484; baseline 0.004 -17"><span class='ocrx_word' id='word_1_29' title='bbox 274 428 373 479; x_wconf 90' lang='lat' dir='ltr'>ipse</span> <span class='ocrx_word' id='word_1_30' title='bbox 408 428 590 468; x_wconf 77' lang='lat' dir='ltr'>sibimet</span> <span class='ocrx_word' id='word_1_31' title='bbox 623 440 725 468; x_wconf 90' lang='lat' dir='ltr'>esse</span> <span class='ocrx_word' id='word_1_32' title='bbox 759 429 878 468; x_wconf 86' lang='lat' dir='ltr'>velle</span> <span class='ocrx_word' id='word_1_33' title='bbox 909 430 1088 469; x_wconf 70' lang='lat' dir='ltr'>amicus</span> <span class='ocrx_word' id='word_1_34' title='bbox 1115 442 1169 470; x_wconf 87' lang='lat' dir='ltr'>ac</span> <span class='ocrx_word' id='word_1_35' title='bbox 1205 431 1344 470; x_wconf 81' lang='lat' dir='ltr'>saluti</span> <span class='ocrx_word' id='word_1_36' title='bbox 1375 443 1458 471; x_wconf 88' lang='lat' dir='ltr'>sua</span> <span class='ocrx_word' id='word_1_37' title='bbox 1488 432 1774 484; x_wconf 75' lang='lat' dir='ltr'>prospicere.</span> <span class='ocrx_word' id='word_1_38' title='bbox 1808 432 1913 484; x_wconf 84' lang='lat' dir='ltr'>Quo</span> 
     </span>
     <span class='ocr_line' id='line_1_6' title="bbox 274 498 1911 544; baseline 0.004 -6"><span class='ocrx_word' id='word_1_39' title='bbox 274 498 449 539; x_wconf 82' lang='lat' dir='ltr'>factum</span> <span class='ocrx_word' id='word_1_40' title='bbox 479 505 547 539; x_wconf 86' lang='lat' dir='ltr'>est</span> <span class='ocrx_word' id='word_1_41' title='bbox 576 505 625 539; x_wconf 91' lang='lat' dir='ltr'>ut</span> <span class='ocrx_word' id='word_1_42' title='bbox 657 506 821 540; x_wconf 85' lang='lat' dir='ltr'>sancto</span> <span class='ocrx_word' id='word_1_43' title='bbox 858 500 1165 541; x_wconf 89' lang='lat' dir='ltr'>confessionis</span> <span class='ocrx_word' id='word_1_44' title='bbox 1202 509 1499 543; x_wconf 84' lang='lat' dir='ltr'>sacramento</span> <span class='ocrx_word' id='word_1_45' title='bbox 1537 503 1742 543; x_wconf 86' lang='lat' dir='ltr'>animam</span> <span class='ocrx_word' id='word_1_46' title='bbox 1778 516 1911 544; x_wconf 86' lang='lat' dir='ltr'>suam</span> 
     </span>
     <span class='ocr_line' id='line_1_7' title="bbox 275 570 1911 624; baseline 0.004 -15"><span class='ocrx_word' id='word_1_47' title='bbox 275 570 399 610; x_wconf 84' lang='lat' dir='ltr'>ablui</span> <span class='ocrx_word' id='word_1_48' title='bbox 421 571 638 611; x_wconf 86' lang='lat' dir='ltr'>sordibus</span> <span class='ocrx_word' id='word_1_49' title='bbox 669 578 869 622; x_wconf 85' lang='lat' dir='ltr'>peteret,</span> <span class='ocrx_word' id='word_1_50' title='bbox 894 584 1013 623; x_wconf 86' lang='lat' dir='ltr'>quae</span> <span class='ocrx_word' id='word_1_51' title='bbox 1043 579 1245 624; x_wconf 87' lang='lat' dir='ltr'>quantae</span> <span class='ocrx_word' id='word_1_52' title='bbox 1275 579 1447 624; x_wconf 90' lang='lat' dir='ltr'>essent,</span> <span class='ocrx_word' id='word_1_53' title='bbox 1480 574 1610 614; x_wconf 75' lang='lat' dir='ltr'>novit</span> <span class='ocrx_word' id='word_1_54' title='bbox 1638 574 1782 615; x_wconf 88' lang='lat' dir='ltr'>Deus.</span> <span class='ocrx_word' id='word_1_55' title='bbox 1814 575 1911 615; x_wconf 81' lang='lat' dir='ltr'>Nos</span> 
     </span>
     <span class='ocr_line' id='line_1_8' title="bbox 272 642 1907 694; baseline 0.003 -13"><span class='ocrx_word' id='word_1_56' title='bbox 272 642 360 681; x_wconf 87' lang='lat' dir='ltr'>hoc</span> <span class='ocrx_word' id='word_1_57' title='bbox 382 653 526 682; x_wconf 89' lang='lat' dir='ltr'>unum</span> <span class='ocrx_word' id='word_1_58' title='bbox 548 643 747 682; x_wconf 85' lang='lat' dir='ltr'>scimus:</span> <span class='ocrx_word' id='word_1_59' title='bbox 778 649 882 694; x_wconf 83' lang='lat' dir='ltr'>post</span> <span class='ocrx_word' id='word_1_60' title='bbox 912 643 1081 694; x_wconf 83' lang='lat' dir='ltr'>viginti</span> <span class='ocrx_word' id='word_1_61' title='bbox 1110 655 1258 683; x_wconf 90' lang='lat' dir='ltr'>annos</span> <span class='ocrx_word' id='word_1_62' title='bbox 1286 644 1414 684; x_wconf 90' lang='lat' dir='ltr'>illum</span> <span class='ocrx_word' id='word_1_63' title='bbox 1444 657 1538 684; x_wconf 90' lang='lat' dir='ltr'>non</span> <span class='ocrx_word' id='word_1_64' title='bbox 1559 645 1702 686; x_wconf 84' lang='lat' dir='ltr'>fuisse</span> <span class='ocrx_word' id='word_1_65' title='bbox 1733 647 1907 686; x_wconf 84' lang='lat' dir='ltr'>confes-</span> 
     </span>
     <span class='ocr_line' id='line_1_9' title="bbox 271 712 1907 768; baseline 0.003 -16"><span class='ocrx_word' id='word_1_66' title='bbox 271 725 387 753; x_wconf 77' lang='lat' dir='ltr'>sum.</span> <span class='ocrx_word' id='word_1_67' title='bbox 415 712 547 753; x_wconf 82' lang='lat' dir='ltr'>Prior</span> <span class='ocrx_word' id='word_1_68' title='bbox 567 714 656 763; x_wconf 91' lang='lat' dir='ltr'>ille,</span> <span class='ocrx_word' id='word_1_69' title='bbox 681 714 755 753; x_wconf 89' lang='lat' dir='ltr'>cui</span> <span class='ocrx_word' id='word_1_70' title='bbox 773 714 971 754; x_wconf 83' lang='lat' dir='ltr'>abscissi</span> <span class='ocrx_word' id='word_1_71' title='bbox 986 714 1171 754; x_wconf 85' lang='lat' dir='ltr'>fuerant</span> <span class='ocrx_word' id='word_1_72' title='bbox 1193 714 1340 766; x_wconf 81' lang='lat' dir='ltr'>digiti,</span> <span class='ocrx_word' id='word_1_73' title='bbox 1360 722 1609 768; x_wconf 77' lang='lat' dir='ltr'>postquam</span> <span class='ocrx_word' id='word_1_74' title='bbox 1628 718 1907 758; x_wconf 90' lang='lat' dir='ltr'>communio—</span> 
     </span>
     <span class='ocr_line' id='line_1_10' title="bbox 269 784 1910 837; baseline 0.003 -13"><span class='ocrx_word' id='word_1_75' title='bbox 269 785 343 824; x_wconf 80' lang='lat' dir='ltr'>nis</span> <span class='ocrx_word' id='word_1_76' title='bbox 361 790 711 825; x_wconf 88' lang='lat' dir='ltr'>sacramentum</span> <span class='ocrx_word' id='word_1_77' title='bbox 728 784 895 825; x_wconf 84' lang='lat' dir='ltr'>devote</span> <span class='ocrx_word' id='word_1_78' title='bbox 916 786 1192 837; x_wconf 75' lang='lat' dir='ltr'>recepisset,</span> <span class='ocrx_word' id='word_1_79' title='bbox 1213 787 1377 827; x_wconf 90' lang='lat' dir='ltr'>eodem</span> <span class='ocrx_word' id='word_1_80' title='bbox 1397 787 1470 827; x_wconf 88' lang='lat' dir='ltr'>die</span> <span class='ocrx_word' id='word_1_81' title='bbox 1497 789 1648 828; x_wconf 87' lang='lat' dir='ltr'>laetus</span> <span class='ocrx_word' id='word_1_82' title='bbox 1665 789 1723 828; x_wconf 83' lang='lat' dir='ltr'>ad</span> <span class='ocrx_word' id='word_1_83' title='bbox 1744 788 1910 829; x_wconf 79' lang='lat' dir='ltr'>Patres</span> 
     </span>
     <span class='ocr_line' id='line_1_11' title="bbox 267 855 1908 908; baseline 0.003 -13"><span class='ocrx_word' id='word_1_84' title='bbox 267 861 455 896; x_wconf 81' lang='lat' dir='ltr'>nostros</span> <span class='ocrx_word' id='word_1_85' title='bbox 476 855 628 907; x_wconf 90' lang='lat' dir='ltr'>rediit,</span> <span class='ocrx_word' id='word_1_86' title='bbox 653 857 904 908; x_wconf 86' lang='lat' dir='ltr'>multisque</span> <span class='ocrx_word' id='word_1_87' title='bbox 931 857 1113 908; x_wconf 78' lang='lat' dir='ltr'>gratias</span> <span class='ocrx_word' id='word_1_88' title='bbox 1137 858 1248 908; x_wconf 87' lang='lat' dir='ltr'>egit,</span> <span class='ocrx_word' id='word_1_89' title='bbox 1273 864 1317 898; x_wconf 86' lang='lat' dir='ltr'>et</span> <span class='ocrx_word' id='word_1_90' title='bbox 1341 858 1460 898; x_wconf 89' lang='lat' dir='ltr'>inter</span> <span class='ocrx_word' id='word_1_91' title='bbox 1481 865 1668 899; x_wconf 88' lang='lat' dir='ltr'>caetera</span> <span class='ocrx_word' id='word_1_92' title='bbox 1691 859 1736 900; x_wconf 89' lang='lat' dir='ltr'>id</span> <span class='ocrx_word' id='word_1_93' title='bbox 1757 871 1806 900; x_wconf 93' lang='lat' dir='ltr'>se</span> <span class='ocrx_word' id='word_1_94' title='bbox 1827 861 1908 900; x_wconf 86' lang='lat' dir='ltr'>mi-</span> 
     </span>
     <span class='ocr_line' id='line_1_12' title="bbox 269 927 1909 981; baseline 0.004 -15"><span class='ocrx_word' id='word_1_95' title='bbox 269 927 364 967; x_wconf 85' lang='lat' dir='ltr'>rari</span> <span class='ocrx_word' id='word_1_96' title='bbox 387 927 530 978; x_wconf 77' lang='lat' dir='ltr'>dixit,</span> <span class='ocrx_word' id='word_1_97' title='bbox 553 927 703 979; x_wconf 91' lang='lat' dir='ltr'>quod,</span> <span class='ocrx_word' id='word_1_98' title='bbox 728 939 835 968; x_wconf 89' lang='lat' dir='ltr'>cum</span> <span class='ocrx_word' id='word_1_99' title='bbox 867 934 1005 968; x_wconf 86' lang='lat' dir='ltr'>antea</span> <span class='ocrx_word' id='word_1_100' title='bbox 1033 928 1226 969; x_wconf 86' lang='lat' dir='ltr'>ebullire</span> <span class='ocrx_word' id='word_1_101' title='bbox 1254 929 1318 969; x_wconf 91' lang='lat' dir='ltr'>illi</span> <span class='ocrx_word' id='word_1_102' title='bbox 1349 930 1544 981; x_wconf 87' lang='lat' dir='ltr'>sanguis</span> <span class='ocrx_word' id='word_1_103' title='bbox 1575 943 1629 971; x_wconf 90' lang='lat' dir='ltr'>ac</span> <span class='ocrx_word' id='word_1_104' title='bbox 1659 942 1760 971; x_wconf 89' lang='lat' dir='ltr'>sese</span> <span class='ocrx_word' id='word_1_105' title='bbox 1782 938 1909 972; x_wconf 84' lang='lat' dir='ltr'>totus</span> 
     </span>
     <span class='ocr_line' id='line_1_13' title="bbox 267 999 1906 1052; baseline 0.004 -15"><span class='ocrx_word' id='word_1_106' title='bbox 267 1010 565 1039; x_wconf 75' lang='lat' dir='ltr'>commovere</span> <span class='ocrx_word' id='word_1_107' title='bbox 587 999 781 1048; x_wconf 82' lang='lat' dir='ltr'>soleret,</span> <span class='ocrx_word' id='word_1_108' title='bbox 807 1000 989 1051; x_wconf 88' lang='lat' dir='ltr'>quoties</span> <span class='ocrx_word' id='word_1_109' title='bbox 1010 1011 1201 1040; x_wconf 90' lang='lat' dir='ltr'>manum</span> <span class='ocrx_word' id='word_1_110' title='bbox 1224 1011 1356 1040; x_wconf 88' lang='lat' dir='ltr'>suam</span> <span class='ocrx_word' id='word_1_111' title='bbox 1379 1001 1644 1052; x_wconf 79' lang='lat' dir='ltr'>inspiceret,</span> <span class='ocrx_word' id='word_1_112' title='bbox 1668 1014 1791 1043; x_wconf 89' lang='lat' dir='ltr'>nunc</span> <span class='ocrx_word' id='word_1_113' title='bbox 1813 1015 1906 1043; x_wconf 89' lang='lat' dir='ltr'>non</span> 
     </span>
     <span class='ocr_line' id='line_1_14' title="bbox 266 1070 1905 1125; baseline 0.003 -16"><span class='ocrx_word' id='word_1_114' title='bbox 266 1071 416 1109; x_wconf 86' lang='lat' dir='ltr'>solum</span> <span class='ocrx_word' id='word_1_115' title='bbox 438 1070 483 1110; x_wconf 89' lang='lat' dir='ltr'>id</span> <span class='ocrx_word' id='word_1_116' title='bbox 505 1082 598 1110; x_wconf 92' lang='lat' dir='ltr'>non</span> <span class='ocrx_word' id='word_1_117' title='bbox 618 1076 873 1122; x_wconf 86' lang='lat' dir='ltr'>pateretur,</span> <span class='ocrx_word' id='word_1_118' title='bbox 898 1070 978 1110; x_wconf 89' lang='lat' dir='ltr'>sed</span> <span class='ocrx_word' id='word_1_119' title='bbox 1006 1076 1050 1111; x_wconf 84' lang='lat' dir='ltr'>et</span> <span class='ocrx_word' id='word_1_120' title='bbox 1081 1082 1222 1111; x_wconf 89' lang='lat' dir='ltr'>sanos</span> <span class='ocrx_word' id='word_1_121' title='bbox 1253 1072 1590 1123; x_wconf 84' lang='lat' dir='ltr'>propemodum</span> <span class='ocrx_word' id='word_1_122' title='bbox 1624 1079 1761 1125; x_wconf 87' lang='lat' dir='ltr'>atque</span> <span class='ocrx_word' id='word_1_123' title='bbox 1792 1074 1905 1114; x_wconf 77' lang='lat' dir='ltr'>inte-</span> 
     </span>
     <span class='ocr_line' id='line_1_15' title="bbox 263 1142 1907 1196; baseline 0.002 -15"><span class='ocrx_word' id='word_1_124' title='bbox 263 1152 376 1191; x_wconf 81' lang='lat' dir='ltr'>gros</span> <span class='ocrx_word' id='word_1_125' title='bbox 404 1142 577 1192; x_wconf 80' lang='lat' dir='ltr'>digitos</span> <span class='ocrx_word' id='word_1_126' title='bbox 604 1142 779 1182; x_wconf 86' lang='lat' dir='ltr'>habere</span> <span class='ocrx_word' id='word_1_127' title='bbox 805 1142 893 1182; x_wconf 86' lang='lat' dir='ltr'>sibi</span> <span class='ocrx_word' id='word_1_128' title='bbox 924 1142 1177 1183; x_wconf 83' lang='lat' dir='ltr'>videretur.</span> <span class='ocrx_word' id='word_1_129' title='bbox 1207 1142 1362 1183; x_wconf 83' lang='lat' dir='ltr'>Sensit</span> <span class='ocrx_word' id='word_1_130' title='bbox 1393 1149 1437 1184; x_wconf 87' lang='lat' dir='ltr'>et</span> <span class='ocrx_word' id='word_1_131' title='bbox 1464 1143 1539 1184; x_wconf 88' lang='lat' dir='ltr'>hic</span> <span class='ocrx_word' id='word_1_132' title='bbox 1569 1145 1907 1196; x_wconf 81' lang='lat' dir='ltr'>gravissimam</span> 
     </span>
     <span class='ocr_line' id='line_1_16' title="bbox 264 1213 1900 1267; baseline 0.003 -15"><span class='ocrx_word' id='word_1_133' title='bbox 264 1224 367 1252; x_wconf 81' lang='lat' dir='ltr'>esse</span> <span class='ocrx_word' id='word_1_134' title='bbox 390 1213 602 1253; x_wconf 83' lang='lat' dir='ltr'>mortalis</span> <span class='ocrx_word' id='word_1_135' title='bbox 624 1213 831 1253; x_wconf 87' lang='lat' dir='ltr'>criminis</span> <span class='ocrx_word' id='word_1_136' title='bbox 862 1214 1069 1265; x_wconf 87' lang='lat' dir='ltr'>culpam,</span> <span class='ocrx_word' id='word_1_137' title='bbox 1103 1214 1309 1266; x_wconf 86' lang='lat' dir='ltr'>nihilque</span> <span class='ocrx_word' id='word_1_138' title='bbox 1340 1226 1442 1254; x_wconf 85' lang='lat' dir='ltr'>esse</span> <span class='ocrx_word' id='word_1_139' title='bbox 1472 1216 1621 1256; x_wconf 84' lang='lat' dir='ltr'>levius</span> <span class='ocrx_word' id='word_1_140' title='bbox 1643 1222 1723 1257; x_wconf 90' lang='lat' dir='ltr'>aut</span> <span class='ocrx_word' id='word_1_141' title='bbox 1739 1215 1900 1267; x_wconf 85' lang='lat' dir='ltr'>jucun-</span> 
     </span>
     <span class='ocr_line' id='line_1_17' title="bbox 265 1283 1900 1339; baseline 0.002 -16"><span class='ocrx_word' id='word_1_142' title='bbox 265 1283 367 1324; x_wconf 64' lang='lat' dir='ltr'>dius</span> <span class='ocrx_word' id='word_1_143' title='bbox 389 1296 530 1336; x_wconf 89' lang='lat' dir='ltr'>quam</span> <span class='ocrx_word' id='word_1_144' title='bbox 550 1296 669 1336; x_wconf 90' lang='lat' dir='ltr'>pura</span> <span class='ocrx_word' id='word_1_145' title='bbox 690 1291 844 1325; x_wconf 83' lang='lat' dir='ltr'>mente</span> <span class='ocrx_word' id='word_1_146' title='bbox 866 1284 1018 1325; x_wconf 87' lang='lat' dir='ltr'>Deum</span> <span class='ocrx_word' id='word_1_147' title='bbox 1045 1286 1212 1325; x_wconf 84' lang='lat' dir='ltr'>colere.</span> <span class='ocrx_word' id='word_1_148' title='bbox 1245 1285 1378 1336; x_wconf 83' lang='lat' dir='ltr'>Quod</span> <span class='ocrx_word' id='word_1_149' title='bbox 1400 1298 1507 1326; x_wconf 88' lang='lat' dir='ltr'>cum</span> <span class='ocrx_word' id='word_1_150' title='bbox 1535 1287 1690 1327; x_wconf 77' lang='lat' dir='ltr'>verbis</span> <span class='ocrx_word' id='word_1_151' title='bbox 1721 1288 1900 1339; x_wconf 86' lang='lat' dir='ltr'>praedi-</span> 
     </span>
     <span class='ocr_line' id='line_1_18' title="bbox 263 1350 1901 1409; baseline 0.003 -14"><span class='ocrx_word' id='word_1_152' title='bbox 263 1350 338 1395; x_wconf 83' lang='lat' dir='ltr'>cat</span> <span class='ocrx_word' id='word_1_153' title='bbox 374 1362 473 1395; x_wconf 89' lang='lat' dir='ltr'>tum</span> <span class='ocrx_word' id='word_1_154' title='bbox 500 1368 615 1396; x_wconf 83' lang='lat' dir='ltr'>vero</span> <span class='ocrx_word' id='word_1_155' title='bbox 644 1363 688 1396; x_wconf 92' lang='lat' dir='ltr'>et</span> <span class='ocrx_word' id='word_1_156' title='bbox 719 1368 769 1396; x_wconf 94' lang='lat' dir='ltr'>re</span> <span class='ocrx_word' id='word_1_157' title='bbox 798 1357 899 1408; x_wconf 86' lang='lat' dir='ltr'>ipsa</span> <span class='ocrx_word' id='word_1_158' title='bbox 929 1356 1188 1397; x_wconf 88' lang='lat' dir='ltr'>confirmat.</span> <span class='ocrx_word' id='word_1_159' title='bbox 1226 1356 1345 1397; x_wconf 90' lang='lat' dir='ltr'>Nam</span> <span class='ocrx_word' id='word_1_160' title='bbox 1375 1363 1480 1409; x_wconf 91' lang='lat' dir='ltr'>post</span> <span class='ocrx_word' id='word_1_161' title='bbox 1515 1357 1697 1398; x_wconf 88' lang='lat' dir='ltr'>Pascha</span> <span class='ocrx_word' id='word_1_162' title='bbox 1732 1366 1901 1400; x_wconf 87' lang='lat' dir='ltr'>octavo</span> 
     </span>
     <span class='ocr_line' id='line_1_19' title="bbox 260 1427 1902 1482; baseline 0.002 -15"><span class='ocrx_word' id='word_1_163' title='bbox 260 1438 444 1479; x_wconf 88' lang='lat' dir='ltr'>quoque</span> <span class='ocrx_word' id='word_1_164' title='bbox 466 1427 538 1467; x_wconf 86' lang='lat' dir='ltr'>die</span> <span class='ocrx_word' id='word_1_165' title='bbox 561 1427 685 1479; x_wconf 89' lang='lat' dir='ltr'>apud</span> <span class='ocrx_word' id='word_1_166' title='bbox 706 1439 790 1467; x_wconf 90' lang='lat' dir='ltr'>nos</span> <span class='ocrx_word' id='word_1_167' title='bbox 818 1427 1061 1468; x_wconf 81' lang='lat' dir='ltr'>confessus</span> <span class='ocrx_word' id='word_1_168' title='bbox 1083 1433 1170 1476; x_wconf 86' lang='lat' dir='ltr'>est;</span> <span class='ocrx_word' id='word_1_169' title='bbox 1207 1428 1387 1468; x_wconf 91' lang='lat' dir='ltr'>decimo</span> <span class='ocrx_word' id='word_1_170' title='bbox 1417 1429 1578 1480; x_wconf 90' lang='lat' dir='ltr'>quinto</span> <span class='ocrx_word' id='word_1_171' title='bbox 1610 1435 1765 1470; x_wconf 86' lang='lat' dir='ltr'>autem</span> <span class='ocrx_word' id='word_1_172' title='bbox 1796 1431 1902 1482; x_wconf 91' lang='lat' dir='ltr'>plus</span> 
     </span>
     <span class='ocr_line' id='line_1_20' title="bbox 259 1499 1901 1551; baseline 0.002 -13"><span class='ocrx_word' id='word_1_173' title='bbox 259 1499 414 1539; x_wconf 88' lang='lat' dir='ltr'>minus</span> <span class='ocrx_word' id='word_1_174' title='bbox 443 1499 778 1547; x_wconf 70' lang='lat' dir='ltr'>communicat,</span> <span class='ocrx_word' id='word_1_175' title='bbox 811 1500 970 1551; x_wconf 90' lang='lat' dir='ltr'>sicque</span> <span class='ocrx_word' id='word_1_176' title='bbox 1000 1511 1198 1551; x_wconf 88' lang='lat' dir='ltr'>pergere</span> <span class='ocrx_word' id='word_1_177' title='bbox 1234 1500 1445 1540; x_wconf 86' lang='lat' dir='ltr'>instituit.</span> <span class='ocrx_word' id='word_1_178' title='bbox 1481 1500 1619 1540; x_wconf 76' lang='lat' dir='ltr'>Faxit</span> <span class='ocrx_word' id='word_1_179' title='bbox 1655 1501 1901 1550; x_wconf 76' lang='lat' dir='ltr'>Dominus,</span> 
     </span>
     <span class='ocr_line' id='line_1_21' title="bbox 261 1570 927 1611; baseline -0.002 -2"><span class='ocrx_word' id='word_1_180' title='bbox 261 1571 469 1611; x_wconf 89' lang='lat' dir='ltr'>omnium</span> <span class='ocrx_word' id='word_1_181' title='bbox 492 1571 722 1611; x_wconf 90' lang='lat' dir='ltr'>bonorum</span> <span class='ocrx_word' id='word_1_182' title='bbox 742 1570 927 1611; x_wconf 78' lang='lat' dir='ltr'>author.</span> 
     </span>
    </p>

    <p class='ocr_par' dir='ltr' id='par_1_3' title="bbox 246 1641 1899 2834">
     <span class='ocr_line' id='line_1_22' title="bbox 339 1641 1898 1694; baseline 0.001 -12"><span class='ocrx_word' id='word_1_183' title='bbox 339 1642 574 1682; x_wconf 86' lang='lat' dir='ltr'>Haberem</span> <span class='ocrx_word' id='word_1_184' title='bbox 596 1642 688 1682; x_wconf 87' lang='lat' dir='ltr'>alia</span> <span class='ocrx_word' id='word_1_185' title='bbox 708 1641 843 1693; x_wconf 88' lang='lat' dir='ltr'>hujus</span> <span class='ocrx_word' id='word_1_186' title='bbox 865 1642 1052 1692; x_wconf 85' lang='lat' dir='ltr'>generis</span> <span class='ocrx_word' id='word_1_187' title='bbox 1074 1643 1303 1694; x_wconf 79' lang='lat' dir='ltr'>exempla.</span> <span class='ocrx_word' id='word_1_188' title='bbox 1328 1642 1446 1683; x_wconf 89' lang='lat' dir='ltr'>Nam</span> <span class='ocrx_word' id='word_1_189' title='bbox 1468 1649 1512 1682; x_wconf 90' lang='lat' dir='ltr'>et</span> <span class='ocrx_word' id='word_1_190' title='bbox 1529 1643 1635 1693; x_wconf 80' lang='lat' dir='ltr'>duo,</span> <span class='ocrx_word' id='word_1_191' title='bbox 1656 1643 1733 1694; x_wconf 89' lang='lat' dir='ltr'>qui</span> <span class='ocrx_word' id='word_1_192' title='bbox 1749 1655 1898 1684; x_wconf 83' lang='lat' dir='ltr'>sacer-</span> 
     </span>
     <span class='ocr_line' id='line_1_23' title="bbox 257 1713 1899 1766; baseline 0.001 -12"><span class='ocrx_word' id='word_1_193' title='bbox 257 1715 353 1755; x_wconf 89' lang='lat' dir='ltr'>doti</span> <span class='ocrx_word' id='word_1_194' title='bbox 382 1720 581 1754; x_wconf 87' lang='lat' dir='ltr'>mortem</span> <span class='ocrx_word' id='word_1_195' title='bbox 602 1713 774 1753; x_wconf 89' lang='lat' dir='ltr'>inferre</span> <span class='ocrx_word' id='word_1_196' title='bbox 801 1719 1084 1764; x_wconf 79' lang='lat' dir='ltr'>statuerant,</span> <span class='ocrx_word' id='word_1_197' title='bbox 1109 1713 1273 1753; x_wconf 90' lang='lat' dir='ltr'>eadem</span> <span class='ocrx_word' id='word_1_198' title='bbox 1304 1714 1397 1764; x_wconf 90' lang='lat' dir='ltr'>die,</span> <span class='ocrx_word' id='word_1_199' title='bbox 1429 1725 1547 1765; x_wconf 84' lang='lat' dir='ltr'>quae</span> <span class='ocrx_word' id='word_1_200' title='bbox 1579 1714 1639 1754; x_wconf 87' lang='lat' dir='ltr'>ad</span> <span class='ocrx_word' id='word_1_201' title='bbox 1669 1714 1756 1754; x_wconf 91' lang='lat' dir='ltr'>hoc</span> <span class='ocrx_word' id='word_1_202' title='bbox 1787 1715 1899 1766; x_wconf 79' lang='lat' dir='ltr'>ipsis</span> 
     </span>
     <span class='ocr_line' id='line_1_24' title="bbox 257 1785 1897 1837; baseline 0.001 -12"><span class='ocrx_word' id='word_1_203' title='bbox 257 1785 509 1836; x_wconf 80' lang='lat' dir='ltr'>designata</span> <span class='ocrx_word' id='word_1_204' title='bbox 532 1791 647 1835; x_wconf 88' lang='lat' dir='ltr'>erat,</span> <span class='ocrx_word' id='word_1_205' title='bbox 674 1785 720 1825; x_wconf 88' lang='lat' dir='ltr'>in</span> <span class='ocrx_word' id='word_1_206' title='bbox 741 1785 964 1836; x_wconf 86' lang='lat' dir='ltr'>templum</span> <span class='ocrx_word' id='word_1_207' title='bbox 985 1790 1197 1824; x_wconf 85' lang='lat' dir='ltr'>nostrum</span> <span class='ocrx_word' id='word_1_208' title='bbox 1229 1785 1417 1825; x_wconf 87' lang='lat' dir='ltr'>deducti</span> <span class='ocrx_word' id='word_1_209' title='bbox 1439 1797 1465 1824; x_wconf 92' lang='lat' dir='ltr'>a</span> <span class='ocrx_word' id='word_1_210' title='bbox 1496 1785 1787 1837; x_wconf 81' lang='lat' dir='ltr'>quibusdam,</span> <span class='ocrx_word' id='word_1_211' title='bbox 1819 1786 1897 1826; x_wconf 86' lang='lat' dir='ltr'>ubi</span> 
     </span>
     <span class='ocr_line' id='line_1_25' title="bbox 255 1855 1895 1909; baseline 0.001 -13"><span class='ocrx_word' id='word_1_212' title='bbox 255 1857 335 1897; x_wconf 89' lang='lat' dir='ltr'>uni</span> <span class='ocrx_word' id='word_1_213' title='bbox 357 1869 416 1897; x_wconf 82' lang='lat' dir='ltr'>ex</span> <span class='ocrx_word' id='word_1_214' title='bbox 436 1857 612 1896; x_wconf 90' lang='lat' dir='ltr'>nostris</span> <span class='ocrx_word' id='word_1_215' title='bbox 635 1856 837 1896; x_wconf 83' lang='lat' dir='ltr'>confessi</span> <span class='ocrx_word' id='word_1_216' title='bbox 858 1862 964 1895; x_wconf 87' lang='lat' dir='ltr'>sunt</span> <span class='ocrx_word' id='word_1_217' title='bbox 986 1862 1052 1907; x_wconf 88' lang='lat' dir='ltr'>et,</span> <span class='ocrx_word' id='word_1_218' title='bbox 1083 1856 1292 1895; x_wconf 87' lang='lat' dir='ltr'>remissis</span> <span class='ocrx_word' id='word_1_219' title='bbox 1322 1857 1456 1907; x_wconf 87' lang='lat' dir='ltr'>plene</span> <span class='ocrx_word' id='word_1_220' title='bbox 1485 1855 1666 1907; x_wconf 84' lang='lat' dir='ltr'>injuriis</span> <span class='ocrx_word' id='word_1_221' title='bbox 1698 1856 1895 1909; x_wconf 70' lang='lat' dir='ltr'>odioquc¹</span> 
     </span>
     <span class='ocr_line' id='line_1_26' title="bbox 255 1927 1893 1981; baseline 0 -13"><span class='ocrx_word' id='word_1_222' title='bbox 255 1928 383 1968; x_wconf 88' lang='lat' dir='ltr'>omni</span> <span class='ocrx_word' id='word_1_223' title='bbox 404 1928 631 1980; x_wconf 90' lang='lat' dir='ltr'>deposito,</span> <span class='ocrx_word' id='word_1_224' title='bbox 656 1927 872 1981; x_wconf 86' lang='lat' dir='ltr'>absoluti,</span> <span class='ocrx_word' id='word_1_225' title='bbox 897 1927 1070 1967; x_wconf 87' lang='lat' dir='ltr'>hilares</span> <span class='ocrx_word' id='word_1_226' title='bbox 1092 1927 1306 1977; x_wconf 83' lang='lat' dir='ltr'>abierunt</span> <span class='ocrx_word' id='word_1_227' title='bbox 1325 1938 1333 1978; x_wconf 86' lang='lat'>;</span> <span class='ocrx_word' id='word_1_228' title='bbox 1358 1939 1555 1979; x_wconf 87' lang='lat' dir='ltr'>quorum</span> <span class='ocrx_word' id='word_1_229' title='bbox 1578 1928 1695 1968; x_wconf 88' lang='lat' dir='ltr'>alter</span> <span class='ocrx_word' id='word_1_230' title='bbox 1716 1939 1771 1968; x_wconf 80' lang='lat' dir='ltr'>eo</span> <span class='ocrx_word' id='word_1_231' title='bbox 1794 1935 1893 1968; x_wconf 87' lang='lat' dir='ltr'>erat</span> 
     </span>
     <span class='ocr_line' id='line_1_27' title="bbox 253 1988 1889 2051; baseline 0 -11"><span class='ocrx_word' id='word_1_232' title='bbox 253 1988 549 2040; x_wconf 82' lang='lat' dir='ltr'>miserandus</span> <span class='ocrx_word' id='word_1_233' title='bbox 583 1999 735 2051; x_wconf 84' lang='lat' dir='ltr'>magis</span> <span class='ocrx_word' id='word_1_234' title='bbox 772 1999 894 2051; x_wconf 91' lang='lat' dir='ltr'>quod</span> <span class='ocrx_word' id='word_1_235' title='bbox 930 1999 1123 2039; x_wconf 87' lang='lat' dir='ltr'>alterius</span> <span class='ocrx_word' id='word_1_236' title='bbox 1157 1999 1419 2039; x_wconf 84' lang='lat' dir='ltr'>sacerdotis</span> <span class='ocrx_word' id='word_1_237' title='bbox 1453 1999 1556 2039; x_wconf 90' lang='lat' dir='ltr'>neci</span> <span class='ocrx_word' id='word_1_238' title='bbox 1586 1999 1889 2050; x_wconf 86' lang='lat' dir='ltr'>interfuisset,</span> 
     </span>
     <span class='ocr_line' id='line_1_28' title="bbox 253 2069 1891 2123; baseline -0.001 -12"><span class='ocrx_word' id='word_1_239' title='bbox 253 2072 561 2123; x_wconf 87' lang='lat' dir='ltr'>quamobrem</span> <span class='ocrx_word' id='word_1_240' title='bbox 581 2076 625 2111; x_wconf 92' lang='lat' dir='ltr'>et</span> <span class='ocrx_word' id='word_1_241' title='bbox 646 2083 670 2111; x_wconf 89' lang='lat' dir='ltr'>a</span> <span class='ocrx_word' id='word_1_242' title='bbox 695 2071 826 2111; x_wconf 90' lang='lat' dir='ltr'>socio</span> <span class='ocrx_word' id='word_1_243' title='bbox 849 2070 908 2110; x_wconf 89' lang='lat' dir='ltr'>ad</span> <span class='ocrx_word' id='word_1_244' title='bbox 928 2070 1077 2110; x_wconf 91' lang='lat' dir='ltr'>simile</span> <span class='ocrx_word' id='word_1_245' title='bbox 1097 2069 1250 2110; x_wconf 85' lang='lat' dir='ltr'>fuerat</span> <span class='ocrx_word' id='word_1_246' title='bbox 1273 2070 1426 2110; x_wconf 82' lang='lat' dir='ltr'>scelus</span> <span class='ocrx_word' id='word_1_247' title='bbox 1449 2076 1732 2122; x_wconf 86' lang='lat' dir='ltr'>assumptus,</span> <span class='ocrx_word' id='word_1_248' title='bbox 1756 2071 1891 2122; x_wconf 80' lang='lat' dir='ltr'>quasi</span> 
     </span>
     <span class='ocr_line' id='line_1_29' title="bbox 251 2140 1889 2195; baseline -0.001 -12"><span class='ocrx_word' id='word_1_249' title='bbox 251 2142 341 2183; x_wconf 87' lang='lat' dir='ltr'>hac</span> <span class='ocrx_word' id='word_1_250' title='bbox 370 2143 417 2183; x_wconf 92' lang='lat' dir='ltr'>in</span> <span class='ocrx_word' id='word_1_251' title='bbox 444 2154 494 2183; x_wconf 91' lang='lat' dir='ltr'>re</span> <span class='ocrx_word' id='word_1_252' title='bbox 520 2143 712 2195; x_wconf 87' lang='lat' dir='ltr'>peritus.</span> <span class='ocrx_word' id='word_1_253' title='bbox 750 2142 806 2182; x_wconf 87' lang='lat' dir='ltr'>Et</span> <span class='ocrx_word' id='word_1_254' title='bbox 842 2141 1073 2193; x_wconf 87' lang='lat' dir='ltr'>quaedam</span> <span class='ocrx_word' id='word_1_255' title='bbox 1108 2142 1273 2182; x_wconf 81' lang='lat' dir='ltr'>mulier</span> <span class='ocrx_word' id='word_1_256' title='bbox 1309 2141 1452 2181; x_wconf 91' lang='lat' dir='ltr'>occisi</span> <span class='ocrx_word' id='word_1_257' title='bbox 1480 2140 1640 2181; x_wconf 85' lang='lat' dir='ltr'>fratris</span> <span class='ocrx_word' id='word_1_258' title='bbox 1673 2141 1889 2193; x_wconf 87' lang='lat' dir='ltr'>injuriam</span> 
     </span>
     <span class='ocr_line' id='line_1_30' title="bbox 253 2211 1889 2266; baseline -0.001 -11"><span class='ocrx_word' id='word_1_259' title='bbox 253 2221 392 2266; x_wconf 85' lang='lat' dir='ltr'>atque</span> <span class='ocrx_word' id='word_1_260' title='bbox 414 2226 472 2254; x_wconf 80' lang='lat' dir='ltr'>ex</span> <span class='ocrx_word' id='word_1_261' title='bbox 494 2227 549 2254; x_wconf 89' lang='lat' dir='ltr'>ea</span> <span class='ocrx_word' id='word_1_262' title='bbox 571 2214 729 2254; x_wconf 88' lang='lat' dir='ltr'>odium</span> <span class='ocrx_word' id='word_1_263' title='bbox 750 2213 876 2265; x_wconf 89' lang='lat' dir='ltr'>quod</span> <span class='ocrx_word' id='word_1_264' title='bbox 897 2213 974 2253; x_wconf 89' lang='lat' dir='ltr'>diu</span> <span class='ocrx_word' id='word_1_265' title='bbox 1004 2211 1011 2231; x_wconf 92' lang='lat'><strong>¹</strong></span> <span class='ocrx_word' id='word_1_266' title='bbox 1042 2218 1232 2265; x_wconf 82' lang='lat' dir='ltr'>pectore</span> <span class='ocrx_word' id='word_1_267' title='bbox 1262 2212 1470 2264; x_wconf 85' lang='lat' dir='ltr'>foverat,</span> <span class='ocrx_word' id='word_1_268' title='bbox 1503 2213 1687 2264; x_wconf 88' lang='lat' dir='ltr'>penitus</span> <span class='ocrx_word' id='word_1_269' title='bbox 1721 2213 1889 2254; x_wconf 88' lang='lat' dir='ltr'>abiecit</span> 
     </span>
     <span class='ocr_line' id='line_1_31' title="bbox 252 2283 1885 2332; baseline -0.001 -6"><span class='ocrx_word' id='word_1_270' title='bbox 252 2292 296 2325; x_wconf 89' lang='lat' dir='ltr'>et</span> <span class='ocrx_word' id='word_1_271' title='bbox 319 2285 595 2326; x_wconf 83' lang='lat' dir='ltr'>authoribus</span> <span class='ocrx_word' id='word_1_272' title='bbox 616 2285 807 2325; x_wconf 87' lang='lat' dir='ltr'>sceleris</span> <span class='ocrx_word' id='word_1_273' title='bbox 829 2285 987 2324; x_wconf 89' lang='lat' dir='ltr'>omnia</span> <span class='ocrx_word' id='word_1_274' title='bbox 1007 2284 1200 2324; x_wconf 87' lang='lat' dir='ltr'>remisit.</span> <span class='ocrx_word' id='word_1_275' title='bbox 1224 2283 1320 2324; x_wconf 91' lang='lat' dir='ltr'>Nec</span> <span class='ocrx_word' id='word_1_276' title='bbox 1343 2289 1466 2324; x_wconf 91' lang='lat' dir='ltr'>esset</span> <span class='ocrx_word' id='word_1_277' title='bbox 1486 2283 1598 2324; x_wconf 88' lang='lat' dir='ltr'>illud</span> <span class='ocrx_word' id='word_1_278' title='bbox 1620 2284 1885 2332; x_wconf 85' lang='lat' dir='ltr'>tacendum,</span> 
     </span>
     <span class='ocr_line' id='line_1_32' title="bbox 252 2355 1887 2409; baseline -0.002 -11"><span class='ocrx_word' id='word_1_279' title='bbox 252 2357 376 2409; x_wconf 86' lang='lat' dir='ltr'>quod</span> <span class='ocrx_word' id='word_1_280' title='bbox 415 2357 605 2409; x_wconf 85' lang='lat' dir='ltr'>quidam</span> <span class='ocrx_word' id='word_1_281' title='bbox 643 2357 790 2396; x_wconf 88' lang='lat' dir='ltr'>tribus</span> <span class='ocrx_word' id='word_1_282' title='bbox 826 2356 923 2408; x_wconf 86' lang='lat' dir='ltr'>jam</span> <span class='ocrx_word' id='word_1_283' title='bbox 958 2355 1127 2396; x_wconf 88' lang='lat' dir='ltr'>abhinc</span> <span class='ocrx_word' id='word_1_284' title='bbox 1162 2355 1297 2395; x_wconf 89' lang='lat' dir='ltr'>annis</span> <span class='ocrx_word' id='word_1_285' title='bbox 1336 2355 1745 2395; x_wconf 84' lang='lat' dir='ltr'>vehementissimo</span> <span class='ocrx_word' id='word_1_286' title='bbox 1781 2356 1887 2395; x_wconf 89' lang='lat' dir='ltr'>odio</span> 
     </span>
     <span class='ocr_line' id='line_1_33' title="bbox 252 2426 1884 2479; baseline -0.002 -10"><span class='ocrx_word' id='word_1_287' title='bbox 252 2435 347 2469; x_wconf 88' lang='lat' dir='ltr'>tres</span> <span class='ocrx_word' id='word_1_288' title='bbox 368 2428 585 2468; x_wconf 89' lang='lat' dir='ltr'>homines</span> <span class='ocrx_word' id='word_1_289' title='bbox 604 2428 996 2479; x_wconf 86' lang='lat' dir='ltr'>prosequebatur;</span> <span class='ocrx_word' id='word_1_290' title='bbox 1020 2427 1192 2478; x_wconf 85' lang='lat' dir='ltr'>itaque,</span> <span class='ocrx_word' id='word_1_291' title='bbox 1216 2426 1353 2466; x_wconf 86' lang='lat' dir='ltr'>tertio</span> <span class='ocrx_word' id='word_1_292' title='bbox 1376 2426 1565 2466; x_wconf 91' lang='lat' dir='ltr'>domum</span> <span class='ocrx_word' id='word_1_293' title='bbox 1586 2437 1819 2478; x_wconf 84' lang='lat' dir='ltr'>egressus,</span> <span class='ocrx_word' id='word_1_294' title='bbox 1839 2427 1884 2466; x_wconf 87' lang='lat' dir='ltr'>in</span> 
     </span>
     <span class='ocr_line' id='line_1_34' title="bbox 250 2497 1883 2550; baseline -0.002 -10"><span class='ocrx_word' id='word_1_295' title='bbox 250 2500 340 2540; x_wconf 93' lang='lat' dir='ltr'>hoc</span> <span class='ocrx_word' id='word_1_296' title='bbox 357 2500 510 2540; x_wconf 84' lang='lat' dir='ltr'>fuerat</span> <span class='ocrx_word' id='word_1_297' title='bbox 531 2505 580 2539; x_wconf 91' lang='lat' dir='ltr'>ut</span> <span class='ocrx_word' id='word_1_298' title='bbox 602 2498 658 2538; x_wconf 89' lang='lat' dir='ltr'>iis</span> <span class='ocrx_word' id='word_1_299' title='bbox 678 2498 826 2538; x_wconf 85' lang='lat' dir='ltr'>vitam</span> <span class='ocrx_word' id='word_1_300' title='bbox 847 2498 1063 2550; x_wconf 89' lang='lat' dir='ltr'>eriperet,</span> <span class='ocrx_word' id='word_1_301' title='bbox 1088 2503 1133 2537; x_wconf 91' lang='lat' dir='ltr'>et</span> <span class='ocrx_word' id='word_1_302' title='bbox 1154 2497 1355 2549; x_wconf 89' lang='lat' dir='ltr'>quinque</span> <span class='ocrx_word' id='word_1_303' title='bbox 1377 2503 1458 2537; x_wconf 83' lang='lat' dir='ltr'>aut</span> <span class='ocrx_word' id='word_1_304' title='bbox 1474 2509 1558 2537; x_wconf 85' lang='lat' dir='ltr'>sex</span> <span class='ocrx_word' id='word_1_305' title='bbox 1578 2497 1712 2537; x_wconf 84' lang='lat' dir='ltr'>annis</span> <span class='ocrx_word' id='word_1_306' title='bbox 1729 2509 1883 2537; x_wconf 87' lang='lat' dir='ltr'>sacra-</span> 
     </span>
     <span class='ocr_line' id='line_1_35' title="bbox 250 2568 1880 2620; baseline -0.001 -9"><span class='ocrx_word' id='word_1_307' title='bbox 250 2577 405 2611; x_wconf 90' lang='lat' dir='ltr'>mento</span> <span class='ocrx_word' id='word_1_308' title='bbox 441 2569 750 2611; x_wconf 89' lang='lat' dir='ltr'>confessionis</span> <span class='ocrx_word' id='word_1_309' title='bbox 784 2580 887 2609; x_wconf 88' lang='lat' dir='ltr'>sese</span> <span class='ocrx_word' id='word_1_310' title='bbox 921 2569 1214 2620; x_wconf 65' lang='lat' dir='ltr'>privaverat,</span> <span class='ocrx_word' id='word_1_311' title='bbox 1245 2568 1323 2619; x_wconf 89' lang='lat' dir='ltr'>qui</span> <span class='ocrx_word' id='word_1_312' title='bbox 1350 2568 1474 2620; x_wconf 88' lang='lat' dir='ltr'>apud</span> <span class='ocrx_word' id='word_1_313' title='bbox 1503 2579 1589 2608; x_wconf 88' lang='lat' dir='ltr'>nos</span> <span class='ocrx_word' id='word_1_314' title='bbox 1624 2568 1880 2617; x_wconf 78' lang='lat' dir='ltr'>confessuS,</span> 
     </span>
     <span class='ocr_line' id='line_1_36' title="bbox 248 2638 1882 2693; baseline -0.002 -11"><span class='ocrx_word' id='word_1_315' title='bbox 248 2643 325 2693; x_wconf 86' lang='lat' dir='ltr'>pio</span> <span class='ocrx_word' id='word_1_316' title='bbox 345 2653 669 2693; x_wconf 85' lang='lat' dir='ltr'>generosoque</span> <span class='ocrx_word' id='word_1_317' title='bbox 692 2640 847 2680; x_wconf 89' lang='lat' dir='ltr'>animo</span> <span class='ocrx_word' id='word_1_318' title='bbox 869 2640 958 2679; x_wconf 90' lang='lat' dir='ltr'>illis</span> <span class='ocrx_word' id='word_1_319' title='bbox 980 2639 1202 2691; x_wconf 88' lang='lat' dir='ltr'>pepercit.</span> <span class='ocrx_word' id='word_1_320' title='bbox 1226 2638 1317 2679; x_wconf 84' lang='lat' dir='ltr'>Sed</span> <span class='ocrx_word' id='word_1_321' title='bbox 1338 2639 1377 2678; x_wconf 85' lang='lat' dir='ltr'>si</span> <span class='ocrx_word' id='word_1_322' title='bbox 1393 2639 1712 2679; x_wconf 85' lang='lat' dir='ltr'>narrationem</span> <span class='ocrx_word' id='word_1_323' title='bbox 1729 2639 1882 2690; x_wconf 85' lang='lat' dir='ltr'>singu-</span> 
     </span>
     <span class='ocr_line' id='line_1_37' title="bbox 246 2709 1881 2765; baseline -0.002 -11"><span class='ocrx_word' id='word_1_324' title='bbox 246 2714 400 2754; x_wconf 86' lang='lat' dir='ltr'>lorum</span> <span class='ocrx_word' id='word_1_325' title='bbox 421 2712 675 2765; x_wconf 84' lang='lat' dir='ltr'>aggrediar</span> <span class='ocrx_word' id='word_1_326' title='bbox 696 2724 788 2752; x_wconf 90' lang='lat' dir='ltr'>non</span> <span class='ocrx_word' id='word_1_327' title='bbox 810 2711 896 2751; x_wconf 90' lang='lat' dir='ltr'>erit</span> <span class='ocrx_word' id='word_1_328' title='bbox 918 2709 1165 2761; x_wconf 87' lang='lat' dir='ltr'>scribendi,</span> <span class='ocrx_word' id='word_1_329' title='bbox 1191 2717 1240 2750; x_wconf 89' lang='lat' dir='ltr'>ut</span> <span class='ocrx_word' id='word_1_330' title='bbox 1262 2711 1326 2750; x_wconf 88' lang='lat' dir='ltr'>ita</span> <span class='ocrx_word' id='word_1_331' title='bbox 1358 2710 1533 2761; x_wconf 90' lang='lat' dir='ltr'>dicam,</span> <span class='ocrx_word' id='word_1_332' title='bbox 1563 2710 1680 2751; x_wconf 89' lang='lat' dir='ltr'>finis.</span> <span class='ocrx_word' id='word_1_333' title='bbox 1714 2710 1881 2762; x_wconf 80' lang='lat' dir='ltr'>Quam-</span> 
     </span>
     <span class='ocr_line' id='line_1_38' title="bbox 247 2784 1452 2834; baseline -0.002 -11"><span class='ocrx_word' id='word_1_334' title='bbox 247 2785 407 2825; x_wconf 86' lang='lat' dir='ltr'>obrem</span> <span class='ocrx_word' id='word_1_335' title='bbox 429 2784 487 2825; x_wconf 90' lang='lat' dir='ltr'>ad</span> <span class='ocrx_word' id='word_1_336' title='bbox 509 2784 599 2823; x_wconf 92' lang='lat' dir='ltr'>alia</span> <span class='ocrx_word' id='word_1_337' title='bbox 621 2788 922 2834; x_wconf 84' lang='lat' dir='ltr'>peccatorum</span> <span class='ocrx_word' id='word_1_338' title='bbox 944 2793 1120 2833; x_wconf 82' lang='lat' dir='ltr'>genera</span> <span class='ocrx_word' id='word_1_339' title='bbox 1141 2787 1452 2822; x_wconf 88' lang='lat' dir='ltr'>transeamus.</span> 
     </span>
    </p>
   </div>
   <div class='ocr_carea' id='block_1_3' title="bbox 299 2942 1582 2978">
    <p class='ocr_par' dir='ltr' id='par_1_4' title="bbox 299 2942 1582 2978">
     <span class='ocr_line' id='line_1_39' title="bbox 299 2942 1582 2978; baseline 0.001 -10"><span class='ocrx_word' id='word_1_340' title='bbox 299 2942 308 2961; x_wconf 86' lang='lat'><em>¹</em></span> <span class='ocrx_word' id='word_1_341' title='bbox 348 2943 408 2968; x_wconf 81' lang='lat' dir='ltr'>din</span> <span class='ocrx_word' id='word_1_342' title='bbox 425 2944 559 2977; x_wconf 74' lang='lat' dir='ltr'>scripsit</span> <span class='ocrx_word' id='word_1_343' title='bbox 577 2943 631 2970; x_wconf 87' lang='lat' dir='ltr'>hic</span> <span class='ocrx_word' id='word_1_344' title='bbox 646 2942 822 2975; x_wconf 74' lang='lat' dir='ltr'>Polancus,</span> <span class='ocrx_word' id='word_1_345' title='bbox 837 2944 890 2970; x_wconf 84' lang='lat' dir='ltr'>ubi</span> <span class='ocrx_word' id='word_1_346' title='bbox 907 2944 1091 2978; x_wconf 70' lang='lat' dir='ltr'>scripserat</span> <span class='ocrx_word' id='word_1_347' title='bbox 1108 2943 1256 2970; x_wconf 77' lang='lat' dir='ltr'>Annibal</span> <span class='ocrx_word' id='word_1_348' title='bbox 1270 2943 1461 2977; x_wconf 78' lang='lat' dir='ltr'>plusquam</span> <span class='ocrx_word' id='word_1_349' title='bbox 1479 2950 1582 2969; x_wconf 81' lang='lat' dir='ltr'>anno.</span> 
     </span>
    </p>
   </div>
  </div>
 </body>
</html>
