<?xml version="1.0" encoding="UTF-8"?>
<!DOCTYPE html PUBLIC "-//W3C//DTD XHTML 1.0 Transitional//EN"
    "http://www.w3.org/TR/xhtml1/DTD/xhtml1-transitional.dtd">
<html xmlns="http://www.w3.org/1999/xhtml" xml:lang="en" lang="en">
 <head>
  <title>
</title>
<meta http-equiv="Content-Type" content="text/html;charset=utf-8" />
  <meta name='ocr-system' content='tesseract 3.04.00' />
  <meta name='ocr-capabilities' content='ocr_page ocr_carea ocr_par ocr_line ocrx_word'/>
</head>
<body>
  <div class='ocr_page' id='page_1' title='image "./litteraequadrime13lain_0520.png"; bbox 0 0 2074 3179; ppageno 0'>
   <div class='ocr_carea' id='block_1_1' title="bbox 286 156 1419 200">
    <p class='ocr_par' dir='ltr' id='par_1_1' title="bbox 286 156 1419 200">
     <span class='ocr_line' id='line_1_1' title="bbox 286 156 1419 200; baseline 0.002 -8"><span class='ocrx_word' id='word_1_1' title='bbox 286 157 359 194; x_wconf 56' lang='lat'>510⁴</span> <span class='ocrx_word' id='word_1_2' title='bbox 810 156 1033 193; x_wconf 62' lang='lat' dir='ltr'>LITTERAE</span> <span class='ocrx_word' id='word_1_3' title='bbox 1062 167 1419 200; x_wconf 77' lang='lat' dir='ltr'>QUADRiMEsrREs</span> 
     </span>
    </p>
   </div>
   <div class='ocr_carea' id='block_1_2' title="bbox 278 255 1940 2736">
    <p class='ocr_par' dir='ltr' id='par_1_2' title="bbox 282 255 1929 520">
     <span class='ocr_line' id='line_1_2' title="bbox 284 255 1929 307; baseline 0 -12"><span class='ocrx_word' id='word_1_4' title='bbox 284 256 422 306; x_wconf 77' lang='lat' dir='ltr'>signa</span> <span class='ocrx_word' id='word_1_5' title='bbox 445 255 699 296; x_wconf 77' lang='lat' dir='ltr'>deventum</span> <span class='ocrx_word' id='word_1_6' title='bbox 720 262 804 304; x_wconf 85' lang='lat' dir='ltr'>est,</span> <span class='ocrx_word' id='word_1_7' title='bbox 829 255 997 307; x_wconf 89' lang='lat' dir='ltr'>quibus</span> <span class='ocrx_word' id='word_1_8' title='bbox 1020 266 1125 295; x_wconf 90' lang='lat' dir='ltr'>cum</span> <span class='ocrx_word' id='word_1_9' title='bbox 1147 255 1387 306; x_wconf 85' lang='lat' dir='ltr'>colligeret</span> <span class='ocrx_word' id='word_1_10' title='bbox 1415 267 1519 295; x_wconf 88' lang='lat' dir='ltr'>eam</span> <span class='ocrx_word' id='word_1_11' title='bbox 1539 261 1697 295; x_wconf 89' lang='lat' dir='ltr'>tantae</span> <span class='ocrx_word' id='word_1_12' title='bbox 1718 255 1787 294; x_wconf 88' lang='lat' dir='ltr'>rei</span> <span class='ocrx_word' id='word_1_13' title='bbox 1814 255 1929 295; x_wconf 77' lang='lat' dir='ltr'>desi·</span> 
     </span>
     <span class='ocr_line' id='line_1_3' title="bbox 284 326 1929 379; baseline -0.001 -12"><span class='ocrx_word' id='word_1_14' title='bbox 284 327 413 367; x_wconf 91' lang='lat' dir='ltr'>derio</span> <span class='ocrx_word' id='word_1_15' title='bbox 438 327 606 377; x_wconf 87' lang='lat' dir='ltr'>teneri,</span> <span class='ocrx_word' id='word_1_16' title='bbox 638 327 719 366; x_wconf 88' lang='lat' dir='ltr'>tali</span> <span class='ocrx_word' id='word_1_17' title='bbox 747 326 972 366; x_wconf 83' lang='lat' dir='ltr'>beneficio</span> <span class='ocrx_word' id='word_1_18' title='bbox 993 338 1087 366; x_wconf 91' lang='lat' dir='ltr'>non</span> <span class='ocrx_word' id='word_1_19' title='bbox 1108 326 1330 379; x_wconf 81' lang='lat' dir='ltr'>privavit.</span> <span class='ocrx_word' id='word_1_20' title='bbox 1355 326 1475 377; x_wconf 84' lang='lat' dir='ltr'>Quid</span> <span class='ocrx_word' id='word_1_21' title='bbox 1497 327 1656 378; x_wconf 77' lang='lat' dir='ltr'>plura?</span> <span class='ocrx_word' id='word_1_22' title='bbox 1677 326 1727 366; x_wconf 87' lang='lat' dir='ltr'>In</span> <span class='ocrx_word' id='word_1_23' title='bbox 1749 332 1929 366; x_wconf 91' lang='lat' dir='ltr'>tantum</span> 
     </span>
     <span class='ocr_line' id='line_1_4' title="bbox 284 397 1927 450; baseline -0.001 -12"><span class='ocrx_word' id='word_1_24' title='bbox 284 399 478 450; x_wconf 88' lang='lat' dir='ltr'>spiritus</span> <span class='ocrx_word' id='word_1_25' title='bbox 500 398 737 438; x_wconf 80' lang='lat' dir='ltr'>fervorem</span> <span class='ocrx_word' id='word_1_26' title='bbox 758 398 985 449; x_wconf 89' lang='lat' dir='ltr'>perducta</span> <span class='ocrx_word' id='word_1_27' title='bbox 1007 404 1077 437; x_wconf 91' lang='lat' dir='ltr'>est</span> <span class='ocrx_word' id='word_1_28' title='bbox 1097 410 1123 437; x_wconf 91' lang='lat' dir='ltr'>a</span> <span class='ocrx_word' id='word_1_29' title='bbox 1146 397 1348 437; x_wconf 90' lang='lat' dir='ltr'>Domino</span> <span class='ocrx_word' id='word_1_30' title='bbox 1370 402 1420 437; x_wconf 91' lang='lat' dir='ltr'>ut</span> <span class='ocrx_word' id='word_1_31' title='bbox 1441 398 1599 437; x_wconf 89' lang='lat' dir='ltr'>nescio</span> <span class='ocrx_word' id='word_1_32' title='bbox 1621 398 1661 437; x_wconf 94' lang='lat' dir='ltr'>si</span> <span class='ocrx_word' id='word_1_33' title='bbox 1682 403 1862 437; x_wconf 90' lang='lat' dir='ltr'>tantum</span> <span class='ocrx_word' id='word_1_34' title='bbox 1882 397 1927 436; x_wconf 90' lang='lat' dir='ltr'>in</span> 
     </span>
     <span class='ocr_line' id='line_1_5' title="bbox 282 469 898 520; baseline -0.003 -10"><span class='ocrx_word' id='word_1_35' title='bbox 282 471 374 510; x_wconf 89' lang='lat' dir='ltr'>ulla</span> <span class='ocrx_word' id='word_1_36' title='bbox 399 470 494 510; x_wconf 86' lang='lat' dir='ltr'>alia</span> <span class='ocrx_word' id='word_1_37' title='bbox 517 469 713 520; x_wconf 84' lang='lat' dir='ltr'>reperiri</span> <span class='ocrx_word' id='word_1_38' title='bbox 733 469 898 520; x_wconf 83' lang='lat' dir='ltr'>possit.</span> 
     </span>
    </p>

    <p class='ocr_par' dir='ltr' id='par_1_3' title="bbox 281 538 1930 1234">
     <span class='ocr_line' id='line_1_6' title="bbox 364 538 1930 592; baseline -0.002 -11"><span class='ocrx_word' id='word_1_39' title='bbox 364 541 472 581; x_wconf 90' lang='lat' dir='ltr'>Non</span> <span class='ocrx_word' id='word_1_40' title='bbox 494 552 661 592; x_wconf 86' lang='lat' dir='ltr'>parum</span> <span class='ocrx_word' id='word_1_41' title='bbox 683 552 795 580; x_wconf 91' lang='lat' dir='ltr'>sane</span> <span class='ocrx_word' id='word_1_42' title='bbox 815 540 995 580; x_wconf 87' lang='lat' dir='ltr'>fructus</span> <span class='ocrx_word' id='word_1_43' title='bbox 1014 552 1072 580; x_wconf 88' lang='lat' dir='ltr'>ex</span> <span class='ocrx_word' id='word_1_44' title='bbox 1090 547 1309 592; x_wconf 84' lang='lat' dir='ltr'>suscepta</span> <span class='ocrx_word' id='word_1_45' title='bbox 1327 540 1385 579; x_wconf 90' lang='lat' dir='ltr'>ad</span> <span class='ocrx_word' id='word_1_46' title='bbox 1400 540 1542 579; x_wconf 87' lang='lat' dir='ltr'>breve</span> <span class='ocrx_word' id='word_1_47' title='bbox 1559 545 1743 590; x_wconf 90' lang='lat' dir='ltr'>tempus</span> <span class='ocrx_word' id='word_1_48' title='bbox 1763 538 1771 557; x_wconf 90' lang='lat'>¹</span> <span class='ocrx_word' id='word_1_49' title='bbox 1793 538 1930 590; x_wconf 85' lang='lat' dir='ltr'>hujus</span> 
     </span>
     <span class='ocr_line' id='line_1_7' title="bbox 283 610 1930 663; baseline -0.002 -11"><span class='ocrx_word' id='word_1_50' title='bbox 283 612 563 652; x_wconf 82' lang='lat' dir='ltr'>monasterii</span> <span class='ocrx_word' id='word_1_51' title='bbox 586 612 833 663; x_wconf 85' lang='lat' dir='ltr'>provincia</span> <span class='ocrx_word' id='word_1_52' title='bbox 856 617 1197 663; x_wconf 80' lang='lat' dir='ltr'>consequutum</span> <span class='ocrx_word' id='word_1_53' title='bbox 1219 617 1307 661; x_wconf 89' lang='lat' dir='ltr'>est;</span> <span class='ocrx_word' id='word_1_54' title='bbox 1330 622 1439 650; x_wconf 90' lang='lat' dir='ltr'>nam</span> <span class='ocrx_word' id='word_1_55' title='bbox 1460 616 1647 662; x_wconf 88' lang='lat' dir='ltr'>praeter</span> <span class='ocrx_word' id='word_1_56' title='bbox 1668 610 1815 660; x_wconf 85' lang='lat' dir='ltr'>dicta,</span> <span class='ocrx_word' id='word_1_57' title='bbox 1841 610 1930 649; x_wconf 87' lang='lat' dir='ltr'>illis</span> 
     </span>
     <span class='ocr_line' id='line_1_8' title="bbox 281 680 1929 735; baseline -0.002 -12"><span class='ocrx_word' id='word_1_58' title='bbox 281 685 411 735; x_wconf 85' lang='lat' dir='ltr'>leges</span> <span class='ocrx_word' id='word_1_59' title='bbox 429 683 715 734; x_wconf 83' lang='lat' dir='ltr'>vivendique</span> <span class='ocrx_word' id='word_1_60' title='bbox 737 683 928 722; x_wconf 89' lang='lat' dir='ltr'>modum</span> <span class='ocrx_word' id='word_1_61' title='bbox 945 682 1267 734; x_wconf 77' lang='lat' dir='ltr'>praescripsit,</span> <span class='ocrx_word' id='word_1_62' title='bbox 1287 693 1376 733; x_wconf 89' lang='lat' dir='ltr'>quo</span> <span class='ocrx_word' id='word_1_63' title='bbox 1394 682 1622 721; x_wconf 90' lang='lat' dir='ltr'>hactenus</span> <span class='ocrx_word' id='word_1_64' title='bbox 1644 686 1776 720; x_wconf 87' lang='lat' dir='ltr'>erant</span> <span class='ocrx_word' id='word_1_65' title='bbox 1793 680 1929 720; x_wconf 88' lang='lat' dir='ltr'>desti-</span> 
     </span>
     <span class='ocr_line' id='line_1_9' title="bbox 281 751 1930 806; baseline -0.002 -11"><span class='ocrx_word' id='word_1_66' title='bbox 281 761 425 806; x_wconf 86' lang='lat' dir='ltr'>tutae,</span> <span class='ocrx_word' id='word_1_67' title='bbox 453 767 547 795; x_wconf 91' lang='lat' dir='ltr'>non</span> <span class='ocrx_word' id='word_1_68' title='bbox 568 755 722 794; x_wconf 86' lang='lat' dir='ltr'>minus</span> <span class='ocrx_word' id='word_1_69' title='bbox 744 759 962 794; x_wconf 90' lang='lat' dir='ltr'>sanctum</span> <span class='ocrx_word' id='word_1_70' title='bbox 979 765 1120 805; x_wconf 90' lang='lat' dir='ltr'>quam</span> <span class='ocrx_word' id='word_1_71' title='bbox 1141 753 1345 793; x_wconf 92' lang='lat' dir='ltr'>doctum.</span> <span class='ocrx_word' id='word_1_72' title='bbox 1369 752 1483 792; x_wconf 89' lang='lat' dir='ltr'>Mihi</span> <span class='ocrx_word' id='word_1_73' title='bbox 1501 751 1652 802; x_wconf 89' lang='lat' dir='ltr'>crede,</span> <span class='ocrx_word' id='word_1_74' title='bbox 1673 751 1720 792; x_wconf 83' lang='lat' dir='ltr'>P.</span> <span class='ocrx_word' id='word_1_75' title='bbox 1743 751 1866 803; x_wconf 91' lang='lat' dir='ltr'>Opt.,</span> <span class='ocrx_word' id='word_1_76' title='bbox 1893 752 1930 791; x_wconf 90' lang='lat' dir='ltr'>si</span> 
     </span>
     <span class='ocr_line' id='line_1_10' title="bbox 282 823 1930 878; baseline -0.003 -12"><span class='ocrx_word' id='word_1_77' title='bbox 282 827 505 877; x_wconf 90' lang='lat' dir='ltr'>omnium,</span> <span class='ocrx_word' id='word_1_78' title='bbox 529 838 650 878; x_wconf 90' lang='lat' dir='ltr'>quae</span> <span class='ocrx_word' id='word_1_79' title='bbox 667 826 725 865; x_wconf 90' lang='lat' dir='ltr'>ab</span> <span class='ocrx_word' id='word_1_80' title='bbox 745 837 798 865; x_wconf 89' lang='lat' dir='ltr'>eo</span> <span class='ocrx_word' id='word_1_81' title='bbox 816 831 1060 876; x_wconf 83' lang='lat' dir='ltr'>geruntur,</span> <span class='ocrx_word' id='word_1_82' title='bbox 1080 825 1327 876; x_wconf 80' lang='lat' dir='ltr'>congeries</span> <span class='ocrx_word' id='word_1_83' title='bbox 1339 823 1674 876; x_wconf 75' lang='lat' dir='ltr'>perscribenda</span> <span class='ocrx_word' id='word_1_84' title='bbox 1691 829 1826 872; x_wconf 84' lang='lat' dir='ltr'>esset,</span> <span class='ocrx_word' id='word_1_85' title='bbox 1844 834 1930 862; x_wconf 83' lang='lat' dir='ltr'>nec</span> 
     </span>
     <span class='ocr_line' id='line_1_11' title="bbox 285 894 1929 950; baseline -0.003 -12"><span class='ocrx_word' id='word_1_86' title='bbox 285 899 386 950; x_wconf 92' lang='lat' dir='ltr'>ipse</span> <span class='ocrx_word' id='word_1_87' title='bbox 408 897 566 937; x_wconf 89' lang='lat' dir='ltr'>verbis</span> <span class='ocrx_word' id='word_1_88' title='bbox 590 909 675 937; x_wconf 90' lang='lat' dir='ltr'>nec</span> <span class='ocrx_word' id='word_1_89' title='bbox 698 907 787 948; x_wconf 80' lang='lat' dir='ltr'>ego</span> <span class='ocrx_word' id='word_1_90' title='bbox 816 897 1004 948; x_wconf 90' lang='lat' dir='ltr'>scriptis</span> <span class='ocrx_word' id='word_1_91' title='bbox 1032 896 1250 948; x_wconf 90' lang='lat' dir='ltr'>persequi</span> <span class='ocrx_word' id='word_1_92' title='bbox 1277 907 1478 947; x_wconf 91' lang='lat' dir='ltr'>possem.</span> <span class='ocrx_word' id='word_1_93' title='bbox 1506 894 1731 946; x_wconf 84' lang='lat' dir='ltr'>Magnus,</span> <span class='ocrx_word' id='word_1_94' title='bbox 1760 900 1809 933; x_wconf 90' lang='lat' dir='ltr'>ut</span> <span class='ocrx_word' id='word_1_95' title='bbox 1840 906 1929 934; x_wconf 86' lang='lat' dir='ltr'>uno</span> 
     </span>
     <span class='ocr_line' id='line_1_12' title="bbox 281 966 1930 1020; baseline -0.004 -10"><span class='ocrx_word' id='word_1_96' title='bbox 281 969 428 1010; x_wconf 90' lang='lat' dir='ltr'>verbo</span> <span class='ocrx_word' id='word_1_97' title='bbox 451 969 629 1020; x_wconf 89' lang='lat' dir='ltr'>dicam,</span> <span class='ocrx_word' id='word_1_98' title='bbox 655 975 699 1008; x_wconf 94' lang='lat' dir='ltr'>et</span> <span class='ocrx_word' id='word_1_99' title='bbox 721 968 982 1008; x_wconf 88' lang='lat' dir='ltr'>indefessus</span> <span class='ocrx_word' id='word_1_100' title='bbox 1003 973 1073 1008; x_wconf 86' lang='lat' dir='ltr'>est</span> <span class='ocrx_word' id='word_1_101' title='bbox 1095 967 1364 1019; x_wconf 89' lang='lat' dir='ltr'>operarius,</span> <span class='ocrx_word' id='word_1_102' title='bbox 1388 966 1466 1018; x_wconf 92' lang='lat' dir='ltr'>qui</span> <span class='ocrx_word' id='word_1_103' title='bbox 1487 966 1701 1006; x_wconf 86' lang='lat' dir='ltr'>omnibus</span> <span class='ocrx_word' id='word_1_104' title='bbox 1722 976 1778 1004; x_wconf 89' lang='lat' dir='ltr'>ac</span> <span class='ocrx_word' id='word_1_105' title='bbox 1799 977 1930 1016; x_wconf 90' lang='lat' dir='ltr'>prae-</span> 
     </span>
     <span class='ocr_line' id='line_1_13' title="bbox 284 1037 1929 1093; baseline -0.004 -12"><span class='ocrx_word' id='word_1_106' title='bbox 284 1042 419 1093; x_wconf 83' lang='lat' dir='ltr'>cipue</span> <span class='ocrx_word' id='word_1_107' title='bbox 441 1041 599 1091; x_wconf 91' lang='lat' dir='ltr'>nobis,</span> <span class='ocrx_word' id='word_1_108' title='bbox 625 1040 704 1091; x_wconf 92' lang='lat' dir='ltr'>qui</span> <span class='ocrx_word' id='word_1_109' title='bbox 725 1040 906 1091; x_wconf 83' lang='lat' dir='ltr'>indigni</span> <span class='ocrx_word' id='word_1_110' title='bbox 935 1039 1033 1091; x_wconf 84' lang='lat' dir='ltr'>ejus</span> <span class='ocrx_word' id='word_1_111' title='bbox 1059 1038 1400 1090; x_wconf 89' lang='lat' dir='ltr'>jucundissimo</span> <span class='ocrx_word' id='word_1_112' title='bbox 1429 1037 1626 1078; x_wconf 84' lang='lat' dir='ltr'>fruimur</span> <span class='ocrx_word' id='word_1_113' title='bbox 1659 1043 1929 1087; x_wconf 81' lang='lat' dir='ltr'>conspectu,</span> 
     </span>
     <span class='ocr_line' id='line_1_14' title="bbox 284 1107 1929 1164; baseline -0.004 -11"><span class='ocrx_word' id='word_1_114' title='bbox 284 1113 400 1153; x_wconf 91' lang='lat' dir='ltr'>satis</span> <span class='ocrx_word' id='word_1_115' title='bbox 422 1113 578 1164; x_wconf 89' lang='lat' dir='ltr'>reipsa</span> <span class='ocrx_word' id='word_1_116' title='bbox 602 1111 895 1152; x_wconf 88' lang='lat' dir='ltr'>demonstrat</span> <span class='ocrx_word' id='word_1_117' title='bbox 917 1118 1094 1163; x_wconf 88' lang='lat' dir='ltr'>quanto</span> <span class='ocrx_word' id='word_1_118' title='bbox 1116 1111 1284 1160; x_wconf 87' lang='lat' dir='ltr'>studio,</span> <span class='ocrx_word' id='word_1_119' title='bbox 1309 1122 1444 1157; x_wconf 84' lang='lat' dir='ltr'>cura,</span> <span class='ocrx_word' id='word_1_120' title='bbox 1469 1108 1736 1158; x_wconf 80' lang='lat' dir='ltr'>sedulitate,</span> <span class='ocrx_word' id='word_1_121' title='bbox 1762 1107 1929 1147; x_wconf 90' lang='lat' dir='ltr'>ardore</span> 
     </span>
     <span class='ocr_line' id='line_1_15' title="bbox 281 1179 1925 1234; baseline -0.004 -10"><span class='ocrx_word' id='word_1_122' title='bbox 281 1197 338 1224; x_wconf 90' lang='lat' dir='ltr'>ac</span> <span class='ocrx_word' id='word_1_123' title='bbox 362 1184 594 1224; x_wconf 87' lang='lat' dir='ltr'>charitate</span> <span class='ocrx_word' id='word_1_124' title='bbox 617 1184 809 1234; x_wconf 82' lang='lat' dir='ltr'>negotia</span> <span class='ocrx_word' id='word_1_125' title='bbox 831 1183 987 1223; x_wconf 85' lang='lat' dir='ltr'>Patris</span> <span class='ocrx_word' id='word_1_126' title='bbox 1008 1182 1187 1223; x_wconf 88' lang='lat' dir='ltr'>aeterni</span> <span class='ocrx_word' id='word_1_127' title='bbox 1217 1181 1414 1222; x_wconf 89' lang='lat' dir='ltr'>tractari</span> <span class='ocrx_word' id='word_1_128' title='bbox 1440 1187 1484 1220; x_wconf 87' lang='lat' dir='ltr'>et</span> <span class='ocrx_word' id='word_1_129' title='bbox 1516 1179 1684 1220; x_wconf 89' lang='lat' dir='ltr'>confici</span> <span class='ocrx_word' id='word_1_130' title='bbox 1713 1179 1925 1219; x_wconf 89' lang='lat' dir='ltr'>debeant.</span> 
     </span>
    </p>

    <p class='ocr_par' dir='ltr' id='par_1_4' title="bbox 280 1250 1933 1737">
     <span class='ocr_line' id='line_1_16' title="bbox 366 1250 1933 1306; baseline -0.004 -10"><span class='ocrx_word' id='word_1_131' title='bbox 366 1255 734 1297; x_wconf 88' lang='lat' dir='ltr'>Communiones</span> <span class='ocrx_word' id='word_1_132' title='bbox 765 1266 1064 1306; x_wconf 87' lang='lat' dir='ltr'>nequaquam</span> <span class='ocrx_word' id='word_1_133' title='bbox 1092 1254 1385 1304; x_wconf 85' lang='lat' dir='ltr'>deseruntur,</span> <span class='ocrx_word' id='word_1_134' title='bbox 1423 1263 1621 1303; x_wconf 87' lang='lat' dir='ltr'>quarum</span> <span class='ocrx_word' id='word_1_135' title='bbox 1655 1250 1933 1290; x_wconf 83' lang='lat' dir='ltr'>assiduitate</span> 
     </span>
     <span class='ocr_line' id='line_1_17' title="bbox 282 1321 1933 1373; baseline -0.005 -5"><span class='ocrx_word' id='word_1_136' title='bbox 282 1327 401 1368; x_wconf 91' lang='lat' dir='ltr'>adeo</span> <span class='ocrx_word' id='word_1_137' title='bbox 422 1333 704 1368; x_wconf 78' lang='lat' dir='ltr'>exarserunt</span> <span class='ocrx_word' id='word_1_138' title='bbox 726 1327 773 1366; x_wconf 89' lang='lat' dir='ltr'>in</span> <span class='ocrx_word' id='word_1_139' title='bbox 791 1326 965 1367; x_wconf 89' lang='lat' dir='ltr'>Christi</span> <span class='ocrx_word' id='word_1_140' title='bbox 981 1325 1175 1365; x_wconf 87' lang='lat' dir='ltr'>Domini</span> <span class='ocrx_word' id='word_1_141' title='bbox 1196 1336 1404 1364; x_wconf 91' lang='lat' dir='ltr'>amorem</span> <span class='ocrx_word' id='word_1_142' title='bbox 1421 1323 1589 1373; x_wconf 87' lang='lat' dir='ltr'>crucis,</span> <span class='ocrx_word' id='word_1_143' title='bbox 1610 1329 1660 1362; x_wconf 88' lang='lat' dir='ltr'>ut</span> <span class='ocrx_word' id='word_1_144' title='bbox 1681 1323 1758 1362; x_wconf 86' lang='lat' dir='ltr'>vel</span> <span class='ocrx_word' id='word_1_145' title='bbox 1777 1321 1823 1361; x_wconf 89' lang='lat' dir='ltr'>in</span> <span class='ocrx_word' id='word_1_146' title='bbox 1841 1333 1933 1361; x_wconf 87' lang='lat' dir='ltr'>una</span> 
     </span>
     <span class='ocr_line' id='line_1_18' title="bbox 281 1393 1930 1450; baseline -0.004 -11"><span class='ocrx_word' id='word_1_147' title='bbox 281 1399 441 1450; x_wconf 88' lang='lat' dir='ltr'>domo,</span> <span class='ocrx_word' id='word_1_148' title='bbox 466 1405 511 1438; x_wconf 88' lang='lat' dir='ltr'>et</span> <span class='ocrx_word' id='word_1_149' title='bbox 534 1398 678 1438; x_wconf 88' lang='lat' dir='ltr'>nobili</span> <span class='ocrx_word' id='word_1_150' title='bbox 699 1410 833 1449; x_wconf 85' lang='lat' dir='ltr'>sane,</span> <span class='ocrx_word' id='word_1_151' title='bbox 861 1398 1064 1449; x_wconf 87' lang='lat' dir='ltr'>quinque</span> <span class='ocrx_word' id='word_1_152' title='bbox 1085 1396 1328 1447; x_wconf 82' lang='lat' dir='ltr'>religionis</span> <span class='ocrx_word' id='word_1_153' title='bbox 1350 1395 1514 1447; x_wconf 83' lang='lat' dir='ltr'>jugum</span> <span class='ocrx_word' id='word_1_154' title='bbox 1542 1394 1696 1434; x_wconf 89' lang='lat' dir='ltr'>subire</span> <span class='ocrx_word' id='word_1_155' title='bbox 1724 1393 1849 1444; x_wconf 90' lang='lat' dir='ltr'>apud</span> <span class='ocrx_word' id='word_1_156' title='bbox 1881 1405 1930 1432; x_wconf 88' lang='lat' dir='ltr'>se</span> 
     </span>
     <span class='ocr_line' id='line_1_19' title="bbox 280 1464 1927 1521; baseline -0.004 -10"><span class='ocrx_word' id='word_1_157' title='bbox 280 1470 546 1521; x_wconf 72' lang='lat' dir='ltr'>statuerint,</span> <span class='ocrx_word' id='word_1_158' title='bbox 566 1470 739 1510; x_wconf 89' lang='lat' dir='ltr'>multae</span> <span class='ocrx_word' id='word_1_159' title='bbox 757 1470 878 1510; x_wconf 89' lang='lat' dir='ltr'>aliae</span> <span class='ocrx_word' id='word_1_160' title='bbox 900 1470 1082 1521; x_wconf 75' lang='lat' dir='ltr'>puellae</span> <span class='ocrx_word' id='word_1_161' title='bbox 1102 1467 1330 1508; x_wconf 86' lang='lat' dir='ltr'>tenuioris</span> <span class='ocrx_word' id='word_1_162' title='bbox 1346 1467 1561 1507; x_wconf 82' lang='lat' dir='ltr'>fortunae</span> <span class='ocrx_word' id='word_1_163' title='bbox 1579 1464 1676 1516; x_wconf 89' lang='lat' dir='ltr'>jam</span> <span class='ocrx_word' id='word_1_164' title='bbox 1697 1465 1744 1505; x_wconf 91' lang='lat' dir='ltr'>id</span> <span class='ocrx_word' id='word_1_165' title='bbox 1765 1465 1927 1504; x_wconf 90' lang='lat' dir='ltr'>subiis-</span> 
     </span>
     <span class='ocr_line' id='line_1_20' title="bbox 280 1536 1929 1594; baseline -0.005 -11"><span class='ocrx_word' id='word_1_166' title='bbox 280 1548 405 1591; x_wconf 89' lang='lat' dir='ltr'>sent,</span> <span class='ocrx_word' id='word_1_167' title='bbox 430 1542 469 1582; x_wconf 92' lang='lat' dir='ltr'>si</span> <span class='ocrx_word' id='word_1_168' title='bbox 489 1554 573 1594; x_wconf 91' lang='lat' dir='ltr'>per</span> <span class='ocrx_word' id='word_1_169' title='bbox 594 1541 845 1581; x_wconf 86' lang='lat' dir='ltr'>facultates</span> <span class='ocrx_word' id='word_1_170' title='bbox 866 1541 1090 1581; x_wconf 89' lang='lat' dir='ltr'>licuisset.</span> <span class='ocrx_word' id='word_1_171' title='bbox 1114 1539 1288 1591; x_wconf 83' lang='lat' dir='ltr'>Magna</span> <span class='ocrx_word' id='word_1_172' title='bbox 1312 1538 1537 1588; x_wconf 84' lang='lat' dir='ltr'>omnium,</span> <span class='ocrx_word' id='word_1_173' title='bbox 1568 1537 1646 1588; x_wconf 90' lang='lat' dir='ltr'>qui</span> <span class='ocrx_word' id='word_1_174' title='bbox 1674 1536 1929 1576; x_wconf 90' lang='lat' dir='ltr'>confessio-</span> 
     </span>
     <span class='ocr_line' id='line_1_21' title="bbox 284 1607 1931 1665; baseline -0.004 -11"><span class='ocrx_word' id='word_1_175' title='bbox 284 1626 392 1654; x_wconf 88' lang='lat' dir='ltr'>nem</span> <span class='ocrx_word' id='word_1_176' title='bbox 413 1614 886 1665; x_wconf 89' lang='lat' dir='ltr'>communionemque</span> <span class='ocrx_word' id='word_1_177' title='bbox 908 1617 1164 1659; x_wconf 89' lang='lat' dir='ltr'>sectantur‚</span> <span class='ocrx_word' id='word_1_178' title='bbox 1188 1617 1259 1651; x_wconf 85' lang='lat' dir='ltr'>est</span> <span class='ocrx_word' id='word_1_179' title='bbox 1281 1610 1560 1660; x_wconf 85' lang='lat' dir='ltr'>obedientia,</span> <span class='ocrx_word' id='word_1_180' title='bbox 1584 1619 1759 1659; x_wconf 80' lang='lat' dir='ltr'>magna</span> <span class='ocrx_word' id='word_1_181' title='bbox 1781 1607 1931 1648; x_wconf 87' lang='lat' dir='ltr'>chari-</span> 
     </span>
     <span class='ocr_line' id='line_1_22' title="bbox 283 1685 801 1737; baseline -0.006 -11"><span class='ocrx_word' id='word_1_182' title='bbox 283 1692 379 1737; x_wconf 89' lang='lat' dir='ltr'>tas,</span> <span class='ocrx_word' id='word_1_183' title='bbox 404 1697 579 1736; x_wconf 83' lang='lat' dir='ltr'>magna</span> <span class='ocrx_word' id='word_1_184' title='bbox 601 1685 801 1736; x_wconf 89' lang='lat' dir='ltr'>puritas.</span> 
     </span>
    </p>

    <p class='ocr_par' dir='ltr' id='par_1_5' title="bbox 279 1751 1933 2166">
     <span class='ocr_line' id='line_1_23' title="bbox 361 1751 1928 1805; baseline -0.005 -8"><span class='ocrx_word' id='word_1_185' title='bbox 361 1756 633 1797; x_wconf 90' lang='lat' dir='ltr'>Concursus</span> <span class='ocrx_word' id='word_1_186' title='bbox 656 1757 702 1796; x_wconf 90' lang='lat' dir='ltr'>in</span> <span class='ocrx_word' id='word_1_187' title='bbox 727 1756 1035 1796; x_wconf 86' lang='lat' dir='ltr'>concionibus</span> <span class='ocrx_word' id='word_1_188' title='bbox 1052 1754 1241 1805; x_wconf 90' lang='lat' dir='ltr'>nostris,</span> <span class='ocrx_word' id='word_1_189' title='bbox 1267 1754 1647 1794; x_wconf 88' lang='lat' dir='ltr'>concionatorem</span> <span class='ocrx_word' id='word_1_190' title='bbox 1668 1751 1708 1791; x_wconf 93' lang='lat' dir='ltr'>si</span> <span class='ocrx_word' id='word_1_191' title='bbox 1729 1756 1928 1802; x_wconf 88' lang='lat' dir='ltr'>spectes,</span> 
     </span>
     <span class='ocr_line' id='line_1_24' title="bbox 280 1821 1929 1880; baseline -0.005 -12"><span class='ocrx_word' id='word_1_192' title='bbox 280 1839 385 1868; x_wconf 90' lang='lat' dir='ltr'>meo</span> <span class='ocrx_word' id='word_1_193' title='bbox 411 1827 588 1880; x_wconf 89' lang='lat' dir='ltr'>judicio</span> <span class='ocrx_word' id='word_1_194' title='bbox 617 1834 687 1867; x_wconf 92' lang='lat' dir='ltr'>est</span> <span class='ocrx_word' id='word_1_195' title='bbox 725 1826 888 1878; x_wconf 88' lang='lat' dir='ltr'>major.</span> <span class='ocrx_word' id='word_1_196' title='bbox 920 1825 1041 1866; x_wconf 90' lang='lat' dir='ltr'>Nam</span> <span class='ocrx_word' id='word_1_197' title='bbox 1062 1827 1308 1877; x_wconf 89' lang='lat' dir='ltr'>templum,</span> <span class='ocrx_word' id='word_1_198' title='bbox 1339 1825 1385 1865; x_wconf 93' lang='lat' dir='ltr'>in</span> <span class='ocrx_word' id='word_1_199' title='bbox 1413 1836 1503 1876; x_wconf 93' lang='lat' dir='ltr'>quo</span> <span class='ocrx_word' id='word_1_200' title='bbox 1532 1823 1584 1863; x_wconf 84' lang='lat' dir='ltr'>R.</span> <span class='ocrx_word' id='word_1_201' title='bbox 1619 1822 1766 1863; x_wconf 90' lang='lat' dir='ltr'>Dnus.</span> <span class='ocrx_word' id='word_1_202' title='bbox 1797 1821 1929 1861; x_wconf 90' lang='lat' dir='ltr'>Clau-</span> 
     </span>
     <span class='ocr_line' id='line_1_25' title="bbox 280 1891 1928 1949; baseline -0.005 -9"><span class='ocrx_word' id='word_1_203' title='bbox 280 1900 383 1940; x_wconf 92' lang='lat' dir='ltr'>dius</span> <span class='ocrx_word' id='word_1_204' title='bbox 406 1899 418 1917; x_wconf 69' lang='lat'><em>²</em></span> <span class='ocrx_word' id='word_1_205' title='bbox 440 1899 716 1940; x_wconf 85' lang='lat' dir='ltr'>concionari</span> <span class='ocrx_word' id='word_1_206' title='bbox 739 1904 1068 1949; x_wconf 86' lang='lat' dir='ltr'>consueverat,</span> <span class='ocrx_word' id='word_1_207' title='bbox 1094 1904 1242 1938; x_wconf 90' lang='lat' dir='ltr'>totum</span> <span class='ocrx_word' id='word_1_208' title='bbox 1264 1903 1523 1948; x_wconf 83' lang='lat' dir='ltr'>occupatur</span> <span class='ocrx_word' id='word_1_209' title='bbox 1543 1906 1630 1935; x_wconf 91' lang='lat' dir='ltr'>nec</span> <span class='ocrx_word' id='word_1_210' title='bbox 1652 1891 1928 1944; x_wconf 82' lang='lat' dir='ltr'>vulgaribus</span> 
     </span>
     <span class='ocr_line' id='line_1_26' title="bbox 279 1964 1933 2023; baseline -0.005 -11"><span class='ocrx_word' id='word_1_211' title='bbox 279 1971 508 2023; x_wconf 90' lang='lat' dir='ltr'>personis.</span> <span class='ocrx_word' id='word_1_212' title='bbox 533 1970 722 2011; x_wconf 89' lang='lat' dir='ltr'>Adsunt</span> <span class='ocrx_word' id='word_1_213' title='bbox 745 1982 912 2010; x_wconf 91' lang='lat' dir='ltr'>currus</span> <span class='ocrx_word' id='word_1_214' title='bbox 933 1981 1047 2022; x_wconf 92' lang='lat' dir='ltr'>prae</span> <span class='ocrx_word' id='word_1_215' title='bbox 1067 1969 1266 2019; x_wconf 85' lang='lat' dir='ltr'>foribus,</span> <span class='ocrx_word' id='word_1_216' title='bbox 1300 1969 1379 2020; x_wconf 92' lang='lat' dir='ltr'>qui</span> <span class='ocrx_word' id='word_1_217' title='bbox 1405 1967 1542 2007; x_wconf 86' lang='lat' dir='ltr'>facile</span> <span class='ocrx_word' id='word_1_218' title='bbox 1574 1964 1933 2012; x_wconf 86' lang='lat' dir='ltr'>admirationem</span> 
     </span>
     <span class='ocr_line' id='line_1_27' title="bbox 280 2034 1930 2094; baseline -0.005 -11"><span class='ocrx_word' id='word_1_219' title='bbox 280 2043 558 2083; x_wconf 86' lang='lat' dir='ltr'>excitarent.</span> <span class='ocrx_word' id='word_1_220' title='bbox 584 2041 684 2082; x_wconf 82' lang='lat' dir='ltr'>Soli</span> <span class='ocrx_word' id='word_1_221' title='bbox 707 2042 908 2094; x_wconf 88' lang='lat' dir='ltr'>sapienti</span> <span class='ocrx_word' id='word_1_222' title='bbox 929 2047 974 2081; x_wconf 91' lang='lat' dir='ltr'>et</span> <span class='ocrx_word' id='word_1_223' title='bbox 995 2040 1248 2081; x_wconf 88' lang='lat' dir='ltr'>immortali</span> <span class='ocrx_word' id='word_1_224' title='bbox 1276 2039 1377 2080; x_wconf 89' lang='lat' dir='ltr'>Deo</span> <span class='ocrx_word' id='word_1_225' title='bbox 1401 2038 1554 2090; x_wconf 83' lang='lat' dir='ltr'>gloria</span> <span class='ocrx_word' id='word_1_226' title='bbox 1580 2044 1625 2078; x_wconf 90' lang='lat' dir='ltr'>et</span> <span class='ocrx_word' id='word_1_227' title='bbox 1654 2037 1818 2085; x_wconf 87' lang='lat' dir='ltr'>honor,</span> <span class='ocrx_word' id='word_1_228' title='bbox 1853 2034 1930 2086; x_wconf 89' lang='lat' dir='ltr'>qui</span> 
     </span>
     <span class='ocr_line' id='line_1_28' title="bbox 280 2112 1176 2166; baseline -0.003 -11"><span class='ocrx_word' id='word_1_229' title='bbox 280 2120 438 2155; x_wconf 89' lang='lat' dir='ltr'>mutos</span> <span class='ocrx_word' id='word_1_230' title='bbox 459 2114 571 2154; x_wconf 91' lang='lat' dir='ltr'>facit</span> <span class='ocrx_word' id='word_1_231' title='bbox 595 2114 721 2166; x_wconf 90' lang='lat' dir='ltr'>loqui</span> <span class='ocrx_word' id='word_1_232' title='bbox 742 2121 786 2153; x_wconf 84' lang='lat' dir='ltr'>et</span> <span class='ocrx_word' id='word_1_233' title='bbox 808 2113 977 2153; x_wconf 90' lang='lat' dir='ltr'>surdos</span> <span class='ocrx_word' id='word_1_234' title='bbox 999 2112 1176 2153; x_wconf 91' lang='lat' dir='ltr'>audire.</span> 
     </span>
    </p>

    <p class='ocr_par' dir='ltr' id='par_1_6' title="bbox 278 2181 1940 2736">
     <span class='ocr_line' id='line_1_29' title="bbox 360 2181 1927 2237; baseline -0.006 -11"><span class='ocrx_word' id='word_1_235' title='bbox 360 2185 466 2226; x_wconf 90' lang='lat' dir='ltr'>Non</span> <span class='ocrx_word' id='word_1_236' title='bbox 488 2192 558 2226; x_wconf 91' lang='lat' dir='ltr'>est</span> <span class='ocrx_word' id='word_1_237' title='bbox 580 2184 707 2237; x_wconf 93' lang='lat' dir='ltr'>quod</span> <span class='ocrx_word' id='word_1_238' title='bbox 730 2185 786 2225; x_wconf 88' lang='lat' dir='ltr'>de</span> <span class='ocrx_word' id='word_1_239' title='bbox 809 2184 1103 2237; x_wconf 87' lang='lat' dir='ltr'>professione</span> <span class='ocrx_word' id='word_1_240' title='bbox 1130 2195 1236 2224; x_wconf 90' lang='lat' dir='ltr'>mea</span> <span class='ocrx_word' id='word_1_241' title='bbox 1263 2183 1410 2222; x_wconf 86' lang='lat' dir='ltr'>verba</span> <span class='ocrx_word' id='word_1_242' title='bbox 1440 2181 1633 2231; x_wconf 88' lang='lat' dir='ltr'>faciam,</span> <span class='ocrx_word' id='word_1_243' title='bbox 1663 2191 1769 2219; x_wconf 91' lang='lat' dir='ltr'>cum</span> <span class='ocrx_word' id='word_1_244' title='bbox 1796 2189 1927 2228; x_wconf 84' lang='lat' dir='ltr'>supe-</span> 
     </span>
     <span class='ocr_line' id='line_1_30' title="bbox 280 2254 1931 2306; baseline -0.007 -7"><span class='ocrx_word' id='word_1_245' title='bbox 280 2258 485 2299; x_wconf 86' lang='lat' dir='ltr'>rioribus</span> <span class='ocrx_word' id='word_1_246' title='bbox 519 2257 688 2297; x_wconf 89' lang='lat' dir='ltr'>litteris</span> <span class='ocrx_word' id='word_1_247' title='bbox 723 2256 840 2296; x_wconf 84' lang='lat' dir='ltr'>Rev.</span> <span class='ocrx_word' id='word_1_248' title='bbox 871 2255 921 2296; x_wconf 83' lang='lat' dir='ltr'>P.</span> <span class='ocrx_word' id='word_1_249' title='bbox 951 2256 1004 2296; x_wconf 88' lang='grc' dir='ltr'>Τ.</span> <span class='ocrx_word' id='word_1_250' title='bbox 1045 2254 1413 2306; x_wconf 85' lang='lat' dir='ltr'>significaverim</span> <span class='ocrx_word' id='word_1_251' title='bbox 1448 2263 1650 2304; x_wconf 91' lang='lat' dir='ltr'>quonam</span> <span class='ocrx_word' id='word_1_252' title='bbox 1684 2256 1823 2302; x_wconf 88' lang='lat' dir='ltr'>pacto</span> <span class='ocrx_word' id='word_1_253' title='bbox 1856 2261 1931 2289; x_wconf 89' lang='lat' dir='ltr'>res</span> 
     </span>
     <span class='ocr_line' id='line_1_31' title="bbox 281 2322 1929 2380; baseline -0.006 -10"><span class='ocrx_word' id='word_1_254' title='bbox 281 2329 491 2370; x_wconf 84' lang='lat' dir='ltr'>cesserit.</span> <span class='ocrx_word' id='word_1_255' title='bbox 516 2329 629 2380; x_wconf 90' lang='lat' dir='ltr'>Tot,</span> <span class='ocrx_word' id='word_1_256' title='bbox 654 2334 788 2380; x_wconf 90' lang='lat' dir='ltr'>put0‚</span> <span class='ocrx_word' id='word_1_257' title='bbox 815 2333 928 2379; x_wconf 89' lang='lat' dir='ltr'>quot</span> <span class='ocrx_word' id='word_1_258' title='bbox 951 2326 1168 2367; x_wconf 89' lang='lat' dir='ltr'>concioni</span> <span class='ocrx_word' id='word_1_259' title='bbox 1190 2325 1446 2377; x_wconf 88' lang='lat' dir='ltr'>superioris</span> <span class='ocrx_word' id='word_1_260' title='bbox 1468 2324 1578 2374; x_wconf 90' lang='lat' dir='ltr'>diei,</span> <span class='ocrx_word' id='word_1_261' title='bbox 1603 2322 1735 2363; x_wconf 83' lang='lat' dir='ltr'>Beati</span> <span class='ocrx_word' id='word_1_262' title='bbox 1763 2332 1929 2372; x_wconf 87' lang='lat' dir='ltr'>nempe</span> 
     </span>
     <span class='ocr_line' id='line_1_32' title="bbox 280 2392 1924 2453; baseline -0.006 -12"><span class='ocrx_word' id='word_1_263' title='bbox 280 2401 528 2453; x_wconf 76' lang='lat' dir='ltr'>Stephani,</span> <span class='ocrx_word' id='word_1_264' title='bbox 560 2400 632 2440; x_wconf 88' lang='lat' dir='ltr'>die</span> <span class='ocrx_word' id='word_1_265' title='bbox 662 2410 864 2451; x_wconf 87' lang='lat' dir='ltr'>namque</span> <span class='ocrx_word' id='word_1_266' title='bbox 891 2398 1087 2450; x_wconf 84' lang='lat' dir='ltr'>gloriosi</span> <span class='ocrx_word' id='word_1_267' title='bbox 1117 2397 1312 2451; x_wconf 89' lang='lat' dir='ltr'>Joannis</span> <span class='ocrx_word' id='word_1_268' title='bbox 1340 2395 1661 2446; x_wconf 83' lang='lat' dir='ltr'>evangelistae</span> <span class='ocrx_word' id='word_1_269' title='bbox 1688 2392 1811 2433; x_wconf 92' lang='lat' dir='ltr'>edita</span> <span class='ocrx_word' id='word_1_270' title='bbox 1840 2398 1924 2441; x_wconf 88' lang='lat' dir='ltr'>est,</span> 
     </span>
     <span class='ocr_line' id='line_1_33' title="bbox 280 2463 1929 2523; baseline -0.007 -11"><span class='ocrx_word' id='word_1_271' title='bbox 280 2472 487 2520; x_wconf 71' lang='lat' dir='ltr'>adfuere,</span> <span class='ocrx_word' id='word_1_272' title='bbox 504 2471 672 2523; x_wconf 89' lang='lat' dir='ltr'>paucis</span> <span class='ocrx_word' id='word_1_273' title='bbox 689 2470 919 2521; x_wconf 87' lang='lat' dir='ltr'>siquidem</span> <span class='ocrx_word' id='word_1_274' title='bbox 937 2469 1023 2509; x_wconf 89' lang='lat' dir='ltr'>sub</span> <span class='ocrx_word' id='word_1_275' title='bbox 1038 2469 1176 2509; x_wconf 87' lang='lat' dir='ltr'>finem</span> <span class='ocrx_word' id='word_1_276' title='bbox 1192 2467 1432 2508; x_wconf 90' lang='lat' dir='ltr'>concionis</span> <span class='ocrx_word' id='word_1_277' title='bbox 1448 2465 1763 2518; x_wconf 82' lang='lat' dir='ltr'>significatum</span> <span class='ocrx_word' id='word_1_278' title='bbox 1779 2463 1929 2502; x_wconf 87' lang='lat' dir='ltr'>fuerat</span> 
     </span>
     <span class='ocr_line' id='line_1_34' title="bbox 280 2533 1926 2596; baseline -0.007 -12"><span class='ocrx_word' id='word_1_279' title='bbox 280 2555 475 2596; x_wconf 91' lang='lat' dir='ltr'>precum</span> <span class='ocrx_word' id='word_1_280' title='bbox 496 2542 889 2594; x_wconf 87' lang='lat' dir='ltr'>postulandarum</span> <span class='ocrx_word' id='word_1_281' title='bbox 909 2541 1080 2592; x_wconf 82' lang='lat' dir='ltr'>gratia.</span> <span class='ocrx_word' id='word_1_282' title='bbox 1107 2539 1271 2580; x_wconf 87' lang='lat' dir='ltr'>Adfuit</span> <span class='ocrx_word' id='word_1_283' title='bbox 1291 2538 1407 2579; x_wconf 84' lang='lat' dir='ltr'>Rev.</span> <span class='ocrx_word' id='word_1_284' title='bbox 1431 2537 1662 2578; x_wconf 90' lang='lat' dir='ltr'>Dominus</span> <span class='ocrx_word' id='word_1_285' title='bbox 1691 2534 1877 2575; x_wconf 88' lang='lat' dir='ltr'>Rosseti</span> <span class='ocrx_word' id='word_1_286' title='bbox 1898 2533 1926 2579; x_wconf 73' lang='lat'>⁵,</span> 
     </span>
     <span class='ocr_line' id='line_1_35' title="bbox 280 2606 1940 2662; baseline -0.007 -6"><span class='ocrx_word' id='word_1_287' title='bbox 280 2615 477 2656; x_wconf 89' lang='lat' dir='ltr'>illustris</span> <span class='ocrx_word' id='word_1_288' title='bbox 507 2614 739 2655; x_wconf 90' lang='lat' dir='ltr'>Dominus</span> <span class='ocrx_word' id='word_1_289' title='bbox 775 2612 1048 2653; x_wconf 82' lang='lat' dir='ltr'>Alexander</span> <span class='ocrx_word' id='word_1_290' title='bbox 1075 2610 1090 2629; x_wconf 77' lang='lat'>⁴</span> <span class='ocrx_word' id='word_1_291' title='bbox 1126 2622 1181 2650; x_wconf 89' lang='lat' dir='ltr'>ac</span> <span class='ocrx_word' id='word_1_292' title='bbox 1217 2611 1426 2662; x_wconf 88' lang='lat' dir='ltr'>plerique</span> <span class='ocrx_word' id='word_1_293' title='bbox 1461 2608 1540 2649; x_wconf 91' lang='lat' dir='ltr'>alii</span> <span class='ocrx_word' id='word_1_294' title='bbox 1573 2619 1667 2647; x_wconf 90' lang='lat' dir='ltr'>non</span> <span class='ocrx_word' id='word_1_295' title='bbox 1700 2606 1940 2658; x_wconf 63' lang='lat' dir='ltr'>ignobiles&gt;</span> 
     </span>
     <span class='ocr_line' id='line_1_36' title="bbox 278 2678 1929 2736; baseline -0.007 -9"><span class='ocrx_word' id='word_1_296' title='bbox 278 2686 421 2727; x_wconf 91' lang='lat' dir='ltr'>amici</span> <span class='ocrx_word' id='word_1_297' title='bbox 442 2686 612 2736; x_wconf 88' lang='lat' dir='ltr'>nostri,</span> <span class='ocrx_word' id='word_1_298' title='bbox 639 2686 728 2726; x_wconf 90' lang='lat' dir='ltr'>hoc</span> <span class='ocrx_word' id='word_1_299' title='bbox 751 2693 841 2735; x_wconf 88' lang='lat' dir='ltr'>est,</span> <span class='ocrx_word' id='word_1_300' title='bbox 866 2683 1130 2724; x_wconf 84' lang='lat' dir='ltr'>Societatis.</span> <span class='ocrx_word' id='word_1_301' title='bbox 1154 2681 1247 2723; x_wconf 90' lang='lat' dir='ltr'>Illis</span> <span class='ocrx_word' id='word_1_302' title='bbox 1275 2681 1437 2721; x_wconf 91' lang='lat' dir='ltr'>diebus</span> <span class='ocrx_word' id='word_1_303' title='bbox 1467 2690 1662 2720; x_wconf 88' lang='lat' dir='ltr'>munera</span> <span class='ocrx_word' id='word_1_304' title='bbox 1689 2678 1824 2718; x_wconf 85' lang='lat' dir='ltr'>varia</span> <span class='ocrx_word' id='word_1_305' title='bbox 1854 2688 1929 2716; x_wconf 88' lang='lat' dir='ltr'>ne-</span> 
     </span>
    </p>
   </div>
   <div class='ocr_carea' id='block_1_3' title="bbox 334 2841 1638 2880">
    <p class='ocr_par' dir='ltr' id='par_1_7' title="bbox 334 2841 1638 2880">
     <span class='ocr_line' id='line_1_37' title="bbox 334 2841 1638 2880; baseline -0.006 -5"><span class='ocrx_word' id='word_1_306' title='bbox 334 2849 343 2868; x_wconf 60' lang='grc'><strong><em>*</em></strong></span> <span class='ocrx_word' id='word_1_307' title='bbox 385 2848 505 2875; x_wconf 86' lang='lat' dir='ltr'>Verba</span> <span class='ocrx_word' id='word_1_308' title='bbox 520 2848 606 2874; x_wconf 88' lang='lat' dir='ltr'>haec</span> <span class='ocrx_word' id='word_1_309' title='bbox 623 2847 670 2874; x_wconf 82' lang='lat' dir='ltr'>ad</span> <span class='ocrx_word' id='word_1_310' title='bbox 688 2847 799 2873; x_wconf 81' lang='lat' dir='ltr'>breve</span> <span class='ocrx_word' id='word_1_311' title='bbox 817 2847 960 2880; x_wconf 81' lang='lat' dir='ltr'>tempus</span> <span class='ocrx_word' id='word_1_312' title='bbox 975 2843 1173 2871; x_wconf 84' lang='lat' dir='ltr'>interseruit</span> <span class='ocrx_word' id='word_1_313' title='bbox 1189 2850 1290 2870; x_wconf 86' lang='lat' dir='ltr'>manu</span> <span class='ocrx_word' id='word_1_314' title='bbox 1304 2841 1444 2877; x_wconf 83' lang='lat' dir='ltr'>propria</span> <span class='ocrx_word' id='word_1_315' title='bbox 1461 2841 1638 2868; x_wconf 78' lang='lat' dir='ltr'>Pol-ancus.</span> 
     </span>
    </p>
   </div>
   <div class='ocr_carea' id='block_1_4' title="bbox 331 2894 1664 3018">
    <p class='ocr_par' dir='ltr' id='par_1_8' title="bbox 331 2894 1664 3018">
     <span class='ocr_line' id='line_1_38' title="bbox 334 2894 726 2929; baseline -0.003 -7"><span class='ocrx_word' id='word_1_316' title='bbox 334 2896 347 2914; x_wconf 72' lang='lat'><strong>2</strong></span> <span class='ocrx_word' id='word_1_317' title='bbox 386 2895 423 2922; x_wconf 91' lang='lat' dir='ltr'>P.</span> <span class='ocrx_word' id='word_1_318' title='bbox 441 2895 603 2922; x_wconf 84' lang='lat' dir='ltr'>Claudius</span> <span class='ocrx_word' id='word_1_319' title='bbox 619 2894 726 2929; x_wconf 84' lang='lat' dir='ltr'>Jajus.</span> 
     </span>
     <span class='ocr_line' id='line_1_39' title="bbox 333 2935 1664 2976; baseline -0.007 -5"><span class='ocrx_word' id='word_1_320' title='bbox 333 2944 348 2963; x_wconf 80' lang='lat'>⁵</span> <span class='ocrx_word' id='word_1_321' title='bbox 387 2943 419 2970; x_wconf 71' lang='lat' dir='ltr'>Is</span> <span class='ocrx_word' id='word_1_322' title='bbox 435 2944 497 2970; x_wconf 83' lang='lat' dir='ltr'>suit</span> <span class='ocrx_word' id='word_1_323' title='bbox 514 2942 746 2970; x_wconf 84' lang='lat' dir='ltr'>Comaclensis</span> <span class='ocrx_word' id='word_1_324' title='bbox 766 2941 968 2976; x_wconf 85' lang='lat' dir='ltr'>Episcopus,</span> <span class='ocrx_word' id='word_1_325' title='bbox 982 2943 1103 2974; x_wconf 84' lang='lat' dir='ltr'>postea</span> <span class='ocrx_word' id='word_1_326' title='bbox 1117 2938 1406 2973; x_wconf 84' lang='lat' dir='ltr'>Archiepiscopus</span> <span class='ocrx_word' id='word_1_327' title='bbox 1421 2935 1664 2964; x_wconf 83' lang='lat' dir='ltr'>Ferrariensis.</span> 
     </span>
     <span class='ocr_line' id='line_1_40' title="bbox 331 2989 746 3018; baseline -0.005 0"><span class='ocrx_word' id='word_1_328' title='bbox 331 2991 348 3010; x_wconf 67' lang='grc'>4</span> <span class='ocrx_word' id='word_1_329' title='bbox 384 2991 586 3018; x_wconf 83' lang='lat' dir='ltr'>Alexander</span> <span class='ocrx_word' id='word_1_330' title='bbox 601 2989 746 3017; x_wconf 80' lang='lat' dir='ltr'>Fieschi.</span> 
     </span>
    </p>
   </div>
  </div>
 </body>
</html>
