2074 3179
658 560 800 629 AD
845 555 1414 628 LECTOREM

303 1011 440 1050 Anno
466 1007 586 1058 1540,
611 1018 700 1058 quo
722 1017 803 1057 per
825 1006 1013 1045 diversa
1041 1005 1200 1045 Italiae
1229 1005 1353 1049 loca,
1378 1002 1437 1042 ad
1459 1003 1646 1042 vineam
1666 1001 1854 1042 Domini

220 1085 546 1134 excolendam,
595 1083 800 1135 dispersi.
837 1088 944 1122 sunt
991 1081 1241 1122 Societatis
1279 1092 1333 1120 eo
1372 1086 1581 1131 tempore
1619 1078 1855 1119 nascentis

222 1164 405 1213 Patres,
438 1161 527 1201 hoc
554 1162 620 1201 eis
650 1161 768 1200 inter
799 1160 889 1199 alia
922 1172 948 1199 a
979 1158 1230 1210 Superiore
1263 1168 1347 1197 suo
1382 1157 1565 1208 Ignatio
1599 1155 1856 1208 injunctum

218 1247 312 1290 est,
335 1245 384 1280 ut
404 1239 604 1280 Romam
624 1238 820 1289 singulis
837 1236 1206 1277 hebdomadibus
1222 1235 1402 1275 litteras
1419 1235 1670 1284 mitterent,
1689 1233 1736 1273 in
1759 1234 1852 1285 qui-

222 1319 306 1359 bus
327 1317 437 1370 quid
458 1329 539 1369 per
562 1328 641 1356 eos
662 1315 891 1356 Dominus
918 1320 1123 1365 gereret,
1155 1313 1362 1353 breviter
1389 1312 1471 1352 sed
1498 1311 1698 1352 dilucide
1725 1322 1855 1351 enar-

224 1401 382 1436 rarent
405 1395 541 1445 (Vide
569 1394 738 1433 Cartas
757 1404 789 1443 y
812 1396 945 1432 otros
983 1391 1182 1431 escrz'tos
1209 1389 1283 1430 del
1310 1390 1368 1429 Β.
1399 1389 1563 1429 Padre
1584 1389 1744 1428 Pedro
1767 1388 1856 1428 Fa-

222 1475 327 1519 hro,
365 1472 571 1525 passim).
609 1471 787 1511 Verum
823 1476 961 1509 aucto
997 1468 1243 1509 Sociorum
1281 1478 1496 1517 numero,
1518 1466 1614 1517 'qui
1647 1478 1742 1506 non
1775 1476 1857 1516 per

224 1551 383 1591 ltaliae
406 1550 575 1599 solum,
600 1547 680 1588 sed
702 1547 843 1587 etiam
864 1546 1160 1596 Germaniae,
1184 1544 1449 1594 Flandriae,
1474 1543 1670 1593 Galliae,
1692 1542 1857 1594 Hispa-

224 1628 349 1679 niae,
381 1625 718 1677 Portugalliae,
751 1623 957 1671 Siciliae,
991 1624 1131 1663 immo
1163 1628 1206 1662 et
1241 1621 1432 1662 Africae
1467 1626 1511 1660 et
1545 1619 1703 1660 Indiae
1737 1620 1854 1670 loca,

225 1704 453 1756 dispertiti
488 1709 641 1753 erant,
679 1702 860 1742 difficile
896 1701 1147 1741 admodum
1176 1699 1386 1751 pluribus
1419 1698 1505 1737 fuit
1538 1703 1634 1737 tam
1668 1678 1867 1737 crebras

226 1782 430 1821 scribere
449 1781 630 1821 litteras
652 1791 823 1831 easque
846 1779 1043 1819 Romam
1065 1782 1240 1817 statuto
1262 1782 1471 1827 tempore
1487 1775 1691 1825 mittere;
1716 1785 1858 1825 quare

224 1859 352 1911 prius
372 1864 675 1910 praeceptum
697 1856 977 1908 temperavit
998 1855 1228 1906 Ignatius,
1255 1852 1422 1904 jubens
1451 1863 1632 1902 omnes,
1658 1851 1735 1904 qui
1755 1863 1858 1903 pro-

226 1937 490 1977 vinciarum
510 1936 586 1975 vel
598 1935 914 1986 collegiorum,
934 1934 1010 1973 vel
1023 1931 1446 1983 congregationum
1461 1939 1859 1981 quarumcumque

226 2013 488 2064 Societatis‚
521 2025 639 2064 quae
662 2012 860 2052 duorum
888 2022 1132 2051 numerum
1160 2008 1428 2059 excederet,
1452 2006 1754 2058 Praepositos
1783 2006 1859 2045 vel

225 2091 464 2139 Rectores,
483 2091 558 2130 vel
574 2101 866 2142 quocumque
884 2088 1070 2128 nomine
1089 2086 1378 2137 Superiores,
1398 2097 1478 2125 eos
1496 2085 1695 2137 quidem,
1715 2083 1792 2135 qui
1812 2083 1859 2123 in

227 2168 357 2208 ltalia
378 2168 454 2207 vel
474 2166 647 2217 Sicilia,
669 2167 865 2218 singulis
889 2164 1213 2214 hebdomadis,
1239 2175 1319 2203 eos
1338 2174 1473 2212 vero,
1503 2162 1581 2213 qui
1600 2161 1647 2201 in
1668 2160 1857 2201 Germa-

228 2245 328 2295 nia,
351 2245 588 2296 Flandria,
613 2244 780 2294 Gallia,
805 2243 1033 2295 Hispania
1056 2253 1111 2282 ac
1132 2240 1445 2291 Portugallia,
1475 2239 1671 2290 singulis
1692 2237 1856 2278 mensi-

227 2322 333 2372 bus,
357 2332 439 2361 eos
461 2327 615 2361 autem
631 2322 707 2372 qui
726 2321 771 2360 in
793 2319 1120 2360 remotissimis
1141 2318 1299 2359 Indiae
1315 2316 1586 2367 regionibus
1606 2314 1856 2355 versaban-

226 2404 322 2449 tur,
341 2398 537 2449 singulis
554 2398 686 2438 annis
703 2409 786 2449 per
803 2409 852 2437 se
869 2398 945 2437 vel
966 2397 1085 2436 alios
1103 2428 1110 2446 ,
1134 2395 1333 2435 Romam
1349 2394 1409 2434 ad
1424 2393 1750 2444 Praepositum
1771 2392 1855 2432 Ge-

226 2476 434 2515 neralem
459 2475 685 2525 scribere,
716 2481 760 2515 et
791 2474 849 2514 ad
879 2475 1058 2514 litteras
1086 2471 1471 2513 transmittendas
1500 2469 1856 2510 convenientem

227 2564 391 2592 curam
408 2552 628 2592 adhibere
651 2552 673 2602 (
685 2552 855 2591 Cartas
876 2552 932 2591 de
953 2551 1052 2591 San
1074 2549 1277 2601 Ignacio
1291 2582 1303 2599 ,
1324 2555 1356 2589 t.
1379 2561 1429 2599 11,
1460 2559 1537 2599 pp.
1566 2546 1644 2586 207
1672 2552 1717 2586 et
1744 2544 1852 2594 423);

227 2635 272 2669 et
294 2641 351 2669 ne
371 2629 460 2669 hoc
483 2641 600 2669 onus
621 2628 853 2669 scribendi
874 2639 1022 2679 grave
1046 2627 1184 2667 nimis
1212 2625 1538 2678 Superioribus
1566 2623 1853 2670 redderetur,

228 2700 389 2740 statuit
412 2700 475 2750 (a.
503 2699 625 2749 1546>
647 2705 696 2739 ut
717 2700 817 2739 sive
839 2710 920 2750 per
949 2710 997 2739 se
1018 2698 1118 2739 sive
1146 2709 1229 2749 per
1258 2697 1397 2748 alios,
1425 2695 1591 2747 quibus
1619 2694 1740 2734 hanc
1767 2693 1855 2743 ipsi

229 2777 523 2828 provinciam
543 2776 818 2826 tribuerent,
843 2775 1067 2827 quidquid
1089 2775 1150 2814 ad
1171 2773 1543 2825 aedificationem
1553 2772 1741 2822 faceret
1762 2779 1855 2808 non

229 2854 425 2904 singulis
463 2860 541 2893 aut
580 2852 948 2893 hebdomadibus
987 2857 1066 2892 aut
1104 2850 1340 2891 mensibus
1375 2849 1655 2936 scriberent,
1693 2845 1774 2886 sed
1809 2845 1854 2884 in

1608 2945 1735 3009 ..0,-
