2074 3179
281 183 353 222 220
798 182 1024 220 LITTERAE
1051 193 1410 226 QUADRIMESTRES

364 278 634 320 Custoditur
656 277 863 330 (juvante
890 278 1111 327 Domino)
1144 279 1328 331 integra
1354 280 1465 320 unio
1493 285 1538 320 et
1566 279 1777 319 charitas
1805 279 1923 319 inter

282 361 385 402 nos,
404 350 526 390 unde
542 350 693 390 bonus
711 349 825 389 odor
843 349 902 389 ad
914 349 1157 401 proximos
1170 357 1374 402 emanat;
1395 358 1439 391 et
1452 351 1683 391 mirantur
1699 350 1922 401 plerique,

283 422 488 462 maxime
510 420 756 472 Religiosi‚
776 432 867 471 quo
887 426 1049 471 pacto,
1070 421 1190 461 inter
1206 427 1274 461 tot
1295 422 1577 462 domesticos
1598 432 1771 473 eosque
1792 421 1923 461 novi-

282 493 392 544 tios,
416 498 547 533 tanta
569 504 662 543 pax
684 498 727 532 et
757 491 978 531 alacritas
1001 498 1321 533 conservetur.
1345 492 1447 533 Deo
1470 493 1672 544 gratias,
1704 498 1815 543 etc.,
1847 492 1927 544 qui

283 565 492 605 omnium
511 564 742 603 bonorum
763 569 833 602 est
855 568 1034 602 auctor.

365 635 545 676 Domus
561 634 868 686 probationis,
891 634 937 674 in
958 645 1099 685 quarn
1114 635 1348 675 noluimus
1364 634 1591 675 hactenus
1607 636 1764 687 plures
1786 645 1927 687 quam

284 706 532 747 duodecim
550 704 747 756 juvenes
767 705 998 757 recipere,
1031 705 1202 756 partim
1229 706 1429 756 nobiles,
1460 706 1631 757 partim
1660 707 1925 757 populares,

283 778 372 818 Dei
389 776 615 818 beneficio
635 788 818 828 semper
837 776 1021 828 proficit
1042 776 1089 816 in
1105 777 1286 828 melius3
1305 777 1525 817 Videntur
1543 788 1645 817 esse
1662 783 1731 817 tot
1754 777 1924 828 angeli.

285 850 358 890 Ex
378 849 611 890 nobilibus
633 849 723 889 duo
742 855 849 889 sunt
872 854 951 888 aut
970 854 1065 889 tres
1087 848 1143 889 de
1164 848 1342 889 familia
1361 849 1621 900 primorum
1642 848 1860 900 civitatis,
1885 854 1929 888 et

282 932 405 962 unus
428 921 810 972 consanguineus
832 919 1026 961 Comitis
1047 919 1104 960 de
1124 919 1280 971 Luna,
1305 920 1352 960 in
1373 920 1462 960 hoc
1482 931 1630 971 regno
1652 920 1790 960 valde
1821 920 1929 960 emi-

282 992 436 1033 nentis
459 998 503 1032 et
523 991 831 1043 gubernantis
858 991 1100 1031 civitatem
1123 989 1148 1032 ¹.
1179 990 1296 1032 Sunt
1322 991 1554 1043 ingeniosi
1581 1002 1757 1042 omnes,
1781 996 1826 1030 et
1847 1002 1930 1031 sex

284 1064 332 1104 in
352 1064 519 1104 litteris
547 1063 903 1103 humanioribus
929 1075 1024 1103 non
1054 1063 1353 1103 mediocriter
1380 1063 1608 1115 provecti.
1639 1062 1930 1102 Exercentur

285 1135 447 1175 diebus
480 1134 677 1185 singulis
699 1135 746 1174 in
766 1134 1028 1174 scribendis
1049 1134 1193 1174 latine
1214 1139 1259 1174 et
1279 1145 1451 1185 graece
1472 1134 1763 1174 orationibus
1789 1144 1930 1185 prosa

284 1212 330 1246 et
350 1206 583 1246 versibus.
606 1206 1031 1246 Praetermittimus
1052 1205 1298 1246 brevitatis
1321 1217 1466 1246 causa
1497 1205 1729 1256 ordinem,
1763 1216 1853 1257 quo
1884 1205 1931 1245 in

285 1277 453 1318 studiis
473 1277 713 1317 litterariis
735 1282 779 1317 et
800 1277 1122 1329 spiritualibus
1139 1276 1422 1327 diriguntur.
1441 1276 1531 1316 Per
1548 1276 1664 1317 alias
1682 1276 1863 1316 litteras
1884 1275 1930 1315 id

285 1349 549 1401 exprimere
577 1348 735 1388 licebit
762 1354 808 1388 et
834 1348 980 1389 ferme
1009 1348 1165 1388 omnia
1192 1348 1240 1388 in
1269 1348 1481 1400 scriptis,
1513 1348 1645 1388 brevi
1671 1346 1927 1398 mittendis,

283 1420 430 1472 ipsius
465 1421 631 1460 domus
665 1419 1075 1460 constitutionibus
1109 1419 1348 1471 patebunt.
1378 1419 1481 1460 Hoc
1516 1420 1665 1459 solum
1695 1419 1848 1459 dicam
1883 1419 1930 1458 in

283 1503 482 1542 summa,
511 1492 758 1532 materiam
785 1503 889 1531 esse
909 1492 1082 1531 bonam
1108 1491 1247 1531 valde
1277 1496 1322 1531 et
1352 1491 1411 1531 ad
1443 1491 1704 1542 spiritualia
1732 1501 1928 1542 propen-

285 1574 408 1615 sam3
433 1574 539 1603 cum
560 1574 734 1614 magna
757 1562 986 1603 modestia
1019 1574 1075 1602 ac
1101 1562 1283 1602 solicite
1311 1562 1572 1602 curandum
1600 1568 1669 1602 est
1696 1567 1746 1602 ut
1776 1561 1929 1613 prohi-

283 1635 369 1675 biti
391 1647 417 1675 a
437 1634 636 1686 flagellis
657 1640 702 1675 et
720 1634 885 1674 ciliciis
902 1634 1182 1684 abstineant,
1204 1644 1307 1673 cum
1326 1634 1418 1673 sint
1440 1633 1499 1674 ad
1517 1633 1783 1685 hujusmodi
1799 1644 1927 1673 exer·

285 1706 394 1747 citia
416 1706 673 1758 proclives,
698 1711 742 1746 et
759 1705 1005 1756 impositas
1023 1705 1109 1745 sibi
1127 1704 1438 1756 poenitentias
1456 1705 1603 1745 alacri
1623 1704 1778 1744 animo
1795 1703 1926 1756 perfi-

283 1778 426 1818 ciant.
445 1777 659 1829 Denique
680 1788 738 1817 ex
760 1776 832 1816 his
854 1776 991 1817 novis
1009 1776 1182 1828 plantis
1198 1775 1379 1816 fructus
1396 1782 1612 1828 speratur
1629 1776 1847 1827 copiosus
1870 1775 1928 1816 ad

284 1849 373 1889 Dei
388 1848 605 1900 gloriam.

363 1919 496 1960 Unus
518 1931 578 1959 ex
598 1919 699 1959 istis
727 1918 1000 1970 juvenibus,
1034 1929 1207 1970 genere
1236 1918 1466 1970 imprimis
1492 1918 1681 1970 nobilis,
1712 1923 1928 1969 receptus

283 1996 355 2032 est
374 1991 422 2032 in
443 1991 633 2031 domum
654 2002 813 2031 mense
830 1990 1061 2042 superiori
1078 2001 1184 2031 cum
1201 1991 1346 2030 multa
1363 1990 1570 2030 omnium
1586 1988 1925 2029 aedificatione.

284 2062 524 2104 Statuerat
540 2062 716 2102 dudum
731 2061 956 2102 Societati
976 2073 1026 2102 se
1043 2061 1217 2111 dicare;
1240 2073 1335 2102 non
1351 2067 1510 2102 tamen
1524 2060 1858 2101 admittebatur
1875 2072 1928 2100 eo

282 2134 408 2187 quod
427 2133 720 2186 probationis
743 2133 908 2173 domus
930 2132 1137 2173 nondum
1158 2139 1290 2184 septa
1311 2138 1448 2184 esset,
1473 2138 1519 2172 et
1541 2132 1649 2184 quia
1666 2132 1929 2172 consultum

282 2206 532 2246 videbatur
554 2206 600 2245 in
621 2205 693 2245 his
715 2205 959 2256 principiis
979 2205 1157 2245 nullum
1180 2204 1528 2245 adolescentem
1559 2204 1735 2255 absque
1763 2215 1928 2255 paren-

285 2283 385 2318 tum
406 2288 641 2318 consensu
668 2276 892 2328 recipere.
923 2276 1001 2316 Ille
1033 2277 1211 2316 interea
1242 2275 1539 2316 devotionem
1566 2286 1700 2315 suam
1727 2280 1771 2314 et
1797 2285 1928 2326 spem

285 2349 505 2389 continue
521 2348 709 2388 fovebat
728 2354 772 2388 et
789 2359 814 2387 a
833 2348 1214 2398 consanguineis,
1235 2346 1424 2387 omnino
1440 2346 1812 2398 repugnantibus
1829 2345 1928 2385 eius

285 2420 516 2471 institutO,
540 2421 685 2460 multa
702 2430 953 2471 perpessus
971 2425 1054 2469 est,
1074 2418 1249 2470 partim
1270 2416 1452 2469 injuriis
1474 2424 1517 2458 et
1538 2417 1764 2458 molestiis
1784 2417 1925 2457 laces-

287 2491 420 2540 situs,
435 2491 609 2542 partim
624 2490 808 2530 blandis
825 2490 1215 2542 promissionibus
1232 2490 1441 2538 allectus,
1456 2494 1506 2529 ut
1522 2487 1823 2538 matrimonii,
1837 2493 1925 2528 etc.

286 2563 390 2615 Ipse
411 2568 569 2602 tamen
590 2561 743 2613 magis
764 2562 811 2601 in
833 2561 932 2601 dies
949 2561 1241 2612 propositum
1262 2572 1399 2601 suum
1416 2559 1739 2610 confirmabat,
1759 2564 1803 2599 et
1821 2570 1928 2610 quo-

288 2633 396 2674 dam
427 2633 500 2674 die
530 2633 589 2673 ad
625 2644 712 2673 nos
739 2632 1038 2684 confugiens,
1071 2638 1234 2683 aperta
1257 2631 1416 2683 janua,
1442 2643 1501 2671 ex
1522 2630 1776 2683 improviso
1805 2642 1855 2670 se
1883 2630 1929 2669 in

288 2706 479 2746 domum
498 2703 793 2756 probationis
814 2702 1035 2755 conjecit,
1060 2703 1299 2755 praefecto
1322 2702 1421 2754 ejus
1440 2708 1709 2754 protestans
1728 2701 1830 2741 fore
1862 2706 1925 2750 ut,

287 2777 327 2817 si
348 2788 398 2817 se
419 2776 687 2828 expelleret,
707 2775 763 2816 de
785 2776 942 2815 anima
965 2786 1049 2815 sua
1071 2781 1303 2826 repeteret
1325 2774 1382 2814 ab
1406 2786 1459 2814 eo
1481 2773 1609 2813 Deus
1631 2773 1862 2813 rationem
1883 2772 1932 2812 in

344 3005 353 3025 ⁵
394 3006 568 3033 Asdrubal
583 3006 622 3033 de
639 3006 746 3040 Luna,
764 3006 803 3033 de
819 3014 882 3040 quo
899 3006 975 3033 vide
993 3006 1118 3033 Carlas
1133 3006 1174 3032 dc
1192 3005 1263 3032 San
1279 3005 1440 3039 Ignacz‘o,
1457 3009 1480 3032 t.
1497 3013 1528 3039 V,
1547 3012 1625 3039 pag.
1641 3005 1675 3032 62
1692 3008 1723 3031 ct
1739 3004 1783 3031 65.
