2074 3179
808 170 890 208 AN.
923 171 1014 208 1550
1653 173 1725 211 241

101 279 220 319 quae
241 273 337 307 tum
367 267 426 307 ad
450 272 680 317 nostram,
712 271 810 306 tum
841 267 900 306 ad
927 267 1125 306 aliorum
1155 266 1354 306 salutem
1380 269 1730 318 procurandam

101 338 297 388 faciunt,
321 343 447 378 recte
468 337 805 388 intelligamus,
829 343 873 377 et
893 343 1081 377 strenue
1100 335 1414 388 perficiamus.

181 407 282 447 Hoc
311 419 453 447 unum
480 407 652 447 addere
687 407 875 447 tandem
909 407 1063 447 visum
1084 413 1175 458 est,
1213 413 1258 447 et
1291 408 1451 458 magni
1485 420 1597 448 sane
1632 420 1726 449 mo-

100 479 243 518 menti
264 478 390 528 illud,
414 478 631 529 dignetur
652 485 702 518 ut
723 478 777 519 R.
800 477 851 518 Ρ.
874 478 924 519 Τ.
945 478 1130 529 precari
1147 490 1231 530 pro
1249 479 1518 529 Germania,
1536 479 1728 530 eiusque

99 554 271 589 statum
292 549 417 589 omni
439 561 498 589 ex
517 555 651 600 parte
671 549 997 600 miserabilem,
1027 555 1071 589 et
1101 549 1198 589 suis
1226 555 1270 589 et
1297 550 1495 590 fratrum
1522 550 1728 590 omnium

97 619 312 671 precibus
334 619 521 660 Christo
545 619 853 661 commendet.

180 691 476 742 Ingolstadii,
498 691 550 731 :28
570 692 845 732 Decembris
867 703 989 731 anno
1015 691 1129 732 1550.

176 761 400 813 Indignus
421 762 468 802 in
489 762 675 803 Christo
695 762 919 803 Servulus

1055 904 1240 945 PETRUS
1270 906 1499 946 CAlelus.

176 1152 861 1238 superscrzptzb.—IffiS—R.d0
889 1190 1140 1229 admodum
1171 1191 1218 1230 in
1238 1189 1440 1230 Domino
1461 1190 1584 1241 patri
1606 1202 1724 1235 meo,

95 1256 155 1297 M.
179 1256 360 1308 Ignatio
381 1257 438 1297 de
458 1257 658 1310 Loyola,
683 1258 957 1311 Praeposito
979 1259 1227 1301 Societatis
1246 1261 1379 1314 Jesu,

1270 1402 1456 1448 ROMAE.

182 1617 291 1658 Alia
313 1628 482 1657 manu:
506 1615 620 1656 1550.
645 1616 717 1656 Ex
737 1616 1038 1666 Ingolstadio,
1061 1616 1113 1655 28
1137 1614 1271 1655 X.bris

176 1689 239 1729 Et
260 1688 356 1729 alia
367 1687 525 1739 juxta
545 1686 766 1738 sigillum
788 1698 919 1726 cerae
938 1687 1109 1726 rubrae
1130 1686 1442 1737 impressum:
1460 1685 1527 1728 50.

147 1930 319 1958 Habemus
335 1929 439 1957 etiam
454 1930 485 1957 in
501 1928 660 1956 Historia
676 1928 795 1959 varia,
808 1928 876 1954 vol.
892 1934 912 1959 1,
926 1927 983 1955 fol.
999 1928 1060 1961 195,
1077 1927 1290 1962 hispanicam
1304 1928 1426 1956 harum
1442 1929 1636 1956 litterarum
1650 1938 1726 1957 ver-

92 1978 221 2006 sionem
236 1977 373 2004 saeculo
387 1984 447 2004 xvx
461 1977 600 2010 factam,
617 1983 718 2010 quam
731 1975 786 2002 hic
803 1975 965 2008 inserere,
984 1975 1016 2002 in
1031 1982 1148 2002 eorum
1169 1975 1321 2009 gratiam
1341 1975 1461 2010 quibus
1482 1976 1590 2003 latina
1608 1977 1726 2011 lingua

92 2029 152 2053 aut
167 2023 312 2052 difficilis
326 2027 386 2051 aut
407 2024 525 2058 ignota
548 2026 617 2057 est,
642 2027 675 2050 et
698 2030 738 2049 ne
762 2026 862 2049 vetus
885 2021 948 2049 hoc
971 2026 1109 2049 nostrae
1133 2022 1298 2049 historiae
1323 2027 1575 2051 monumentum
1599 2023 1730 2051 diutius

95 2073 204 2100 lateat
220 2074 253 2097 et
269 2070 404 2105 penitus
418 2070 577 2104 intereat,
593 2076 717 2104 operae
731 2069 878 2103 pretium
890 2068 1002 2096 visum
1017 2072 1079 2096 est.

832 2269 1012 2323 ⁸ussus

608 2394 647 2420 de
663 2392 880 2429 yngolstadio
903 2393 937 2419 28
958 2393 996 2419 de
1014 2392 1110 2419 Dez.e
1126 2392 1204 2420 1550.

164 2536 266 2578 R.d0
287 2549 345 2577 en
365 2536 485 2588 Xpo.
508 2543 575 2588 pfl

163 2609 209 2649 la
235 2608 397 2659 gracia
433 2607 488 2648 de
522 2618 622 2648 nro.
658 2606 703 2648 S.
740 2607 929 2659 ihuxpo.
962 2621 993 2659 y
1021 2613 1248 2659 perpetua
1277 2619 1366 2660 paz
1392 2620 1472 2648 sea
1500 2620 1589 2650 con
1615 2621 1720 2651 nos-

84 2684 226 2720 otros.
250 2679 463 2730 Despues
484 2689 571 2730 que
594 2678 701 2718 vino
724 2680 831 2730 aqui
851 2679 893 2718 el
912 2678 1013 2719 R.d0
1041 2686 1109 2730 pfl
1135 2685 1218 2718 m.e
1240 2678 1424 2730 njcolao
1445 2679 1665 2730 goudano
1686 2695 1718 2733 y

85 2761 139 2790 su
168 2753 450 2801 compafiero
480 2756 563 2789 m.e
589 2748 733 2801 pedro
764 2749 998 2790 scorichio
1026 2761 1139 2790 aora
1168 2756 1334 2801 quatro
1365 2761 1531 2802 meseS,
1555 2763 1640 2803 por
1671 2753 1716 2792 la

85 2831 218 2860 suma
243 2819 430 2860 bondad
463 2820 519 2860 de
553 2818 670 2861 Dios
704 2826 909 2860 estamos
943 2820 1121 2861 buenos
1150 2833 1180 2872 y
1206 2832 1292 2861 nos
1320 2821 1632 2863 exercitamos
1658 2835 1718 2864 en

84 2902 183 2931 nro.
207 2890 341 2931 oficio
362 2890 418 2931 de
438 2891 548 2942 leer;
571 2902 632 2930 no
654 2894 754 2931 esta
775 2891 906 2932 lexos
927 2892 983 2932 de
1005 2893 1112 2943 aqui
1133 2892 1173 2932 el
1193 2891 1295 2931 R.<¹0
1315 2890 1388 2932 Re
1410 2891 1619 2944 Claudio,
1643 2894 1717 2934 del

86 2961 193 3012 qual
211 2960 407 3002 muchas
427 2973 566 3002 vezes
587 2973 715 3002 emos
737 2962 874 3002 dicho
895 2968 1069 3013 quanta
1091 2962 1246 3011 avuda
1268 2974 1347 3002 sea
1370 2965 1438 3002 asi
1469 2974 1584 3014 para
1612 2976 1718 3005 nos·

274 3035 324 3072 T.
348 3047 374 3070 1.
1486 3039 1527 3074 16
