2074 3179
170 82 240 118 414
684 83 909 120 Llrrssimlt
936 94 1295 125 QUADRmffisTREs

356 391 504 419 Eaedem
522 393 659 419 litterae
675 393 801 426 absque
818 392 932 419 Patris
947 392 1086 425 ,loannis
1101 393 1140 420 de
1157 392 1306 420 Polanco
1322 394 1623 422 emendationibus.

252 679 443 720 Summa
465 680 589 720 Chri.
613 680 770 731 gratia
790 680 964 720 nostris
985 692 1167 732 semper
1184 681 1412 722 inhabitet
1433 682 1664 722 cordibus.

252 751 399 792 Adest
422 758 625 803 tempus,
649 751 849 802 benigne
870 751 1025 803 Pater,
1050 753 1097 792 in
1118 764 1224 804 quo,
1250 752 1543 794 obedientiae
1560 753 1714 805 jussu,
1739 766 1808 794 ra-

173 823 347 863 tionem
368 823 563 862 reddere
585 829 799 863 tenemur
820 834 1002 875 eorum,
1027 835 1147 875 quae
1168 823 1240 864 his
1262 830 1462 876 quatuor
1481 825 1694 876 proxime
1721 827 1808 866 ela-

174 894 270 945 psis
286 894 536 945 mensibus,
557 895 725 946 quibus
742 894 830 934 hac
852 895 899 935 in
917 895 1108 951 civitate
1126 896 1320 947 egimus,
1341 897 1511 937 summi
1527 896 1615 937 Dei
1631 897 1811 948 gloriae

173 964 298 1006 facta
316 971 437 1016 sunt,
454 977 594 1017 quam
609 966 905 1017 provinciam
920 967 1223 1007 libentissime
1241 968 1526 1019 suscepisset
1541 968 1596 1008 R.
1611 968 1660 1008 P.
1673 969 1810 1022 Joan-

172 1048 268 1087 nes,
292 1037 382 1077 nisi
401 1037 644 1088 permultis
667 1037 713 1077 in
734 1038 935 1088 negotiis
956 1038 1171 1078 detentus
1192 1038 1371 1079 fuisset.
1397 1039 1552 1090 Quare
1575 1040 1665 1080 hoc
1698 1040 1812 1080 mihi

172 1120 340 1148 munus
361 1109 653 1149 subeundum
669 1109 769 1160 suit,
790 1121 902 1149 sane
924 1110 1074 1162 impar
1091 1111 1347 1161 negotium,
1369 1110 1494 1163 quod
1515 1111 1554 1151 si
1571 1123 1664 1151 non
1680 1123 1811 1163 prae-

173 1179 306 1219 stabo
331 1187 472 1231 prout
498 1180 650 1231 pietas
678 1186 758 1220 tua
786 1182 1065 1233 postularet,
1098 1182 1403 1222 imbecillitati
1431 1194 1563 1222 meae
1591 1183 1812 1234 ignoscas

171 1251 326 1291 velim.
350 1251 485 1291 Dabo
505 1258 663 1292 tamen
684 1264 876 1304 operam
896 1265 954 1293 ne
975 1264 1173 1304 usquam
1195 1253 1396 1294 officium
1415 1264 1571 1294 meum
1592 1255 1723 1295 desit.

252 1323 309 1362 Et
328 1323 479 1374 primo
500 1324 603 1363 loco
624 1324 680 1364 de
700 1324 924 1364 fratribus
941 1326 1124 1365 ratione
1142 1325 1311 1377 aliqua,
1332 1326 1439 1365 licet
1454 1337 1620 1377 pauca,
1641 1325 1807 1370 dicam:

173 1405 290 1446 quos
310 1406 406 1434 non
434 1395 586 1434 solum
612 1401 661 1435 ut
689 1396 736 1435 in
763 1396 1013 1436 vocatione
1039 1402 1366 1448 permaneant,
1397 1409 1563 1437 verum
1590 1398 1731 1437 etiam
1762 1406 1811 1437 ut

174 1466 326 1517 magis
348 1478 403 1506 ac
424 1467 578 1518 magis
599 1467 645 1507 in
667 1467 765 1508 dies
787 1468 834 1507 in
854 1468 1021 1520 spiritu
1042 1467 1310 1520 proficiant,
1345 1474 1512 1509 curant
1538 1468 1718 1509 Patres.
1753 1468 1812 1508 Hi

173 1537 339 1577 litteris
359 1544 534 1578 vacant
555 1550 737 1579 summa
759 1551 865 1579 cum
886 1539 1150 1591 diligentia,
1176 1539 1343 1591 quibus
1374 1540 1487 1591 legit
1515 1540 1654 1580 Pater
1674 1540 1809 1593 Joan·

174 1620 257 1649 nes
278 1620 415 1649 mane
435 1615 530 1649 tres
551 1610 790 1660 lectiones,
809 1610 1010 1662 primam
1029 1610 1076 1650 in
1097 1610 1262 1650 litteris
1283 1610 1652 1661 humanioribus,
1673 1611 1814 1650 aliam

174 1681 220 1720 in
236 1680 497 1733 rhetoricis,
517 1681 705 1722 tertiam
720 1682 768 1722 in
785 1683 1126 1734 grammaticae
1142 1683 1316 1723 latinae
1332 1683 1613 1735 praeceptis3
1633 1694 1659 1722 a
1677 1693 1812 1734 pran-

175 1753 250 1793 dio
278 1765 392 1794 vero
418 1753 553 1794 binas
581 1753 637 1794 de
668 1754 854 1804 graecis
880 1754 1104 1794 lectiones
1138 1755 1325 1794 habent.
1361 1755 1484 1795 Inter
1519 1754 1812 1795 coenandum

174 1825 380 1876 quotidie
402 1831 614 1865 nostrum
636 1837 770 1876 unus,
796 1832 875 1866 aut
897 1826 1221 1877 concionatur,
1244 1838 1368 1866 nunc
1389 1826 1546 1877 latine,
1570 1838 1694 1866 nunc
1715 1827 1811 1866 vul-

173 1897 365 1948 gariter,
396 1902 476 1937 aut
507 1902 632 1937 certe
668 1897 929 1937 orationem
955 1897 1108 1938 habet.
1143 1896 1347 1949 Singulis
1376 1898 1539 1938 diebus
1567 1897 1812 1938 dominicis

173 1968 313 2008 etiam
335 1968 492 2020 aliqua
518 1968 718 2008 habetur
745 1968 895 2008 oratio
924 1975 1003 2009 aut
1031 1980 1058 2008 a
1086 1968 1310 2009 fratribus
1338 1976 1418 2009 aut
1445 1969 1503 2009 ab
1533 1969 1625 2020 his,
1657 1970 1735 2021 qui
1765 1969 1812 2009 in

173 2039 280 2079 ludo
297 2040 540 2091 litterario,
560 2040 645 2080 sub
660 2039 859 2080 fratrum
874 2040 1133 2092 disciplina,
1154 2040 1320 2080 litteris
1335 2040 1622 2092 incumbunt3
1641 2040 1812 2080 fratres

172 2111 316 2162 enim,
340 2117 389 2151 ut
411 2112 488 2163 qui
510 2112 602 2152 sint
622 2112 871 2163 pauciores
891 2112 1238 2163 memoriaeque
1260 2111 1485 2152 mandant
1515 2112 1812 2163 quotidianas

172 2182 415 2233 lectiones,
439 2183 628 2223 minime
656 2189 787 2224 tanto
816 2183 945 2224 oneri
975 2183 1261 2235 respondere
1291 2188 1507 2235 possunt,
1538 2189 1587 2223 ut
1614 2183 1811 2234 singulis

172 2253 418 2294 dominicis
440 2266 559 2295 unus
581 2267 743 2295 eorum
765 2267 902 2296 orare
925 2261 1077 2307 queat.
1110 2254 1245 2295 Adde
1277 2254 1402 2307 quod
1428 2260 1703 2306 pergratum
1732 2266 1810 2306 pa-

172 2326 382 2366 rentibus
403 2338 505 2366 esse
528 2327 714 2367 videtur
736 2326 857 2379 quod
879 2327 1080 2367 filiorum
1104 2326 1293 2377 ingenia
1315 2326 1405 2366 hoc
1426 2337 1599 2377 genere
1627 2326 1811 2366 dicendi

171 2408 221 2436 se
242 2403 507 2437 exerceant.
532 2397 607 2438 Ad
630 2410 733 2438 eam
755 2404 910 2438 autem
927 2399 1185 2438 orationem
1207 2398 1339 2438 multi
1363 2398 1591 2438 accedunt
1611 2397 1806 2437 externi.

170 2467 261 2508 Sed
283 2469 338 2508 de
360 2468 583 2509 fratribus
606 2469 848 2510 hactenus.

251 2540 517 2580 Adiverunt
544 2540 708 2585 Patres
736 2540 917 2581 Ducem
948 2548 997 2582 ut
1027 2542 1111 2592 illi,
1145 2542 1201 2582 de
1230 2542 1365 2581 nobis
1394 2541 1511 2581 bene
1538 2540 1728 2590 merito,
1762 2551 1812 2579 se

171 2616 335 2661 gratos
365 2612 683 2663 ostenderent,
722 2613 889 2664 quibus
924 2612 1151 2664 majorem
1180 2614 1227 2653 in
1256 2613 1445 2653 modum
1474 2613 1730 2652 humanum
1759 2623 1809 2651 se

171 2683 396 2734 ostendit;
420 2683 501 2723 sed
520 2683 650 2723 illum
670 2684 811 2734 longo
834 2695 1050 2724 sermone
1081 2685 1254 2736 alloqui
1276 2683 1478 2724 facultas
1499 2694 1592 2723 non
1619 2682 1728 2733 fuit,
1763 2689 1812 2722 ut

171 2753 312 2794 etiam
333 2767 391 2795 ex
413 2755 682 2795 domesticis
705 2755 914 2806 plurimi,
941 2755 1064 2807 quod
1087 2756 1133 2795 in
1156 2754 1448 2795 conficienda
1477 2766 1593 2806 pace
1615 2753 1673 2794 sit
1695 2753 1811 2794 assi-

172 2824 303 2865 duus.
327 2825 595 2877 Interrogat
611 2832 769 2866 tamen
791 2838 931 2877 saepe
952 2826 1008 2866 de
1029 2826 1164 2866 nobis
1185 2832 1230 2866 et
1250 2826 1522 2878 perplacent
1552 2825 1615 2865 illi
1637 2836 1756 2876 quae
1779 2838 1805 2864 a

171 2896 305 2936 nobis
333 2897 609 2949 factasunt,
634 2904 681 2938 ut
709 2899 844 2938 nobis
874 2898 1072 2938 relatum
1100 2904 1188 2949 est,
1219 2904 1316 2938 tam
1343 2895 1389 2937 in
1417 2897 1721 2937 concionibus
1753 2907 1806 2935 ac
