2074 3179
164 130 237 168 438
676 134 904 172 LJTTERAE
931 146 1290 178 QUADmMEsTREs

245 226 486 280 Nonnulli,
521 230 599 282 qui
629 243 657 271 a
688 231 927 282 spiritibus
944 232 1195 272 immundis
1216 233 1534 283 vexabantur,
1567 233 1709 273 etiam
1729 233 1807 273 his

167 305 367 351 quatuor
387 302 626 342 mensibus
648 302 705 342 ad
728 314 814 342 nos
836 302 1046 353 adducti,
1071 315 1213 355 opera
1241 304 1290 344 P.
1321 304 1527 345 Cornelii
1546 304 1674 345 Deus
1694 305 1803 345 libe·

165 370 305 412 ravit.

247 441 444 495 Reliqua
480 445 658 495 omitto,
690 444 790 485 Rae
818 445 886 495 P.,
917 457 1036 497 quae
1071 445 1212 486 scribi
1232 452 1444 498 possent,
1481 459 1587 487 curn
1613 447 1704 487 sint
1732 448 1806 488 his

168 513 359 566 similia,
390 527 509 567 quae
540 517 717 567 scripta
743 523 870 567 sunt,
904 523 983 557 aut
1013 517 1210 557 minora.
1246 517 1405 569 Itaque
1436 518 1664 569 reliquum
1693 518 1806 559 illud

169 597 272 626 esse
294 587 500 638 videtur,
531 594 579 628 ut
601 588 647 628 in
674 588 746 628 his
773 588 959 629 laudem
989 595 1033 629 et
1063 590 1263 640 gloriam
1293 601 1478 630 omnem
1506 589 1607 629 Deo
1637 589 1804 630 tribua-

170 668 296 707 11135,
321 659 400 710 qui
427 659 632 711 loquitur
653 666 698 700 et
720 666 941 711 operatur
972 661 1128 701 omnia
1156 661 1202 701 in
1230 661 1443 701 omnibus
1474 672 1593 712 quae
1625 661 1808 701 laudari

171 734 216 769 et
250 730 441 781 probari
476 738 692 782 possunt3
731 731 787 772 de
826 732 960 772 nobis
998 732 1230 773 fateamur
1265 733 1388 784 quod
1420 732 1662 780 debemus,
1701 732 1808 784 quia

171 802 297 840 servi
328 801 514 842 inutiles
543 814 724 843 sumus:
756 802 871 843 nihil
899 804 1023 843 enim
1054 803 1251 844 fecimus
1279 803 1401 855 quod
1427 802 1582 843 facere
1612 814 1707 842 non
1737 803 1808 843 de-

172 871 378 922 buimus3
410 875 556 913 multa
594 886 707 914 vero
751 875 1044 926 reliquimus,
1085 886 1203 926 quae
1236 875 1387 915 nostri
1418 874 1624 914 muneris
1661 880 1810 914 erant.

177 942 300 984 Hinc
334 944 476 995 igitur
513 946 769 986 accusandi
806 946 979 986 erimus
1014 947 1137 997 quod
1166 945 1443 995 defecimus,
1483 946 1588 985 inde
1626 945 1812 985 Christo

172 1015 358 1065 gratiae
388 1016 655 1057 reddendae
690 1024 846 1068 erunt,
877 1018 1001 1069 quod
1035 1018 1209 1070 aliquid
1243 1018 1384 1058 etiam
1409 1029 1492 1069 per
1512 1028 1598 1056 nos
1628 1017 1813 1067 operari

173 1087 398 1137 voluerit,
429 1088 528 1127 sine
556 1100 647 1140 quo
675 1100 771 1129 non
796 1091 948 1129 solum
972 1089 1129 1129 facere
1159 1102 1218 1129 ex
1245 1090 1379 1129 nobis
1407 1088 1658 1140 quicquam
1680 1088 1813 1139 quasi

173 1169 232 1197 ex
252 1158 408 1209 nobis,
434 1159 516 1200 sed
537 1171 594 1199 ne
617 1160 830 1211 cogitare
852 1160 1039 1212 quidem
1058 1172 1320 1213 possumus.

254 1228 318 1269 At
341 1237 533 1281 quaeret
556 1243 679 1271 nunc
700 1231 902 1272 fortasse
923 1231 972 1272 P.
998 1232 1049 1272 T.
1069 1265 1076 1283 ,
1101 1231 1156 1272 de
1179 1231 1363 1281 studiis,
1395 1230 1528 1283 quid?
1558 1229 1620 1270 Ut
1647 1230 1813 1279 solent,

174 1299 334 1351 Pater;
365 1303 519 1342 nullae
551 1303 777 1344 lectiones
805 1304 1099 1355 immutatae,
1132 1304 1246 1344 nihil
1276 1304 1572 1353 innovatum,
1597 1302 1711 1341 nihil
1739 1301 1813 1341 ad-

177 1371 325 1412 ditum
354 1373 461 1413 suit:
492 1375 539 1414 in
573 1375 671 1415 suis
698 1382 856 1416 tamen
889 1376 1055 1416 studiis
1090 1376 1284 1427 quisque
1319 1374 1502 1426 proficit
1538 1379 1581 1413 et
1616 1374 1663 1412 in
1699 1372 1817 1419 dies,

177 1443 351 1485 Christi
392 1445 581 1486 Domini
615 1447 774 1487 Nostri
814 1449 991 1499 gratia,
1032 1447 1163 1499 cujus
1198 1447 1377 1498 gloriae
1417 1457 1577 1485 omnes
1611 1443 1815 1493 student,

178 1516 424 1568 peritiores
459 1518 587 1558 fiunt.
625 1518 695 1559 De
727 1519 892 1559 studiis
925 1525 1081 1559 autem
1115 1525 1158 1558 et
1194 1518 1492 1566 lectionibus,
1529 1527 1648 1567 quae
1686 1515 1818 1555 brevi

178 1588 315 1628 nobis
336 1590 646 1630 assumendae
674 1597 829 1641 erunt,
860 1590 975 1630 nihil
1003 1590 1155 1630 adhuc
1186 1589 1491 1629 deliberatum
1512 1593 1603 1637 est3
1627 1586 1817 1626 Patrem

176 1672 379 1712 namque
418 1661 633 1701 Natalem
672 1668 1025 1713 exspectamus,
1068 1673 1205 1713 quem
1243 1667 1494 1700 venturum
1533 1658 1666 1698 brevi
1701 1657 1818 1697 affir—

179 1739 329 1783 mant,
367 1734 454 1773 etsi
480 1733 593 1773 nihil
625 1734 740 1774 certi
767 1734 902 1774 nobis
940 1733 996 1773 de
1032 1734 1122 1773 hac
1149 1745 1198 1773 re
1220 1733 1316 1772 suis
1337 1731 1503 1771 litteris
1522 1730 1818 1782 polliceatur,

178 1804 261 1844 sed
282 1804 321 1844 si
342 1805 514 1844 diutius
535 1805 809 1855 morabitur,
834 1805 1109 1845 deliberabit
1125 1804 1174 1844 P.
1198 1804 1432 1844 Antonius
1454 1801 1564 1854 quid
1585 1800 1820 1852 agendum

180 1875 259 1924 sit;
290 1881 387 1916 tum
415 1876 525 1927 quid
554 1883 711 1917 actum
741 1877 903 1927 fuerit,
932 1876 1270 1916 Paternitatem
1300 1882 1429 1915 tuam
1452 1873 1701 1913 certiorem
1721 1871 1819 1911 red-

181 1947 365 1998 demus,
390 1947 522 1999 cujus
549 1948 766 1999 precibus
793 1948 1048 1988 humillime
1076 1959 1160 1988 nos
1192 1945 1589 1987 commendamus.
1618 1944 1826 1994 Itemque

182 2019 384 2070 petimus
410 2027 458 2059 ut
486 2020 654 2071 reliqui
680 2019 845 2060 Patres
878 2019 1162 2071 Fratresque
1189 2018 1337 2058 nostri
1359 2018 1405 2057 in
1435 2017 1622 2057 Christo
1651 2014 1822 2054 charis-

184 2091 290 2131 simi
310 2098 523 2132 nostrum
542 2091 749 2131 omnium
766 2092 812 2131 in
831 2091 927 2131 suis
944 2090 1190 2131 sacrificiis
1208 2096 1346 2141 atque
1363 2087 1580 2140 precibus
1598 2086 1657 2126 ad
1672 2085 1824 2126 Deum

185 2163 462 2203 memoriam
485 2163 705 2203 habeant.

266 2234 400 2275 Nunc
424 2241 580 2275 autem
600 2234 835 2275 Dominus
857 2233 911 2274 N.
934 2234 1071 2287 Jesus
1093 2232 1306 2273 Christus
1335 2232 1399 2271 ita
1426 2241 1511 2271 nos
1537 2240 1698 2269 omnes
1720 2240 1825 2269 ocu-

184 2306 241 2346 lis
262 2306 450 2358 pietatis
471 2317 583 2346 suae
603 2312 828 2358 perpetuo
850 2305 1098 2357 respiciat,
1123 2310 1172 2345 ut
1200 2304 1285 2344 sub
1313 2303 1478 2343 umbra
1506 2303 1686 2341 alarum
1707 2300 1830 2340 illius

187 2378 408 2429 protecti,
434 2377 648 2417 omnibus
671 2377 833 2418 diebus
860 2377 987 2416 vitae
1015 2381 1204 2416 nostrae
1233 2375 1279 2414 in
1306 2374 1504 2414 veritate
1526 2379 1570 2412 et
1587 2371 1766 2423 justitia
1787 2371 1827 2410 ei

189 2448 473 2499 serviamus,
499 2460 742 2500 quousque
763 2448 871 2488 hinc
894 2446 1140 2499 assumpti,
1172 2446 1298 2486 illam
1328 2444 1647 2485 felicissimam
1667 2441 1827 2482 civita-

190 2527 285 2561 tem
304 2520 648 2572 ingrediamur,
673 2519 729 2560 de
751 2531 841 2571 qua
862 2519 1070 2570 gloriosa
1091 2517 1329 2566 dicuntur,
1354 2522 1398 2557 et
1420 2516 1466 2556 in
1488 2526 1598 2566 qua,
1622 2520 1670 2554 ut
1691 2524 1833 2565 spero

189 2603 274 2645 per
294 2590 668 2632 misericordiam
688 2591 832 2639 illius,
857 2590 935 2642 qui
955 2601 1042 2630 nos
1059 2589 1105 2629 in
1122 2600 1267 2629 unum
1283 2587 1492 2638 collegit,
1512 2585 1649 2625 simul
1670 2595 1839 2624 omnes.

193 2675 365 2705 nomen
386 2663 577 2704 Domini
597 2663 644 2703 in
667 2663 855 2703 saecula
877 2662 1174 2702 saeculorum
1194 2659 1503 2700 laudabimus.
1526 2656 1695 2698 Amen.

275 2735 451 2776 Datum
470 2734 654 2775 Messan
682 2746 720 2774 ’e
744 2733 792 2773 15
812 2732 1113 2785 Septembris,
1135 2731 1196 2772 M.
1220 2731 1278 2771 D.
1302 2730 1353 2771 L.
1377 2729 1411 2770 I.

739 2841 1035 2881 BENEmCTUs
1065 2838 1272 2879 PALMIUs
1302 2837 1567 2898 PAaMENffls
1591 2833 1617 2875 ¹.

254 2985 263 3004 ¹
304 2984 434 3012 Ultima
452 2987 585 3011 tantum
601 2984 719 3017 verba,
736 2990 794 3010 sc.:
809 2981 978 3009 Datum...
992 2980 1204 3008 Parmensis
1219 2983 1296 3007 sunt
1313 2985 1413 3006 manu
1429 2976 1603 3005 Benedicti
1620 2974 1756 3003 Palmiii
