2074 3179
253 123 259 130 -
278 101 348 139 654
792 99 1023 137 LITTERAE
1047 110 1406 146 QUAoRmiEsrREs

278 200 489 239 habitum
519 210 621 238 esse
649 198 985 238 scholasticum
1012 203 1055 237 et
1084 198 1370 238 clericalem:
1408 204 1450 238 et
1486 205 1535 239 ut
1567 211 1626 239 ex
1654 199 1774 241 facie
1808 202 1915 242 licet

277 269 531 321 conjicere,
559 282 751 321 vagum,
776 270 873 321 qui,
899 276 947 309 ut
970 269 1027 309 ab
1048 269 1149 320 ipso
1170 269 1370 320 audivit,
1393 281 1518 310 nunc
1545 271 1746 322 primum
1768 272 1914 312 initia—

276 348 351 382 tus
373 348 442 382 est
471 341 758 382 dialecticae.

355 412 403 453 P.
434 412 671 463 Baptista,
705 411 776 451 his
799 411 1066 460 intellectis,
1097 412 1242 451 multa
1277 412 1433 452 animo
1469 414 1686 462 volvens,
1720 414 1913 465 scilicet,

275 491 502 537 quantum
523 483 806 524 incommodi
826 489 984 534 posset
1005 483 1079 523 hic
1098 482 1285 533 juvenis
1306 484 1441 524 nobis
1462 484 1647 525 adferre
1669 491 1713 525 et
1736 491 1912 537 pertur-

274 556 501 603 bationis,
528 555 745 607 quodque
767 567 820 594 ea
843 554 898 594 de
921 566 1066 594 causa
1094 566 1118 594 e
1146 553 1355 606 Collegio
1375 555 1799 606 Longobardorum
1827 558 1914 598 dis-

275 628 503 667 cessimus
524 632 574 666 ut
595 626 681 666 soli
703 637 912 666 essemus
933 633 977 665 et
999 626 1162 677 quieti,
1187 625 1402 677 quodque
1424 627 1578 667 aditus
1600 628 1736 668 unius
1757 640 1914 669 mona-

275 699 351 739 chi
377 705 536 751 posset
558 697 856 738 introducere
885 698 1056 737 multos
1084 697 1220 745 alios,
1251 710 1394 749 quum
1414 699 1570 750 ampla
1599 699 1656 739 sit
1686 699 1850 740 domus
1872 707 1915 739 et

271 782 358 810 nos
374 770 528 822 pauci,
549 769 762 820 quodque
779 769 854 808 hic
870 769 1130 809 monachus
1147 768 1224 808 diu
1239 769 1482 809 nobiscum
1504 781 1606 810 esse
1627 770 1813 811 deberet
1836 783 1914 811 an-

271 848 461 893 tequam
482 840 737 881 absolverit
764 840 1087 892 philosophiae
1118 846 1162 880 et
1183 839 1448 891 theologiae
1479 852 1666 892 cursus,
1700 842 1913 893 quodque

271 913 318 953 in
338 914 468 953 victu
496 912 768 964 quotidiano
799 918 842 952 et
877 910 1141 952 obedientia
1168 911 1343 951 diversi
1369 911 1567 952 instituti
1594 913 1807 954 homines
1832 914 1915 954 vix

272 985 528 1024 convenire
566 984 771 1035 possint,
805 983 1107 1035 quantumvis
1141 983 1363 1032 modesti,
1401 990 1576 1034 quanto
1612 996 1727 1024 vero
1762 985 1915 1024 minus

270 1055 347 1096 hic
368 1056 447 1107 qui
469 1045 757 1107 depravatus
778 1060 848 1095 est
869 1054 1102 1095 moribus?
1124 1053 1258 1094 Adde
1287 1054 1410 1105 quod
1436 1055 1525 1094 hoc
1546 1067 1640 1095 non
1662 1056 1912 1096 conveniat

270 1128 483 1168 instituto
511 1132 673 1167 nostro
703 1132 752 1165 ut
784 1137 946 1165 curam
974 1125 1230 1165 habeamus
1257 1124 1444 1176 juvenis
1475 1127 1668 1166 alterius
1698 1127 1910 1167 instituti.

269 1199 343 1239 Ab
377 1199 525 1239 altera
546 1210 661 1238 vero
692 1203 826 1249 parte
859 1203 1015 1237 mente
1047 1197 1282 1247 agitabat,
1321 1197 1716 1248 quemadmodum
1745 1204 1789 1237 et
1819 1198 1912 1249 qui-

268 1270 377 1310 dam
417 1268 619 1320 Doctor,
669 1268 848 1316 amicus
887 1265 1138 1307 Societatis
1185 1274 1399 1318 nostrae,
1450 1269 1808 1320 superveniens,
1850 1269 1913 1308 illi

230 1352 232 1355 ·
269 1341 409 1393 dixit,
440 1341 562 1381 forte
591 1340 831 1380 dominum
860 1340 1025 1380 domus
1054 1339 1162 1379 hinc
1191 1351 1416 1391 quaerere
1444 1341 1743 1380 occasionem
1773 1346 1843 1391 ut,
1875 1341 1912 1380 si

269 1425 356 1454 nos
378 1423 651 1462 renuamus,
676 1411 786 1451 hinc
804 1423 889 1451 nos
907 1411 1092 1461 abigat,
1114 1417 1163 1451 ut
1185 1411 1231 1450 in
1252 1411 1406 1451 locum
1427 1411 1576 1451 nostri
1596 1417 1740 1462 ponat
1759 1410 1910 1462 hujus-

269 1484 451 1525 cemodi
482 1483 740 1524 monachos
775 1482 1006 1523 Abbatiae
1038 1494 1164 1522 suae.
1194 1481 1337 1522 Forte
1365 1483 1487 1522 enim
1514 1483 1641 1534 piget
1674 1495 1780 1523 eum
1809 1494 1910 1534 pro-

268 1556 505 1596 missionis
538 1555 634 1606 jam
669 1555 844 1605 factae,
878 1566 1019 1606 quum
1053 1554 1176 1594 enim
1209 1554 1327 1594 sciat
1357 1566 1443 1594 nos
1481 1554 1654 1594 nemini
1690 1566 1908 1606 unquam,

267 1628 484 1679 quamvis
531 1627 573 1666 ei
622 1625 892 1676 conjuncto,
939 1625 1144 1665 familiae
1189 1630 1379 1665 nostrae
1419 1625 1707 1665 consortium
1746 1626 1911 1677 permi-

267 1699 405 1749 sisse,
432 1698 649 1748 cogitans
677 1696 802 1749 quod
830 1697 974 1737 multo
1002 1696 1156 1736 minus
1183 1696 1291 1736 huic
1322 1696 1557 1736 monacho
1586 1696 1910 1747 permittamus

263 1770 354 1810 hoc
375 1770 547 1822 ipsum,
578 1768 721 1819 forte,
750 1774 800 1808 ut
828 1768 945 1817 dixi,
983 1767 1164 1819 quaerit
1201 1767 1528 1818 occasionem,
1564 1767 1781 1818 quamvis
1816 1779 1906 1808 non

265 1842 437 1882 audeat
459 1840 547 1881 hoc
570 1840 710 1881 Pater
731 1846 888 1880 noster
910 1846 1083 1879 temere
1100 1851 1327 1879 asserere.

345 1912 606 1964 Respondit
628 1918 784 1952 autem
805 1910 1001 1951 Doctori
1022 1911 1069 1950 in
1090 1911 1212 1950 hanc
1240 1909 1541 1959 sententiam,
1567 1910 1782 1950 nesciens
1811 1916 1907 1950 tam

262 1984 395 2024 brevi
424 1991 634 2035 tempore
662 1983 772 2035 quid
801 1970 1092 2023 commodius
1116 1981 1443 2033 responderet,
1480 1993 1528 2021 se
1558 1981 1744 2032 quidem
1770 1993 1904 2032 para-

262 2055 495 2096 tissimum
518 2066 620 2095 esse
644 2055 834 2095 domino
863 2065 946 2094 suo
969 2059 1013 2094 et
1043 2053 1130 2093 sibi
1157 2052 1431 2093 satisfacere
1452 2053 1499 2092 in
1527 2053 1763 2103 omnibus,
1788 2064 1906 2104 quae

261 2134 442 2179 posset;
468 2138 634 2167 verum
657 2126 748 2166 tria
771 2125 981 2175 obstare,
1008 2125 1065 2164 ob
1088 2136 1207 2176 quae
1227 2124 1382 2164 minus
1409 2130 1568 2176 posset
1594 2124 1712 2164 certi
1734 2123 1906 2175 aliquid

261 2198 562 2251 respondere.
600 2197 689 2238 P.111
719 2196 843 2249 quod
873 2197 931 2237 sit
964 2196 1162 2236 instituti
1191 2196 1342 2236 nostri
1370 2196 1605 2236 neminem
1638 2194 1903 2243 admittere,

261 2270 403 2310 etiam
438 2281 582 2310 unum
617 2282 641 2309 e
678 2269 853 2309 nostris
886 2267 1059 2319 alioqui
1093 2267 1321 2316 futurum,
1358 2266 1438 2318 qui
1467 2267 1609 2306 semel
1644 2266 1905 2317 gestaverit

262 2348 341 2382 aut
367 2348 519 2392 gestet
548 2341 761 2381 habitum
793 2340 986 2380 alterius
1016 2338 1339 2391 professionis,
1373 2344 1548 2389 quanto
1580 2336 1722 2388 igitur
1753 2337 1908 2377 minus

261 2412 580 2453 admittendus
611 2418 734 2452 esset
770 2411 959 2451 tandem
994 2410 1205 2450 abiturus
1241 2421 1267 2448 a
1300 2409 1460 2449 nobis?
1495 2408 1597 2448 Hoc
1633 2414 1787 2448 autem
1812 2419 1905 2447 non

262 2484 434 2524 audere
456 2495 505 2523 se
529 2482 787 2534 infringere
809 2483 907 2522 sine
937 2481 1202 2533 Superioris
1231 2492 1463 2521 consensu
1493 2486 1537 2520 et
1567 2478 1804 2530 mandato.
1829 2478 1903 2519 Se-

261 2555 488 2606 cundum,
527 2554 651 2606 quod
679 2554 754 2594 hic
784 2553 1060 2605 parcissime
1090 2553 1361 2592 viveremus
1391 2557 1436 2592 et
1466 2550 1588 2602 quod
1616 2562 1756 2602 saepe
1784 2556 1905 2590 esset

262 2627 352 2666 olla
375 2626 474 2678 igni
505 2625 805 2678 apponenda,
830 2624 1004 2676 alioqui
1034 2635 1129 2664 non
1156 2621 1454 2675 apponenda,
1487 2627 1679 2673 propter
1700 2632 1806 2661 eum
1828 2621 1904 2672 qui

261 2697 401 2737 habet
422 2697 544 2737 unde
573 2695 818 2737 commode
847 2695 1000 2745 vivat,
1033 2695 1071 2734 si
1101 2694 1265 2735 eadem
1294 2693 1341 2733 in
1370 2704 1533 2733 mensa
1559 2692 1802 2732 nobiscum
1831 2703 1902 2731 co-

262 2769 487 2819 mederet3
513 2779 632 2820 quae
655 2779 731 2807 res
753 2767 929 2807 faceret
951 2773 1000 2807 ut
1023 2765 1347 2816 subigeremus
1375 2775 1461 2804 nos
1482 2775 1738 2815 expensae,
1763 2773 1902 2814 quam

261 2838 416 2879 facere
450 2850 545 2879 non
582 2850 840 2890 possemus.
878 2837 1106 2888 Tertium,
1145 2835 1269 2888 quod
1300 2847 1405 2876 cum
1429 2835 1699 2876 'monachus
1733 2834 1809 2874 hic
1844 2833 1901 2872 sit

260 2910 494 2960 inquietus
525 2917 568 2950 et
600 2910 873 2960 dissolutus,
911 2909 1047 2949 facile
1077 2908 1372 2960 perturbaret
1401 2919 1486 2947 nos
1521 2918 1703 2957 omnes,
1741 2905 1820 2957 qui
1854 2904 1900 2943 in
