2074 3179
885 214 968 251 ΑΝ.
1004 213 1094 250 1552
1732 209 1802 245 045

176 325 265 366 que
286 325 313 353 a
333 323 503 353 novem
525 324 580 352 ac
602 312 761 352 decem
783 310 918 351 annis
937 321 1031 350 non
1050 308 1193 348 fuisse
1215 306 1470 356 confessos,
1495 306 1574 356 qui
1593 304 1704 344 R.dis
1723 304 1803 344 Pa-

176 384 321 424 tribus
341 383 514 423 nostris
535 382 739 422 confessi
760 387 880 421 sunt.
899 379 1069 420 Dicam
1090 377 1302 430 amplius:
1323 387 1565 417 accessere
1582 376 1660 426 qui
1677 375 1800 426 quin—

176 454 325 495 decim
346 454 555 494 nonnulli
581 459 624 494 et
645 454 723 505 qui
741 459 863 493 totos
879 451 1046 503 viginti
1064 461 1210 490 annos
1228 449 1327 489 sine
1345 447 1638 488 confessione
1654 453 1802 486 trans-

176 530 385 576 egerant.
407 523 498 564 Sed
519 531 564 564 et
584 536 702 564 unus
724 525 846 564 intra
867 522 1036 573 viginti
1065 526 1109 561 et
1140 519 1341 572 quinque
1374 530 1522 558 annos
1544 529 1594 557 se
1618 523 1687 557 ter
1708 524 1802 565 aut,

176 603 224 636 ut
245 596 513 648 plurimum,
547 601 712 647 quater
732 595 998 635 consessum
1019 591 1186 644 ajebat.
1217 590 1337 642 Quid
1359 591 1506 642 plura,
1537 600 1641 629 cum
1669 588 1802 628 fateri

175 668 317 708 etiam
338 679 431 707 non
451 667 750 716 erubescant,
776 666 996 716 ignorare
1022 675 1071 703 se
1101 673 1328 703 annorum
1350 671 1614 711 numerum,
1639 659 1804 711 quibus

180 739 307 779 hisce
329 738 636 778 sacramentis
657 737 911 777 caruerint?

257 810 406 850 Fuere
427 815 472 849 et
491 808 687 860 juvenes
709 808 883 860 aliquot
910 807 1065 847 animo
1086 805 1218 856 vagi,
1248 804 1456 844 moribus
1477 813 1644 854 parum
1665 801 1801 841 hone-

177 881 274 931 stis,
299 880 376 932 qui
397 880 615 920 conversi
644 885 750 919 sunt
777 877 836 918 ad
861 878 1100 918 meliorem
1130 881 1344 916 mentem.
1378 874 1588 925 Quorum
1616 884 1736 912 unus
1755 872 1803 911 li—

178 952 285 991 bros
307 963 430 1000 suos,
455 951 533 1002 qui
554 950 668 990 nihil
687 950 776 990 nisi
804 960 978 990 vanum
998 947 1318 998 lascivumque
1340 946 1507 986 docere
1529 945 1658 984 illum
1678 950 1801 995 pote—

177 1027 304 1071 rant,
337 1022 395 1061 ad
422 1033 508 1061 nos
535 1021 697 1061 detulit
725 1027 769 1060 et
791 1020 926 1070 alios,
951 1030 1145 1070 quorum
1171 1018 1369 1058 lectione
1396 1016 1559 1056 melior
1580 1015 1730 1064 fieret,
1754 1021 1804 1054 ut

179 1092 451 1142 Gersonem,
473 1091 723 1142 Speculum
744 1090 898 1131 crucis
919 1096 963 1130 et
983 1088 1247 1140 hujusmodi
1268 1088 1354 1128 sibi
1375 1086 1683 1138 comparavit.
1707 1085 1804 1125 Nec

177 1163 268 1203 ullo
298 1168 507 1214 tempore
533 1169 729 1203 vacatur
760 1162 817 1202 ab
846 1162 1001 1213 aliquo
1030 1161 1184 1201 fructu
1205 1158 1467 1210 colligendo
1489 1158 1649 1198 divina
1677 1157 1801 1197 boni-

176 1240 286 1284 tate,
309 1245 367 1274 ne
387 1239 484 1273 turn
502 1234 690 1285 quidem
716 1245 822 1273 cum
848 1233 1050 1273 maxime
1070 1242 1270 1282 regnare
1292 1231 1491 1270 daemon
1523 1240 1577 1269 ac
1604 1228 1804 1280 plurima

177 1315 316 1355 posse
350 1304 570 1344 creditur.
601 1303 720 1344 Nam
751 1304 899 1356 pridie
933 1304 1141 1343 cinerum
1168 1310 1263 1342 tres
1290 1302 1336 1341 in
1363 1306 1524 1341 nostro
1553 1300 1724 1351 templo
1747 1299 1804 1337 ab

177 1388 268 1416 uno
295 1376 550 1427 eodemque
574 1376 818 1415 sacerdote
851 1375 1096 1424 generales
1125 1373 1444 1413 confessiones
1474 1370 1660 1411 auditae
1681 1376 1801 1410 sunt.

177 1446 343 1487 Milites
371 1458 555 1498 quoque
587 1447 894 1498 hispanarum
926 1446 1182 1496 legionum,
1216 1451 1355 1495 atque
1383 1455 1442 1483 ex
1467 1443 1539 1482 his
1567 1441 1804 1493 praecipui

174 1517 364 1569 quidam
402 1529 457 1558 ac
496 1517 735 1569 praefecti,
778 1517 954 1557 nostris
993 1515 1209 1556 Patribus
1249 1521 1356 1555 sunt
1395 1513 1621 1561 confessi;
1663 1518 1707 1552 et
1741 1512 1805 1551 in-

176 1588 293 1628 firmi
314 1589 543 1640 plerique,
568 1600 674 1628 cum
695 1589 741 1628 in
762 1587 1000 1639 hospitali,
1024 1594 1122 1627 tum
1142 1587 1189 1627 in
1216 1586 1466 1626 multorum
1494 1584 1722 1634 domibus,
1747 1582 1803 1622 ad

176 1672 290 1711 quas
312 1659 613 1700 advocamur.
637 1658 690 1699 In
710 1670 900 1699 carcere
922 1669 1051 1707 verO,
1075 1669 1166 1697 non
1187 1664 1348 1697 nostro
1369 1656 1660 1696 infirmorum
1679 1653 1705 1705 ¹,
1726 1654 1806 1694 sed

176 1738 219 1770 et
241 1731 440 1771 aliorum
460 1742 641 1782 quoque
661 1730 825 1770 Patres
851 1729 998 1769 nostri
1025 1727 1272 1768 audierunt
1293 1727 1612 1767 confessiones
1633 1731 1677 1765 et
1694 1726 1805 1769 mul-

177 1808 250 1840 tos
270 1801 376 1841 inde
397 1801 705 1853 eleemosynis
726 1801 1005 1851 liberarunt,
1032 1800 1109 1851 qui
1132 1810 1240 1839 aere
1262 1799 1414 1838 alieno
1436 1798 1585 1849 pressi
1610 1796 1673 1836 ibi
1695 1797 1804 1836 deti—

178 1872 403 1912 nebantur
437 1883 544 1912 cum
578 1872 800 1912 solvendo
834 1883 928 1911 non
963 1876 1131 1911 essent.
1169 1869 1259 1910 Sed
1294 1870 1350 1909 de
1385 1868 1694 1919 eleemosynis
1723 1879 1805 1907 suo

179 1949 344 1993 postea
365 1943 546 1983 dicetur
566 1944 684 1983 loco.

256 2013 405 2064 Nunc,
426 2014 647 2065 quoniam
664 2026 687 2054 e
705 2015 956 2054 multorum
979 2013 1146 2053 animis
1167 2013 1379 2063 fugatum
1396 2011 1672 2051 daemonem
1694 2010 1808 2049 dixi-

178 2096 299 2134 mus,
337 2083 635 2135 subjiciamus
670 2085 874 2124 breviter
909 2091 957 2124 ut
992 2096 1016 2124 e
1052 2083 1327 2134 corporibus
1357 2093 1539 2133 quoque
1568 2081 1807 2121 nonnullo-

176 2168 279 2196 rum
309 2156 367 2195 sit
398 2156 636 2207 expulsus.
670 2155 958 2195 Adolescens
987 2154 1233 2194 duodecim
1269 2164 1499 2194 annorum
1529 2152 1630 2204 qui,
1668 2159 1808 2191 tume-

175 2227 299 2267 facto
322 2232 525 2278 gutture,
546 2227 671 2277 quod
688 2238 715 2266 a
733 2232 858 2266 muto
881 2226 1048 2278 spiritu
1070 2226 1375 2275 obsideretur,
1396 2224 1493 2276 jam
1515 2224 1612 2264 dies
1635 2223 1809 2274 aliquot

178 2298 303 2337 omni
323 2297 427 2338 cibo
445 2297 750 2347 abstinuerat,
771 2297 862 2347 ubi,
883 2297 941 2337 ad
958 2297 1182 2348 templum
1203 2302 1416 2336 nostrum
1438 2294 1683 2341 adductus,
1704 2305 1809 2333 con-

178 2368 327 2408 fessus
347 2374 431 2418 est,
454 2369 606 2408 laetus
628 2380 683 2408 ac
704 2368 819 2408 liber
841 2379 948 2408 cum.
975 2367 1244 2419 parentibus
1266 2367 1454 2406 domum
1475 2366 1626 2406 rediit.
1651 2364 1809 2405 Puella

178 2440 301 2488 item,
331 2439 533 2490 quinque
562 2440 667 2490 plus
688 2439 841 2478 minus
874 2450 1117 2488 annorum,
1150 2449 1255 2478 cum
1287 2443 1433 2478 totam
1454 2437 1642 2477 domum
1663 2436 1812 2487 patris

178 2510 249 2550 sui
278 2510 542 2559 infestaret,
580 2510 670 2550 huc
698 2510 873 2559 delata,
904 2510 1111 2560 acceptis
1138 2509 1354 2549 remediis
1388 2514 1554 2548 curata
1582 2514 1664 2547 est.
1702 2506 1808 2547 Alia

181 2592 367 2632 quoque
408 2580 633 2620 infantula
672 2580 861 2630 nobilis,
898 2580 1056 2620 fasciis
1095 2581 1326 2629 involuta,
1369 2590 1488 2630 quae
1510 2590 1537 2618 a
1563 2578 1809 2618 daemonio

183 2651 345 2691 vexari
367 2651 659 2701 credebatur,
693 2652 812 2691 lecto
841 2662 979 2703 super
1008 2663 1111 2691 eam
1137 2650 1395 2701 Evangelio
1421 2649 1616 2702 Joannis
1642 2656 1686 2689 et
1709 2660 1808 2688 ora-

181 2722 304 2762 tione
332 2722 601 2772 Dominica,
635 2721 824 2762 domum
855 2733 968 2762 sana
1000 2722 1245 2773 deportata
1275 2728 1359 2761 est.
1388 2720 1714 2761 Nobilissimae
1735 2731 1809 2760 cu·

236 2882 246 2902 ¹
286 2882 372 2909 Vide
389 2881 555 2915 ΡοιΑΝςο,
573 2881 707 2915 (ΪΙινοη.,
722 2885 745 2909 t.
763 2889 795 2915 11,
813 2889 891 2916 pag.
906 2881 951 2915 37,
967 2889 997 2908 n.
1014 2881 1143 2908 77.-lbi
1160 2881 1293 2915 quidem
1307 2888 1416 2908 sermo
1432 2884 1482 2908 est
1498 2880 1537 2907 de
1553 2880 1735 2913 Panormo;
1751 2882 1808 2907 sed

183 2930 288 2956 verba
304 2929 388 2956 haec
405 2928 584 2955 Annibalis
609 2929 779 2963 indicium,
805 2929 836 2955 ni
862 2928 1022 2961 fallimur,
1048 2928 1221 2963 probabile
1246 2928 1331 2955 satis
1354 2929 1519 2962 praebent
1542 2927 1630 2954 idem
1654 2935 1674 2954 a
1694 2927 1808 2954 Natali

182 2975 357 3004 Messanae
379 2976 412 3003 in
434 2976 725 3003 incarceratorum
750 2976 922 3009 auxilium,
948 2976 1024 3003 dum
1049 2977 1264 3008 aegrotabat,
1287 2976 1431 3007 factum,
1453 2974 1539 3009 quod
1554 2974 1634 3002 fecit
1649 2974 1809 3002 Panormi

186 3023 286 3050 Pater
306 3023 507 3050 Domcncch.
