2074 3179
262 175 331 215 182
775 175 1001 212 LITTERAE
1028 186 1110 218 QUA
1121 185 1385 213 DRIMESTRES

260 272 307 312 in
328 273 580 323 rhetorica,
611 272 824 324 sequenti
852 283 965 312 vero
986 271 1060 311 die
1081 283 1172 312 una
1193 271 1239 311 in
1266 272 1575 324 philosophia,
1608 283 1727 323 quae
1756 272 1896 311 omni-

258 343 345 383 bus
368 344 615 394 placebant
636 344 901 395 plurimum,
928 342 1131 382 maxime
1152 343 1230 382 illa
1251 343 1524 394 rhetorices,
1548 343 1605 383 ob
1627 354 1775 393 suam,
1800 349 1897 383 tum

261 421 575 466 venustatem,
596 422 693 455 tum
713 414 990 464 ubertatem,
1008 419 1106 453 tum
1128 414 1269 454 etiam
1285 414 1393 465 quia
1408 414 1487 454 illa
1508 414 1758 464 tractabat,
1780 425 1900 465 quae

261 498 424 526 omnes
445 486 765 536 intelligebant
791 484 816 534 ¹,
840 484 906 524 ita
927 491 976 524 ut
998 484 1406 525 transcribendam
1426 485 1613 537 plurimi
1633 496 1737 525 eam
1759 485 1899 536 petie·

258 558 367 597 rint.
400 557 487 597 Die
508 569 622 597 vero
645 556 945 609 subsequenti
966 562 1156 607 apertae
1179 562 1284 596 sunt
1305 556 1516 607 scholae,
1540 555 1599 595 ad
1626 567 1743 608 quas
1767 556 1901 596 scho—

259 629 413 668 lastici
430 628 687 677 venientes,
708 627 965 667 secundum
981 626 1252 667 facultatem
1266 632 1310 667 et
1322 626 1660 676 sufficientiam,
1676 628 1722 667 in
1735 627 1904 668 debitis

262 700 435 739 scholis
457 707 564 739 sunt
587 699 802 739 ordinati.

342 771 496 822 Atque
527 776 594 811 tot
623 770 883 820 scholares,
918 770 996 822 qui
1029 770 1076 810 in
1104 769 1203 810 dies
1233 769 1614 821 multiplicantur,
1642 769 1737 820 jam
1763 781 1901 809 vene.—

264 850 388 891 runt,
410 849 457 882 ut
474 843 624 893 prima
642 841 822 892 classis,
847 853 965 893 quae
987 841 1202 892 Magistri
1220 840 1344 881 Petri
1365 841 1624 881 Brixiensis
1639 848 1723 889 est,
1747 852 1907 880 nume-⁷

261 925 366 954 rum
384 914 581 954 excedat
603 919 790 953 centum
811 918 856 953 et
877 913 1139 963 sexaginta.
1165 912 1335 964 Quare,
1359 919 1409 952 ut
1430 924 1513 952 suo
1534 913 1698 952 melius
1720 911 1902 952 satisfa-

265 992 392 1025 ceret
423 985 589 1035 officio,
625 995 818 1024 necesse
850 984 933 1024 fuit
960 989 1010 1024 ut
1038 984 1129 1024 duo
1161 983 1226 1023 illi
1257 984 1479 1023 darentur
1512 982 1821 1034 coadjutores.
1853 983 1905 1023 In

265 1057 472 1097 secunda
499 1062 655 1096 autem
687 1055 1008 1107 septuaginta:
1038 1055 1085 1095 in
1115 1055 1254 1095 tertia
1281 1061 1325 1094 et
1351 1061 1539 1106 quarta,
1572 1054 1737 1105 viginti
1766 1060 1809 1094 et
1838 1054 1903 1093 vi-

263 1128 383 1179 ginti
422 1127 638 1179 quinque.
681 1127 730 1166 In
770 1127 921 1167 classe
961 1132 1116 1166 autem
1154 1126 1435 1176 rhetorices,
1478 1126 1586 1178 quia
1635 1125 1904 1165 scholastici

264 1211 465 1251 capaces
486 1205 529 1239 et
552 1199 598 1239 in
619 1198 918 1238 inferioribus
935 1198 1193 1250 disciplinis
1214 1198 1390 1238 versati
1412 1209 1505 1237 non
1526 1198 1903 1247 inveniebantur,

267 1277 374 1311 sunt
394 1271 657 1323 pauciores
682 1269 773 1310 Sed
794 1281 1039 1321 speramus
1068 1280 1312 1309 numerum
1345 1280 1427 1320 per
1455 1268 1727 1309 inferiorum
1755 1267 1905 1320 profe-

266 1349 393 1383 ctum
414 1341 835 1393 multiplicandum.
860 1341 952 1381 Res
981 1341 1194 1393 profecto
1217 1340 1481 1391 hujusmodi
1505 1346 1574 1380 est
1595 1346 1643 1380 ut
1665 1340 1790 1380 laudi
1817 1339 1904 1379 Dei
1931 1380 1934 1383 .

266 1415 459 1455 uberem
484 1413 731 1454 materiam
759 1413 1004 1463 praebeat,
1029 1413 1156 1452 illum
1179 1412 1520 1453 considerando
1541 1412 1744 1452 fructum
1769 1422 1906 1463 quem

270 1487 425 1538 pueri,
449 1492 547 1526 tum
568 1486 615 1525 in
642 1485 830 1533 litteris,
861 1490 958 1525 tum
987 1484 1033 1524 in
1062 1484 1248 1535 spiritu,
1279 1484 1367 1523 hoc
1403 1483 1532 1524 brevi
1559 1489 1766 1534 tempore
1797 1488 1904 1522 sunt

268 1557 486 1598 assecuti.

347 1629 468 1669 Nam
489 1634 715 1680 quantum
737 1628 794 1668 ad
824 1628 1004 1667 litteras
1025 1634 1205 1678 spectat
1223 1660 1230 1677 ,
1255 1627 1343 1667 hoc
1365 1625 1613 1677 diligenter
1631 1638 1656 1665 a
1679 1625 1907 1677 principio

270 1707 341 1741 est
363 1706 578 1741 curatum
600 1706 643 1740 et
665 1700 886 1740 continuo
909 1706 1115 1750 curatur,
1139 1707 1187 1739 ut
1210 1698 1357 1738 solida
1376 1697 1553 1749 jaciant
1574 1697 1909 1749 grammatices

270 1773 588 1822 fundamenta,
621 1783 739 1823 quae
761 1771 808 1811 in
828 1770 943 1823 ipsis
973 1770 1182 1818 omnino,
1215 1781 1319 1810 cum
1348 1770 1561 1819 regulam
1587 1769 1761 1808 nullam
1788 1773 1909 1807 tenc-

270 1851 389 1895 rent,
404 1843 806 1883 desiderabantur.
826 1842 982 1893 Quare
996 1842 1137 1881 etiam
1150 1840 1301 1892 major
1314 1853 1372 1880 ex
1389 1840 1478 1880 isto
1495 1846 1703 1891 tempore
1721 1839 1907 1890 exiguo,

271 1927 361 1967 quo
384 1915 508 1967 apud
529 1926 615 1955 nos
637 1914 936 1964 studuerunt,
960 1913 1006 1952 in
1029 1913 1119 1952 illis
1140 1912 1427 1964 conspicitur
1454 1911 1655 1961 fructus,
1686 1922 1826 1962 quam
1852 1921 1911 1950 ex

269 1987 418 2027 tribus
439 1992 701 2038 quatuorve
726 1985 883 2032 annis,
908 1984 1076 2036 quibus
1099 1984 1182 2023 sub
1206 1984 1309 2024 aliis
1339 1983 1581 2034 magistris
1611 1993 1801 2034 operam
1832 1993 1909 2022 na-

271 2064 458 2099 varunt.
488 2057 622 2108 Quod
649 2057 791 2097 etiam
820 2056 1003 2108 ipsimet
1034 2055 1328 2096 confitentur.
1360 2055 1416 2095 Et
1443 2055 1532 2094 hoc
1561 2054 1748 2106 quidem
1774 2053 1823 2093 fit
1853 2053 1911 2092 ob

270 2131 445 2171 bonum
466 2141 603 2181 quem
624 2134 782 2168 tenent
803 2127 1018 2179 magistri
1040 2127 1252 2167 ordinem
1281 2137 1596 2177 magnamque
1618 2137 1757 2176 quam
1785 2124 1909 2164 exhi-

267 2202 379 2242 bent
400 2200 712 2252 diligentiam,
736 2199 939 2240 Domino
961 2198 1084 2249 Deo,
1108 2184 1230 2250 quod
1259 2198 1565 2250 praecipuum
1597 2203 1686 2247 est,
1720 2195 1912 2236 mirifice

270 2273 449 2325 coeptis
489 2284 652 2313 eorum
686 2271 977 2322 adspirante,
1015 2276 1174 2321 utpote
1205 2268 1336 2321 cujus
1365 2270 1467 2309 laus
1497 2274 1541 2309 et
1576 2269 1728 2319 gloria
1763 2267 1914 2308 solum

270 2344 527 2396 quaeritur.

353 2415 487 2467 Quod
514 2415 573 2454 ad
600 2425 755 2454 mores
784 2413 969 2461 attinet,
1000 2424 1074 2452 res
1106 2419 1175 2452 est
1207 2412 1423 2452 miranda
1453 2410 1705 2462 magistros
1733 2417 1776 2449 et
1807 2421 1911 2449 con-

272 2487 479 2527 sessores
499 2487 641 2526 talem
662 2491 850 2535 tamque
871 2484 1073 2524 subitam
1093 2483 1139 2523 in
1169 2483 1241 2523 his
1272 2482 1432 2534 pueris
1461 2481 1673 2522 invenire
1700 2480 1912 2521 mutatio-

271 2570 395 2609 nem,
428 2564 476 2597 ut
509 2556 697 2597 omnino
733 2561 930 2607 peccata
963 2554 1078 2606 ipsis
1122 2553 1352 2594 decidisse
1387 2553 1638 2593 videantur
1677 2563 1785 2592 cum
1823 2551 1914 2590 huc

271 2630 424 2682 primo
444 2627 660 2668 venerint
682 2627 744 2667 ita
776 2632 841 2676 ut,
866 2624 1144 2676 interrogati
1164 2636 1276 2664 num
1297 2624 1343 2664 in
1365 2624 1457 2664 hoc
1478 2629 1557 2664 aut
1584 2623 1632 2663 in
1661 2622 1773 2662 illud
1803 2621 1914 2662 inci-

273 2701 472 2751 dissent,
509 2698 793 2750 respondent
829 2695 1093 2749 hujusmodi
1122 2695 1306 2748 quidem
1336 2706 1386 2735 se
1413 2694 1574 2735 solitos
1606 2694 1913 2746 committere,

272 2773 355 2813 sed
377 2783 436 2811 ex
458 2782 548 2822 quo
570 2771 712 2810 hasce
735 2769 922 2809 scholas
941 2767 1253 2818 frequentant,
1278 2777 1574 2818 nequaquam
1595 2766 1796 2816 amplius
1812 2775 1914 2815 per-

272 2850 500 2895 petrasse.
543 2841 717 2882 Omnes
757 2839 955 2891 singulis
988 2838 1227 2879 mensibus
1265 2837 1558 2888 confitentur,
1596 2837 1740 2888 aliqui
1774 2836 1913 2876 etiam

330 2956 337 2975 ¹
379 2955 474 2982 Hanc
501 2942 691 2982 orationem
715 2954 909 2987 elegantem
933 2956 965 2979 et
989 2952 1123 2986 plenam
1148 2950 1285 2978 Siciliae
1308 2949 1464 2978 laudibus
1480 2953 1581 2984 atque
1607 2950 1712 2983 ipsius
1728 2948 1919 2982 Pro-regis„

276 3002 359 3030 dicit
375 3003 554 3035 Polancus,
572 3001 704 3033 chron„
719 3006 742 3027 t.
760 3008 779 3031 1,
799 3008 876 3034 pag.
889 3000 952 3034 387,
965 3007 1053 3026 num.
1066 2999 1127 3025 386.
