2074 3179
847 143 928 179 AN.
961 143 1046 179 1551
1689 143 1765 180 259

135 240 401 291 ibijurandi
419 246 462 280 et
481 239 715 291 pejerandi
734 240 1009 280 detestanda
1025 239 1311 279 consuetudo
1328 239 1602 288 inoleverat,
1625 242 1757 280 soda-

128 311 276 350 litium
308 311 526 361 instituit,
557 311 743 351 nomine
769 312 880 364 Jesu
908 310 1202 362 insignitum,
1232 309 1363 359 cujus
1390 311 1465 350 lex
1486 318 1530 350 et
1552 312 1757 351 conditio

130 382 210 422 fuit
230 394 288 422 ne
304 382 406 433 quis
426 382 658 422 sodalium
674 381 810 434 juret,
835 383 918 424 sub
939 382 1111 422 mulcta
1129 387 1287 421 certae
1302 382 1529 432 pecuniae
1546 384 1763 433 pauperi⁷

127 454 213 493 bus
242 453 523 504 erogandae.
559 453 654 493 Nec
681 453 769 493 hoc
801 454 938 493 inane
966 452 1050 492 fuit
1072 458 1149 492 aut
1171 452 1351 502 inutile,
1376 452 1603 503 siquidem
1624 453 1669 492 in
1693 465 1763 493 re-

127 524 239 574 ditu,
266 524 351 564 iter
372 524 551 564 faciens
572 536 654 575 per
676 524 866 564 eosdem
886 535 1050 575 pagos,
1075 524 1244 563 multos
1266 522 1437 573 reperit
1459 523 1571 563 dicti
1594 524 1758 564 sodali-

127 595 175 634 tii
208 595 361 634 socios
391 600 435 634 et
463 595 724 635 confratres
751 595 1043 645 fructumque
1072 605 1165 634 non
1198 593 1544 645 poenitendum.
1584 594 1674 635 Sed
1705 596 1761 634 dc

127 667 215 705 hac
235 677 286 706 re
308 667 495 717 scripsit
516 666 613 717 ipse
634 667 694 706 ad
710 666 758 706 P.
785 672 927 706 tuam.
953 666 1143 705 Praeter
1164 666 1295 715 haec,
1320 665 1367 704 in
1389 665 1602 705 omnibus
1623 666 1767 716 pagis

126 748 208 787 per
229 748 345 788 quos
372 738 615 788 transibat,
641 737 781 777 dabat
803 748 993 788 operam
1016 736 1375 776 reconciliandis
1395 735 1618 785 inimicis,
1643 735 1761 786 ejus-

126 808 340 858 modique
375 808 478 847 aliis
508 807 859 848 misericordiae
893 808 1131 858 operibus;
1160 812 1224 854 et,
1256 807 1402 846 sicubi
1433 808 1758 858 opportunitas>

125 879 327 929 daretur,
353 884 433 919 aut
453 879 634 930 publice
656 879 1024 919 concionabatur
1052 884 1130 917 aut
1158 878 1356 929 privatis
1378 878 1671 917 sermonibus
1700 878 1758 917 ad

124 949 364 1000 religionis
397 951 572 989 cultum
607 949 957 997 exhortabatur3
991 949 1158 999 ubique
1190 960 1361 999 magna
1397 948 1482 988 fuit
1516 949 1757 989 hominum

125 1006 374 1060 admiratio
398 1025 441 1060 et
464 1020 741 1071 aedificatio,
768 1020 893 1071 quod
914 1020 1030 1059 haec
1049 1025 1145 1059 tam
1163 1019 1343 1059 sincere
1363 1025 1551 1071 tamque
1573 1020 1758 1059 ardenti-

127 1091 224 1130 zelo
250 1090 512 1131 animarum
540 1096 874 1131 tractarentur.
904 1090 1194 1141 Ubicumque
1222 1090 1369 1130 etiam·
1388 1090 1573 1130 fuerunt
1601 1090 1756 1130 Ferdi—

125 1162 308 1201 nandus
334 1161 539 1201 Alvarez
566 1167 611 1201 et
639 1161 865 1212 Baptista,
891 1172 1084 1201 suavem
1112 1161 1424 1211 fragrantiam
1452 1168 1493 1200 et
1523 1162 1593 1201 sui
1622 1162 1758 1201 vehe—

127 1244 257 1272 mens
291 1232 574 1272 desiderium
601 1232 902 1283 reliquerunt,
927 1232 1221 1282 fructumque
1242 1232 1482 1282 copiosum
1502 1233 1758 1272 retulerunt

126 1315 183 1343 ex
205 1314 288 1343 sua
311 1303 685 1353 conversatione,
710 1303 921 1343 doctrina
950 1310 992 1342 et
1021 1303 1147 1342 vitae
1177 1303 1405 1353 exemplo.
1436 1302 1659 1343 Narravit
1680 1316 1758 1343 no-

124 1374 194 1414 bis
223 1373 583 1425 Pro-episcopus
614 1373 990 1418 salmanticensis
1013 1373 1170 1424 (quem
1192 1374 1335 1423 vulgo
1357 1373 1656 1413 Provisorem
1679 1386 1756 1425 ap—

128 1445 385 1497 pellamus),
410 1445 600 1485 natione
620 1445 881 1496 burgensis,
899 1445 1147 1496 quemdam
1167 1445 1288 1484 illius
1310 1445 1519 1495 regionis
1541 1446 1759 1485 sacerdo-

127 1523 218 1556 tem
236 1516 333 1567 qui,
358 1517 415 1556 ob
436 1517 583 1556 vitam
604 1516 898 1556 inhonestam
926 1527 1102 1566 suaque
1122 1515 1411 1567 professione
1433 1516 1620 1555 omnino
1642 1517 1753 1556 indi-

125 1598 281 1638 gnam,
307 1587 558 1627 admodum
579 1588 700 1627 male
721 1587 939 1627 audiebat
961 1587 1084 1638 apud
1112 1598 1235 1637 suos,
1268 1587 1501 1627 consortio
1524 1594 1568 1627 et
1590 1588 1761 1628 adhor-

124 1659 377 1698 tationibus
399 1658 552 1698 Patris
573 1658 826 1710 Baptistae,
850 1670 987 1710 quem
1005 1658 1050 1697 in
1068 1658 1261 1698 aedibus
1282 1658 1378 1698 suis
1401 1658 1603 1709 hospitio
1624 1671 1758 1699 exce-

124 1735 272 1780 perat,
306 1730 421 1769 adeo
448 1730 716 1781 resipuisse,
750 1736 799 1769 ut
831 1741 992 1769 omnes
1021 1736 1262 1780 stuperent
1297 1730 1584 1770 admirantes
1620 1730 1664 1770 in
1701 1743 1755 1770 co

124 1801 428 1840 mutationem
459 1800 678 1841 dexterae
714 1801 802 1840 Dei
836 1801 1024 1841 excelsi.
1058 1800 1179 1840 Hinc
1213 1801 1367 1851 etiam,
1398 1802 1560 1852 paucis
1589 1801 1758 1841 abhinc

125 1871 300 1921 diebus,
324 1871 452 1911 venit
474 1871 532 1911 ad
553 1883 639 1911 nos
660 1871 849 1923 quidam
876 1871 952 1923 qui
980 1877 1367 1922 percunctaretur
1394 1871 1449 1911 de
1470 1871 1519 1911 P.
1544 1872 1755 1923 Baptista

126 1942 315 1982 ubinam
342 1948 483 1992 esset,
509 1949 552 1982 et
581 1942 689 1994 quid
711 1949 873 1993 ageret
894 1949 999 1992 etc.‚
1024 1942 1194 1981 obnixe
1214 1953 1390 1993 rogans
1411 1948 1455 1982 et
1483 1943 1759 1991 obsecrans,

126 2024 209 2064 per
229 2013 507 2053 charitatem
534 2025 625 2065 qua
652 2025 738 2053 nos
766 2013 925 2053 dilexit
945 2013 1188 2064 Dominus,
1218 2020 1267 2053 ut
1288 2013 1347 2053 ad
1368 2014 1493 2053 illam
1515 2014 1757 2065 regionem

125 2090 455 2134 reverteretur,
493 2095 709 2124 asserens
736 2089 911 2123 terram
944 2084 1069 2123 illam
1104 2085 1359 2124 maximum
1393 2085 1757 2125 emolumentum

128 2161 457 2206 percepturam
480 2167 537 2194 ex
559 2153 657 2205 ejus
686 2154 899 2194 doctrina
925 2161 968 2194 et
997 2155 1122 2195 vitae
1150 2156 1524 2195 conversatione.
1556 2150 1754 2196 Peracta

125 2225 502 2276 peregrinatione
531 2237 630 2276 sua,
653 2225 988 2266 Salmanticam
1017 2226 1211 2266 redeunt
1232 2226 1281 2266 P.
1311 2225 1502 2277 Doctor,
1526 2226 1753 2278 Baptista,

126 2302 170 2336 et
191 2295 433 2348 Pefialosa‚
458 2297 535 2348 qui
555 2303 747 2349 propter
776 2297 988 2349 corporis
1015 2297 1330 2337 infirmitatem
1360 2309 1453 2337 non
1479 2297 1567 2338 fuit
1595 2309 1756 2338 comes

125 2366 277 2407 dictae
297 2368 703 2419 peregrinationis,
723 2367 804 2408 sed
824 2368 1087 2408 Vallisoleti
1109 2373 1400 2408 remanserat
1415 2368 1569 2419 gratia
1593 2369 1753 2409 confir-

125 2438 324 2478 mandae
350 2438 646 2478 valetudinis.
671 2439 897 2490 Magister
919 2444 1073 2479 autem
1094 2439 1313 2488 AlvareZ,
1338 2438 1491 2479 adhuc
1513 2446 1750 2490 aegrotus,

125 2509 294 2559 Burgis
315 2510 518 2560 relictus,
550 2516 594 2549 et
615 2521 719 2549 cum
748 2521 802 2549 eo
832 2510 1156 2550 Ferdinandus
1186 2509 1405 2550 Alvarez.
1446 2509 1754 2551 Revertentes

126 2585 281 2619 autem
307 2591 388 2631 per
412 2579 745 2631 Methymnam,
775 2581 991 2620 convenit
1014 2580 1190 2620 Doctor
1211 2588 1371 2621 noster
1392 2580 1673 2621 Rodericum
1697 2581 1753 2621 de

125 2650 329 2700 Duefias,
363 2658 672 2691 mercatorem
702 2652 1102 2702 opulentissimum
1124 2658 1167 2691 et
1196 2652 1242 2691 in
1263 2652 1334 2691 his
1362 2651 1631 2702 regionibus
1652 2664 1751 2703 per-

125 2732 264 2772 quam
285 2722 527 2772 celebrem,
549 2722 627 2773 qui
646 2723 801 2762 multis
816 2723 1034 2774 precibus
1057 2723 1186 2774 petiit
1208 2734 1234 2761 a
1256 2722 1461 2762 Doctore
1483 2729 1531 2762 ut
1553 2723 1670 2762 duos
1691 2735 1751 2762 ex

127 2792 297 2832 nostris
327 2793 530 2832 mitteret
561 2791 882 2844 Methymnam
918 2794 1009 2845 qui,
1049 2794 1093 2832 in
1131 2793 1349 2833 Adventu
1383 2792 1588 2841 Domini,
1626 2794 1750 2845 quod

126 2869 308 2914 tempus
335 2870 404 2903 est
431 2863 743 2903 nundinarum
770 2864 1208 2915 Methymnensium,
1235 2871 1278 2903 et
1300 2865 1597 2914 evangelium
1619 2865 1750 2915 regni

126 2933 453 2983 praedicarent
481 2941 524 2974 et
546 2941 847 2984 peccatorum
870 2935 1239 2974 confessionilms
1267 2935 1511 2974 audiendis
1546 2935 1750 2975 intende-
