2074 3179
874 205 957 243 AN.
990 206 1075 243 1551
1719 208 1790 242 430

162 308 429 353 pugnantur
459 308 597 353 atque
617 302 940 352 defenduntur.
959 301 1008 342 P.
1033 301 1274 352 Claudius,
1311 301 1417 353 quia
1446 302 1788 343 haereticorum

163 372 403 423 opiniones
430 372 489 412 ad
514 384 719 424 unguem
748 373 975 424 intelligit,
1006 378 1050 412 et
1080 372 1307 424 singulari
1334 373 1537 424 quadam
1559 379 1659 413 arte
1682 386 1786 414 con-

161 442 294 494 futat,
317 443 420 483 ideo
442 443 578 483 valde
598 450 762 495 gratus
784 450 867 495 est,
891 455 977 484 nec
1004 443 1049 483 id
1076 443 1187 483 facit
1213 444 1312 483 sine
1339 443 1516 494 fructu;
1546 444 1643 483 scio
1665 445 1787 484 enim

160 514 419 565 plerosque,
444 514 521 565 qui
542 526 636 554 non
663 515 827 555 leviter
853 514 1206 554 lutheranorum
1236 514 1600 566 sophismatibus
1622 515 1784 555 irretiti

159 590 307 635 erant,
345 584 620 625 lectionibus
654 585 1142 636 confutationibusque
1175 584 1328 625 Patris
1367 585 1587 625 liberatos
1626 585 1785 625 fuisse.

159 654 288 694 Haec
306 654 451 695 ferme
473 663 579 696 sunt
599 667 718 708 quae
746 656 802 696 de
832 656 970 695 rebus
997 655 1189 706 nostris,
1221 662 1270 695 ut
1299 656 1346 695 in
1374 656 1446 695 his
1473 656 1715 707 principiis
1737 670 1786 696 se

158 726 345 777 habent,
370 726 615 767 scribenda
636 727 839 766 breviter
861 726 920 766 ad
940 725 1079 766 Rdam
1099 725 1147 765 P.
1172 726 1230 766 V.
1254 726 1432 777 putavi.

237 796 414 847 Quibus
435 796 745 847 adjiciendum
766 809 950 849 quoque
971 796 1155 836 videtur
1177 808 1299 847 esse,
1333 802 1585 848 antequam
1607 796 1777 847 finiam,

157 878 246 917 quo
268 872 406 919 pacto
428 867 502 907 hic
531 878 643 918 erga
670 879 754 908 nos
782 879 941 907 omnes
973 867 1064 907 sint
1093 867 1261 907 affecti.
1292 866 1427 918 Quod
1447 867 1555 907 licet
1575 879 1662 907 nos
1683 879 1782 918 per-

156 949 321 988 parum
341 944 550 989 moveat,
575 950 744 990 operae
765 939 965 989 pretium
987 944 1144 978 tamen
1164 944 1254 989 est,
1277 937 1416 978 R.0¹am
1436 938 1484 978 P.
1510 938 1568 978 V.
1594 939 1639 978 id
1663 950 1787 978 com-

155 1015 336 1058 pertum
356 1009 544 1049 habere.
567 1010 605 1049 E
624 1010 794 1061 populo
815 1009 1000 1061 quidem
1026 1009 1160 1049 varia
1186 1009 1429 1049 variorum
1450 1020 1564 1060 erga
1585 1021 1670 1049 nos
1692 1016 1782 1049 stu-

155 1079 229 1118 dia
254 1079 478 1120 videmus.
502 1080 588 1120 Hic
610 1080 820 1131 miratur,
844 1081 919 1120 ille
939 1080 1115 1130 irridet,
1141 1080 1259 1120 alius
1279 1087 1547 1131 veneratur,
1572 1081 1783 1120 nonnulli

153 1157 197 1189 et
220 1150 297 1201 qui
324 1150 666 1191 haereticorum
686 1163 868 1191 veneno
890 1157 1054 1191 contra
1081 1151 1332 1202 religiones
1361 1152 1628 1203 exasperati
1657 1158 1781 1202 sunt,

153 1221 437 1261 clanculario
472 1222 723 1262 detrahunt
758 1229 895 1274 atque
929 1222 1156 1262 mordent.
1193 1222 1261 1262 Illi
1289 1228 1445 1262 autem
1472 1222 1549 1273 qui
1575 1223 1784 1262 melioris

153 1291 569 1344 splendidiorisque
598 1299 705 1332 sunt
732 1293 1012 1333 conditionis
1041 1293 1094 1343 (si
1122 1305 1180 1333 ex
1208 1293 1541 1344 apparentibus
1568 1293 1715 1344 signis
1737 1300 1781 1334 et

152 1363 516 1403 circumstantiis
545 1362 755 1415 judicare
794 1364 922 1414 licet)
962 1364 1076 1404 satis
1111 1364 1336 1416 propitios
1373 1364 1499 1415 ipsos
1537 1364 1780 1404 habemus.

152 1432 391 1483 Quosdam
416 1440 573 1474 tamen
603 1446 660 1474 ex
689 1435 843 1474 animo
870 1435 1004 1474 nobis
1030 1435 1285 1474 familiares
1314 1446 1562 1486 rerumque
1597 1440 1774 1475 nostra-

153 1516 255 1544 rum
277 1505 484 1545 solicitos
504 1511 800 1557 promotores
822 1512 949 1546 certo
971 1506 1157 1546 scimus.
1186 1505 1312 1546 Inter
1333 1517 1448 1557 quos
1470 1513 1539 1546 est
1561 1506 1692 1546 Rmus
1716 1505 1776 1546 D.

152 1574 358 1626 Legatus
378 1576 695 1627 Apostolicus,
720 1576 797 1628 qui
818 1577 1035 1628 quamvis
1057 1577 1175 1616 sciat
1195 1577 1333 1627 longe
1354 1577 1487 1628 plura
1507 1575 1778 1628 majoraque

152 1646 241 1686 sibi
260 1658 287 1685 a
306 1646 439 1687 nobis
460 1647 638 1698 deberi,
662 1659 803 1699 quam
830 1654 878 1687 ut
905 1659 1111 1699 unquam
1137 1647 1364 1688 solvendo
1395 1659 1496 1687 esse
1526 1648 1779 1699 possimus,

153 1717 355 1757 maxima
376 1724 533 1758 tamen
554 1718 706 1759 adhuc
726 1718 950 1759 beneficia
966 1717 1188 1759 Societati
1209 1717 1424 1758 conferre
1446 1719 1638 1770 cogitat;
1662 1719 1777 1758 dixit

151 1788 272 1828 enirn
292 1787 393 1828 R.<³0
409 1788 458 1828 Ρ.
484 1789 679 1829 Claudio
708 1801 778 1840 se,
808 1789 885 1829 ubi
913 1789 960 1829 in
989 1781 1176 1829 ⁴Italiam
1205 1801 1426 1829 reversus
1456 1797 1598 1840 esset,
1630 1789 1775 1830 Colle-

149 1859 278 1909 gium
299 1859 495 1899 Bressae
512 1860 843 1900 instituturum.
867 1860 1122 1901 Confessus
1139 1866 1208 1900 est
1230 1860 1473 1911 aliquoties
1490 1860 1538 1899 P.
1563 1860 1775 1910 Claudio,

150 1941 241 1969 una
262 1936 306 1969 et
333 1930 521 1981 quidam
548 1931 726 1971 nobiles
754 1943 812 1971 ex
838 1931 983 1983 ipsius
1011 1931 1201 1971 familia.
1232 1931 1389 1982 Nuper
1418 1943 1524 1971 cum
1551 1931 1779 1971 disces-2:1-

105 2002 107 2004 ’
150 2012 228 2040 rus
245 2006 367 2040 esset
383 2001 430 2040 in
446 2001 717 2042 Bohemiam
735 2014 840 2042 cum
857 2001 1074 2042 Serenssno
1088 2001 1232 2053 Rege,
1252 2002 1412 2041 invisit
1428 2002 1558 2053 prius
1575 2001 1624 2041 P.
1643 2002 1779 2043 Clau-

150 2071 290 2122 dium,
315 2072 394 2123 qui
415 2072 615 2113 adversa
632 2073 900 2113 valetudine
926 2073 1136 2113 nonnihil
1162 2073 1419 2113 laborabat:
1453 2072 1693 2113 confessus
1713 2074 1775 2113 illi

148 2149 217 2182 est
235 2149 278 2183 et
298 2143 468 2183 fratres
485 2155 646 2183 omnes
663 2144 824 2184 ordine
845 2144 1177 2184 humanissime
1199 2144 1484 2195 complexus,
1509 2144 1622 2194 ipsis
1642 2145 1776 2184 bene-

149 2214 279 2254 dixit.
309 2213 380 2254 De
407 2214 519 2255 RIUO
542 2215 588 2254 in
609 2215 794 2255 Christo
825 2215 1059 2267 Episcopo
1091 2215 1397 2267 Laybacense
1418 2216 1527 2267 quid
1558 2227 1673 2266 opus
1707 2222 1776 2255 est

150 2285 335 2325 dicere?
370 2284 459 2336 Qui
493 2292 589 2325 tam
623 2291 891 2326 constanter
927 2292 970 2326 et
1005 2286 1184 2326 fervide
1219 2297 1443 2337 praesens
1482 2287 1651 2326 absens
1689 2298 1776 2326 nos

149 2362 288 2406 amat,
314 2362 446 2396 curat
468 2368 523 2396 ac
543 2363 711 2405 tuetur,
736 2362 786 2397 ut
806 2369 977 2408 parens
1004 2357 1170 2408 aliquis
1199 2369 1306 2397 suos
1334 2357 1466 2397 filios,
1489 2357 1585 2397 Vix
1607 2369 1775 2409 queam

147 2438 393 2467 numerare
428 2427 609 2479 quoties
641 2428 841 2478 regiam,
879 2440 985 2468 cum
1025 2427 1243 2468 Seren.mo
1276 2428 1405 2478 Rege
1439 2428 1586 2468 nostri
1629 2440 1773 2468 causa

146 2498 406 2548 locuturus,
448 2498 600 2538 adeat:
636 2499 816 2549 quoties
850 2498 1039 2539 domum
1072 2505 1282 2539 nostram
1315 2499 1502 2549 invisat,
1537 2499 1777 2550 sagaciter

147 2569 303 2609 omnia
322 2569 586 2621 perlustret,
610 2581 668 2609 ne
688 2569 797 2621 quid
817 2570 951 2610 nobis
972 2570 1089 2610 desit
1110 2576 1254 2610 curet.
1278 2569 1374 2610 Nec
1402 2570 1491 2609 hoc
1520 2570 1606 2609 sibi
1628 2570 1776 2610 credit

146 2651 247 2679 esse
269 2640 405 2691 satis,
436 2640 526 2679 nisi
547 2640 686 2680 etiam
709 2639 831 2692 apud
853 2652 1014 2680 omnes
1034 2646 1279 2691 magnates
1306 2640 1773 2680 honorificentissime

147 2710 308 2750 laudes
330 2716 516 2751 nostras
539 2711 671 2762 (quas
691 2723 777 2751 nos
792 2717 951 2751 tamen
971 2711 1059 2752 Dei
1074 2712 1231 2762 gratia
1252 2711 1440 2751 minime
1456 2711 1775 2762 agnoscimus)

146 2781 397 2831 praedicet,
421 2787 567 2821 totam
587 2780 868 2822 Societatem
895 2788 1192 2834 promoveat,
1226 2790 1270 2822 et
1299 2782 1358 2822 ad
1385 2782 1532 2822 nostri
1562 2793 1771 2821 amorem

146 2852 349 2892 inducat.
372 2851 515 2892 Venit
535 2864 867 2904 nonnunquam
883 2864 942 2893 ex
962 2853 1235 2904 improvisO,
1259 2853 1508 2905 prandium
1527 2853 1771 2893 nobiscum

147 2928 429 2974 sumpturus,
467 2923 714 2963 comitatus
744 2923 845 2963 aliis
874 2925 1059 2975 magnis
1092 2924 1222 2972 viris,
1259 2930 1355 2964 tum
1389 2924 1635 2975 religiosis,
1676 2930 1770 2963 tum

147 2994 478 3045 saecularibus,
498 3000 547 3034 ut
568 2995 769 3034 tenuitas
788 2995 936 3035 nostri
955 2996 1124 3046 victus,
1149 3002 1193 3035 et
1210 3007 1264 3036 ea
1281 2995 1541 3047 disciplina,
1567 3007 1704 3046 quam
1728 2995 1774 3034 in
