2074 3179
191 100 262 137 29¹2
706 101 932 137 Lwrb‘RAE
960 112 1319 143 QUADRIMESTRES

191 202 347 237 mento
376 198 583 237 currenti
612 209 714 237 esse
743 197 1024 248 potuissent,
1054 197 1113 237 ad
1135 209 1219 237 nos
1247 204 1316 237 est
1337 210 1581 250 reversus,
1604 205 1830 251 perpetuo

190 267 378 307 Christo
401 268 513 321 Jesu
535 268 845 319 mancipatus.

270 338 451 379 Deinde
481 340 597 379 alios
628 339 764 386 (inter
800 339 956 390 plures
992 338 1069 389 qui
1103 338 1150 378 id
1177 338 1449 390 efflagitant)
1479 339 1595 380 duos
1626 339 1828 390 admisit,

187 410 268 461 qui
296 410 413 450 adeo
445 410 616 449 bonam
647 410 702 449 de
730 420 779 449 se
800 409 1058 460 praebuere
1084 415 1275 449 nostrae
1296 409 1583 450 Academiae
1604 422 1757 462 spem,
1782 417 1831 451 ut

188 481 395 520 omnium
425 481 523 520 fere
555 481 716 520 oculos
751 481 797 520 in
832 491 881 520 se
909 480 1248 520 converterint:
1273 481 1472 521 alterum
1491 481 1828 529 Licenciatum,

189 552 473 592 Ildefonsum
495 552 679 603 Lupum
701 565 728 592 a
757 551 974 592 Navarra
1005 550 1030 601 ¹,
1060 552 1138 603 qui
1169 563 1292 592 anno
1323 558 1562 592 transacto
1594 554 1831 593 exercitiis

188 623 340 663 fuerat
363 624 595 671 initiatus,
620 629 663 663 et
685 624 826 674 longa
847 629 1093 675 parentum
1115 629 1282 663 catena
1303 623 1530 674 irretitus,
1561 624 1643 663 vix
1672 631 1830 675 potue-

186 701 261 734 rat
282 694 379 746 ejus
402 695 551 734 nodos
573 694 923 745 subterfugere3
944 706 1068 735 nunc
1085 705 1216 745 vero,
1242 694 1457 734 omnibus
1477 695 1711 746 superatis
1729 707 1830 746 pro-

187 766 336 816 cellis,
368 766 415 806 in
450 773 637 817 portum
670 778 720 805 se
754 766 944 817 recepit.
975 764 1109 807 Alter
1143 771 1213 805 est
1241 764 1470 817 Aegidius
1503 764 1740 806 Gonsalus
1775 766 1830 805 de

184 837 328 877 Avila
349 836 378 888 ²,
403 837 646 877 rarissimo
669 837 858 888 ingenio
880 848 936 877 ac
957 848 1142 877 morum
1162 836 1385 876 facilitate
1407 842 1451 876 et
1472 837 1720 877 suavitate.
1743 837 1831 876 Hic

183 908 418 948 decimum
447 914 670 948 octavum
699 919 845 959 agens
867 920 1064 959 annum,
1090 920 1314 948 romanae
1341 913 1386 948 et
1411 919 1614 959 graecae
1642 907 1832 958 linguae

182 991 378 1030 gnarus,
410 979 702 1019 dialecticem
729 985 774 1019 et
800 979 1047 1031 physicem
1074 979 1284 1030 edidicit,
1309 991 1364 1019 ac
1386 979 1534 1019 sacris
1562 978 1832 1030 theologiae

184 1050 350 1090 studiis
371 1051 644 1102 parabatur,
670 1057 713 1091 et
735 1051 976 1102 utriusque
997 1051 1186 1102 linguae
1207 1051 1338 1102 poesi
1366 1050 1569 1090 felicitur
1597 1051 1828 1100 excultus,

180 1121 351 1173 quibus
373 1122 486 1162 solis
508 1121 853 1173 quodammodo
869 1128 1008 1162 natus
1028 1121 1291 1162 videbatur.
1315 1121 1376 1161 Hi
1402 1121 1514 1172 duo,
1547 1121 1655 1161 licet
1685 1133 1831 1173 angu-

182 1193 300 1232 stiae
320 1192 456 1233 nobis
479 1193 764 1233 conveniant
784 1193 1003 1245 undique,
1026 1192 1152 1233 domi
1172 1199 1362 1233 nostrae
1384 1198 1673 1233 manserunt.

262 1264 326 1304 At
347 1276 454 1304 cum
474 1271 643 1304 natura
664 1276 836 1316 parens
858 1264 1138 1305 charitatem
1160 1264 1207 1304 in
1227 1264 1397 1304 liberos
1418 1264 1692 1316 parentibus
1715 1264 1830 1304 indi-

182 1335 302 1376 derit
324 1335 722 1386 ardentissimam,
747 1336 825 1376 ubi
845 1341 1004 1387 patres
1025 1334 1038 1353 ³
1059 1335 1250 1386 Aegidii
1275 1347 1374 1376 rem
1402 1342 1562 1387 aperte
1590 1336 1829 1375 intellexe-

149 1413 311 1457 -runt,
342 1407 432 1447 huc
462 1419 511 1447 se
538 1413 819 1459 receperunt
847 1419 906 1446 ex
932 1407 1086 1458 patria
1114 1406 1277 1447 Toleto
1309 1407 1542 1458 proxima.
1573 1406 1832 1458 Egregium

180 1489 296 1518 sane
335 1479 659 1530 spectaculum
696 1478 871 1530 probus
921 1478 1197 1518 adolescens
1245 1477 1378 1518 nobis
1426 1477 1825 1529 conspicientibus

184 1549 331 1600 dedit,
366 1550 443 1601 qui
480 1549 637 1590 tristes
673 1550 838 1590 matris
873 1549 1147 1601 lachrymas
1182 1549 1590 1601 moestissimaque
1623 1549 1829 1589 lamenta

183 1620 322 1660 siccis
344 1621 492 1660 oculis
513 1621 877 1672 contemplatus,
902 1632 1037 1660 suam
1056 1620 1239 1672 aperuit
1259 1620 1323 1659 illi
1351 1626 1555 1660 mentem
1576 1620 1828 1671 tranquillo

180 1692 316 1731 vultu
336 1691 564 1743 firmoque
586 1691 748 1742 corde,
772 1691 1008 1743 pollicitus
1028 1691 1142 1731 nihil
1163 1690 1250 1731 sibi
1275 1702 1378 1731 esse
1407 1691 1454 1730 in
1485 1691 1623 1731 rebus
1655 1691 1830 1731 certius

182 1774 324 1813 quam
344 1762 445 1802 Deo
468 1763 647 1803 servire
680 1768 819 1814 atque
847 1762 1039 1814 obsequi
1069 1762 1116 1802 in
1142 1763 1232 1802 hac
1260 1761 1495 1802 Societate
1523 1760 1621 1813 ejus
1649 1762 1828 1802 nomini

180 1839 474 1874 consecrata.
503 1833 625 1885 Quid
645 1835 838 1885 multa?;
860 1834 1096 1886 persuasit
1116 1845 1344 1885 praesens
1365 1833 1485 1873 filius
1511 1839 1561 1873 ut
1587 1833 1829 1873 absentem

182 1904 356 1945 habere
378 1905 552 1945 mallet.
577 1905 750 1945 Abiere
772 1911 932 1957 patres
954 1905 1085 1954 laeti,
1116 1910 1343 1956 quantum
1365 1904 1645 1956 apparebat,
1674 1904 1825 1944 nobis-

180 1988 303 2027 cum,
328 1976 367 2016 si
387 1976 609 2028 licuisset,
633 1976 722 2017 Dei
744 1976 980 2028 obsequiis
1000 1976 1216 2028 parituri.

262 2047 379 2088 Tres
399 2054 646 2099 praeterea
668 2048 991 2088 adolescentes
1007 2047 1056 2088 Ρ.
1086 2047 1340 2088 Villanova
1367 2047 1555 2088 admisit
1585 2047 1713 2088 hisce
1735 2047 1829 2088 die-

184 2120 291 2171 bus;
315 2131 479 2160 eorum
500 2119 616 2160 duos
638 2120 928 2171 theologiam
948 2119 1191 2160 audituros
1213 2118 1447 2160 Gandiam
1474 2118 1620 2170 misit;
1647 2119 1825 2159 artibus

182 2191 307 2231 enim
341 2191 610 2232 liberalibus
644 2191 897 2243 linguaque
922 2190 1137 2231 Romana
1165 2190 1279 2231 satis
1308 2190 1583 2242 abundeque
1611 2190 1830 2231 instructi

184 2268 294 2303 vsunt
316 2261 344 2299 ⁴.
369 2262 570 2314 TertiUS‚
594 2261 795 2314 Ripalda
815 2262 1003 2303 nomine
1021 2260 1035 2280 ³
1051 2266 1136 2313 est,
1160 2261 1292 2314 cujus
1313 2273 1372 2302 ex
1389 2261 1543 2302 indole
1561 2268 1604 2302 et
1622 2262 1825 2313 ingenio,

241 2447 250 2466 2
293 2446 380 2473 Vide
398 2454 500 2480 supra
513 2467 519 2474 .
532 2448 610 2481 pag.
627 2447 689 2474 224.

237 2496 251 2514 ⁴-'
292 2494 458 2528 Aegidius
484 2494 679 2521 Gonsalvus
701 2495 740 2521 de
766 2495 882 2528 Avila,
907 2494 1082 2529 hispanice
1108 2494 1163 2521 Gil
1180 2494 1354 2520 Gonza'lez
1368 2493 1513 2526 Dtivila,
1528 2496 1628 2520 natus
1652 2493 1684 2520 in
1706 2493 1827 2527 oppido

186 2543 347 2577 Burujon,
373 2542 571 2576 provinciae
596 2545 628 2569 et
654 2542 849 2569 dioeceseos
865 2541 1061 2574 Toletanae,
1088 2549 1151 2568 non
1177 2541 1338 2576 Burojon,
1360 2545 1396 2568 ut
1420 2541 1452 2568 in
1474 2540 1658 2568 novissima
1681 2540 1826 2568 editione

187 2592 298 2626 operis
322 2590 477 2617 Varones
493 2589 638 2616 flustres
653 2590 695 2616 de
710 2590 744 2616 la
762 2589 955 2624 Compmlia
971 2590 1013 2616 de
1027 2589 1147 2624 sesses,
1160 2594 1181 2616 t.
1198 2596 1268 2623 vm,
1289 2596 1368 2623 pag.
1393 2587 1582 2616 2⁴2.-—Vide
1606 2587 1642 2614 P.
1669 2587 1826 2614 Cnmsro-

183 2646 247 2666 BAL
270 2646 313 2665 DE
341 2637 490 2666 CASTRO.
516 2637 677 2664 Historia
702 2637 760 2664 del
788 2637 922 2671 Colegio
944 2637 986 2664 de
1010 2637 1044 2664 Ia
1070 2636 1263 2672 Compafiia
1285 2637 1328 2664 de
1344 2636 1452 2672 Jesu's
1472 2636 1515 2662 de
1538 2635 1679 2667 Alcala‘,
1701 2636 1756 2662 lib.
1781 2643 1826 2669 111,

183 2693 261 2720 cap.
276 2686 319 2713 1¹2.

238 2734 252 2753 5
291 2733 467 2760 Parentes.
486 2733 683 2768 Hispanice,
700 2733 777 2760 dum
794 2733 833 2759 de
849 2737 949 2767 patre
973 2736 1006 2759 et
1031 2736 1153 2765 matre,
1167 2733 1315 2767 padrey
1334 2731 1470 2763 madre,
1490 2737 1600 2758 sermo
1623 2734 1685 2764 est,
1704 2731 1827 2758 dicitur

185 2782 329 2816 padres.

236 2830 251 2848 4
288 2828 415 2856 Eorum
433 2836 518 2855 unus
534 2832 610 2855 erat
634 2828 669 2855 P.
696 2828 843 2855 Michael
868 2827 1050 2859 Gobierno.
1073 2828 1169 2863 cujus
1188 2832 1288 2862 gesta
1303 2827 1380 2855 vide
1396 2827 1428 2854 in
1443 2833 1544 2861 opere
1568 2825 1723 2853 Varones
1746 2825 1828 2852 ilus-

182 2878 257 2903 [ια-5
275 2877 317 2903 dc
334 2876 367 2902 la
385 2876 577 2910 comprima
594 2876 637 2903 de
651 2876 772 2911 jesus,
787 2876 918 2910 Bilbao,
936 2876 1014 2909 1891,
1030 2880 1054 2903 t.
1071 2883 1222 2910 v11,pag‚
1235 2876 1297 2902 312.
1361 2899 1366 2904 .

235 2923 249 2942 5
289 2924 323 2949 P.
343 2923 570 2959 Hieronymus
592 2923 631 2950 de
653 2923 812 2958 Ripalda,
836 2923 875 2950 de
892 2931 955 2957 quo
970 2923 1048 2950 vide
1074 2923 1189 2950 Patris
1211 2922 1422 2950 CHRISTOBAL
1438 2929 1481 2949 DE
1496 2921 1629 2948 CAsTRo
1643 2940 1648 2952 ,
1664 2919 1825 2947 Historia
