2074 3179
263 186 333 223 700
775 183 1006 219 LITTERAE
1032 192 1391 225 QUADRIMESTRES

261 281 549 322 monasterio
572 281 824 320 multarum
844 279 1165 319 confessiones
1192 279 1373 319 audivit
1403 279 1634 330 simulque
1657 291 1761 327 eas,
1786 291 1907 331 quac

263 361 401 405 aptae
422 353 554 392 visae
576 357 704 399 sunt,
735 351 780 390 in
805 351 1015 391 oratione
1046 351 1268 391 instruxit
1297 350 1662 402 aliquantulum,
1693 351 1770 391 ubi
1799 351 1906 391 talis

264 425 419 475 coepit
451 435 552 463 esse
586 421 901 474 poenitentiae
928 422 1106 470 fervor,
1137 427 1186 461 ut
1213 422 1531 462 necessarium
1560 422 1906 463 existimaverit

267 497 403 536 Pater
423 506 528 534 eum
550 494 705 545 aliqua
733 505 792 533 ex
819 499 952 544 parte
979 492 1255 543 reprimere,
1286 504 1344 532 ne
1378 493 1517 542 aliae,
1548 504 1667 544 quae
1699 493 1907 544 incipere

263 567 504 615 volebant,
540 570 843 605 terrerentur.
886 564 937 603 In
961 563 1051 604 hoe
1075 564 1365 603 monasterio
1396 563 1650 604 Abbatissa
1679 564 1907 604 exercitia

265 639 420 678 facere
450 638 571 687 vult,
611 642 772 687 atque,
809 642 859 675 ut
893 636 1136 686 existimo,
1174 646 1251 675 res
1286 635 1345 675 ad
1380 634 1598 676 effectum
1635 636 1906 685 deducetur,

263 721 403 761 quam
424 709 596 749 multae
625 708 744 748 aliae
765 707 1123 758 subsequentur.
1147 706 1198 746 In
1219 707 1311 747 alio
1334 713 1491 746 autem
1513 718 1568 746 ac
1590 707 1726 747 tertio
1749 719 1906 747 mona-

263 782 405 821 sterio
433 780 547 820 nihil
573 779 727 820 adhuc
758 778 899 819 Pater
929 790 1072 829 agere
1103 778 1275 830 eoepit,
1314 778 1421 818 licet
1456 790 1550 818 non
1582 779 1724 818 semel
1752 785 1852 819 tum
1882 791 1910 819 a

262 853 544 893 monialibus
573 857 671 892 tum
698 850 755 890 ab
785 849 1041 890 Abbatissa
1068 851 1356 901 postulatum
1386 850 1445 890 sit
1476 856 1525 889 ut
1561 850 1607 889 in
1638 850 1850 890 oratione
1882 862 1910 890 a

263 925 404 964 Patre
427 924 790 964 instruerentur:
814 921 955 961 faciet
975 927 1155 971 tamen,
1180 931 1288 960 eum
1307 932 1391 972 per
1412 927 1599 971 tempus
1620 921 1791 961 licebit.

345 995 613 1036 Canonicus
649 994 790 1034 etiam
829 993 1041 1044 quidam,
1080 991 1200 1032 forte
1233 991 1316 1032 tibi
1351 998 1516 1041 notus,
1555 991 1732 1033 Romae
1768 992 1907 1042 enim,

265 1067 428 1117 credo,
452 1078 534 1118 per
556 1065 925 1118 quinquennium
945 1064 1055 1110 fuit,
1084 1064 1254 1104 missus
1281 1075 1306 1102 a
1335 1062 1578 1104 Cardinali
1608 1069 1659 1104 ut
1688 1075 1774 1115 pro
1810 1075 1909 1103 car-

262 1137 475 1179 dinalitia
503 1138 732 1189 dignitate
761 1136 941 1188 gratias
964 1142 1127 1186 ageret
1148 1134 1270 1175 Suae
1301 1134 1574 1184 Sanctitati,
1609 1135 1796 1175 nomine
1819 1134 1908 1174 Ga-

266 1222 379 1262 spar
399 1210 670 1259 Barreiros,
695 1208 741 1248 in
769 1206 900 1259 cujus
928 1206 1155 1257 brachiis,
1186 1212 1236 1246 ut
1264 1206 1348 1257 ait,
1373 1205 1512 1246 Pater
1544 1205 1774 1246 Martinus
1795 1204 1910 1246 San-

264 1289 368 1322 ctae
403 1281 570 1322 Crucis
598 1280 730 1330 obiit,
760 1279 833 1319 vir
860 1278 1253 1330 prudentissimus
1283 1284 1327 1318 et
1358 1278 1620 1317 litterarum
1647 1288 1743 1316 non
1775 1277 1909 1328 igna-

263 1365 365 1402 rus,
391 1366 417 1393 a
439 1352 578 1393 Patre
600 1352 645 1391 in
670 1351 884 1391 oratione
912 1349 1080 1389 instrui
1111 1349 1288 1400 coepit,
1321 1354 1545 1400 tantaque
1567 1349 1614 1388 in
1636 1360 1690 1388 eo
1713 1359 1796 1398 per
1817 1347 1910 1388 Do—

265 1426 441 1465 minum
468 1424 594 1464 faeta
622 1429 691 1462 est
722 1421 919 1462 mutatio
948 1432 1151 1470 morum,
1189 1426 1238 1460 ut
1267 1420 1314 1459 in
1346 1420 1435 1459 hac
1466 1419 1659 1459 civitate
1688 1419 1825 1469 nihil,
1863 1426 1911 1458 ut

266 1496 445 1547 audivi,
470 1495 606 1535 sicin
629 1493 837 1534 omnium
858 1505 938 1533 ore
965 1498 1194 1532 versetur.
1223 1491 1320 1531 Nec
1348 1492 1498 1531 solum
1528 1503 1577 1531 se
1604 1490 1664 1530 ad
1694 1490 1911 1530 veritatis

267 1568 516 1608 clariorem
554 1565 872 1617 cognitionem
907 1564 1093 1603 venisse
1127 1563 1323 1614 gaudet,
1360 1574 1527 1602 verum
1563 1568 1607 1602 et
1642 1562 1760 1602 alios
1797 1567 1912 1601 tam·

270 1651 409 1691 quam
431 1639 478 1679 in
498 1637 702 1678 tenebris
720 1636 1034 1685 ambulantes,
1059 1635 1184 1686 quod
1205 1634 1433 1674 orationis
1454 1633 1635 1674 fructus
1657 1645 1751 1673 non
1774 1645 1914 1685 expe-

264 1712 468 1760 riantur,
494 1709 551 1750 ad
571 1709 726 1749 Patris
755 1706 1141 1747 consuetudinem
1169 1706 1389 1757 pellicere
1419 1711 1638 1755 conatur,
1671 1710 1814 1755 atque
1835 1737 1842 1755 ,
1863 1711 1913 1744 ut

264 1795 423 1834 spero,
447 1793 540 1822 non
562 1781 737 1820 frustra
758 1778 1004 1818 laborabit.
1029 1776 1238 1818 Accedet
1265 1776 1381 1828 jam,
1406 1777 1568 1827 eredo,
1594 1776 1653 1816 ad
1675 1776 1912 1816 exercitia

266 1853 545 1906 spiritualia.

345 1925 505 1977 Aliqui
526 1924 667 1964 etiam
689 1922 768 1962 alii
796 1921 856 1962 ad
883 1932 971 1961 nos
1001 1920 1195 1960 veniunt
1225 1926 1275 1960 ut
1302 1919 1491 1959 Patrem
1515 1918 1762 1958 consulant
1785 1924 1831 1958 et
1853 1918 1912 1958 ab

264 2000 366 2050 ipso
389 1998 435 2037 in
457 1997 532 2045 iis,
558 2005 677 2047 quae
699 1994 759 2034 ad
781 1993 966 2033 animae
988 1993 1187 2032 salutem
1208 1991 1467 2043 pertinent,
1492 1990 1804 2030 instruantur.

345 2069 457 2109 Adit
486 2078 672 2119 quoque
700 2065 840 2105 Pater
868 2076 970 2115 eos,
1004 2064 1103 2115 qui,
1137 2063 1320 2103 ratione
1351 2062 1601 2102 criminum
1635 2060 1695 2101 ad
1715 2060 1914 2112 Inquisi-

264 2142 439 2181 tionem
472 2137 824 2191 pertinentium,
858 2136 905 2176 in
940 2135 1141 2175 vinculis
1172 2134 1461 2184 detinentur,
1495 2132 1913 2184 confessionesque

266 2223 429 2252 eorum
451 2210 580 2250 audit
598 2207 1043 2258 exhortationesque
1074 2205 1379 2257 congregatis
1401 2204 1529 2245 facit.
1556 2204 1608 2245 In
1629 2204 1700 2244 his
1722 2210 1767 2244 et
1789 2203 1914 2243 simi-

266 2284 384 2324 libus
421 2287 701 2334 oceupatur,
738 2285 1065 2320 verumtamen
1098 2289 1192 2318 non
1221 2277 1321 2317 sine
1352 2288 1526 2328 magno
1561 2276 1737 2316 labore.
1775 2274 1912 2315 Solus

267 2355 389 2395 enim
427 2361 520 2404 est,
562 2353 726 2393 habuit
760 2350 947 2403 quidem
980 2350 1056 2390 hic
1092 2349 1234 2390 aliurn
1268 2348 1586 2398 sacerdotem,
1625 2347 1705 2399 qui
1739 2347 1783 2387 ei
1816 2358 1911 2386 non

266 2438 434 2478 parum
454 2423 725 2476 adjumento
746 2423 854 2474 fuit,
877 2422 959 2462 sed
980 2427 1206 2461 evocatus
1227 2426 1311 2460 est.
1335 2418 1545 2460 Alterius
1561 2425 1719 2459 tamen
1737 2418 1911 2458 adven—

267 2506 364 2538 tum
382 2501 712 2549 exspectamus
732 2493 739 2512 ¹
759 2495 897 2534 simul
914 2499 958 2533 et
974 2492 1129 2533 Patris
1145 2491 1365 2542 Magistri
1382 2490 1609 2542 Myronis,
1629 2489 1762 2541 cujus
1778 2500 1910 2540 prae-

266 2570 417 2610 sentia
439 2579 525 2609 nos
547 2568 639 2608 cito
659 2566 886 2607 fruituros
906 2575 1172 2616 speramus,
1198 2574 1289 2614 qua
1311 2562 1540 2602 hactenus
1558 2560 1907 2602 Conimbricen-

268 2652 342 2680 ses
365 2640 538 2680 fratres
559 2638 694 2691 potiti
712 2643 834 2678 sunt.

348 2711 397 2751 In
419 2712 475 2751 iis
498 2711 576 2763 qui
602 2720 794 2750 carcere
824 2708 1111 2757 detinentur,
1143 2711 1213 2746 est
1241 2706 1314 2745 vir
1340 2704 1552 2756 quidam,
1585 2704 1761 2756 alioqui
1783 2703 1910 2743 nobi-

269 2784 324 2822 lis
359 2789 402 2822 et
432 2781 679 2834 prudentia
714 2791 809 2820 non
838 2778 1086 2829 mediocri,
1123 2788 1261 2829 quem
1294 2788 1353 2816 ex
1387 2775 1618 2827 Hispania
1648 2774 1787 2815 Nova
1818 2775 1910 2814 hue

325 2920 333 2937 ¹
375 2918 551 2946 Evocatus
571 2919 732 2946 sacerdos
748 2918 810 2945 fuit
825 2917 973 2950 joannes
986 2916 1206 2949 Covillonius,
1222 2914 1336 2949 “cujus
1350 2915 1423 2940 loco
1440 2913 1557 2940 deinde
1574 2913 1695 2940 missus
1709 2916 1761 2939 est
1777 2912 1812 2939 P.
1829 2911 1909 2939 Em-

268 2966 405 2992 manuel
419 2965 528 2999 Leite,
545 2966 599 2999 qui
616 2966 648 2992 in
664 2965 930 2992 confessionibus
943 2962 1309 2997 Rectoremjuvabat„.
1324 2960 1509 2994 Pomxeus,
1525 2959 1660 2991 Chron„
1672 2965 1693 2986 t.
1706 2966 1739 2992 11,
1752 2966 1830 2993 pag.
1840 2959 1890 2985 691
1904 2981 1911 2993 ,

268 3021 300 3039 n.
316 3012 378 3039 603.
