2074 3179
940 202 1023 239 Ax.
1057 203 1142 239 1551
1792 203 1862 240 4¹29

229 299 305 346 let,
330 310 425 339 non
447 299 683 340 Christum
704 300 785 339 sed
807 299 1010 350 seipsum
1032 299 1186 351 specie
1208 298 1316 339 boni
1337 300 1595 350 quaereret)
1615 300 1861 350 cogitavit,

230 371 434 422 inquam,
458 370 497 410 si
519 381 666 422 aequo
689 371 844 411 animo
872 370 947 410 hic
975 370 1073 422 ipse
1100 381 1348 410 mansurus
1378 376 1522 420 essct,
1555 381 1680 420 cum,
1715 371 1861 410 altero

231 452 388 480 secum
410 446 611 491 sumpto,
632 440 770 481 Pater
787 453 892 481 eum
909 442 954 481 in
972 441 1168 492 collegio
1187 452 1289 481 esse
1307 440 1591 480 mandasset.
1612 440 1730 481 Tum
1750 454 1862 481 vero

230 523 336 552 cum
358 523 407 551 se
429 511 725 563 intelligeret,
750 512 876 552 facta
899 512 1123 562 oratione,
1149 512 1208 552 ad
1229 517 1476 562 utrumque
1497 517 1729 562 paratum,
1753 524 1863 552 non-

230 583 368 623 nullis
391 581 615 623 fratribus
636 583 798 635 inquit:
822 596 943 623 nunc
966 583 1152 634 quidem
1174 584 1320 623 laetor
1343 594 1449 622 cum
1480 582 1645 633 spiritu
1666 583 1754 623 Dei
1776 584 1863 623 hoc

229 666 303 694 me
319 654 541 705 petivisse
559 655 830 705 intelligam3
849 666 943 694 non
959 655 1082 694 enim
1100 654 1330 705 turbarer,
1350 653 1532 693 etiamsi
1549 653 1623 693 hic
1642 654 1753 693 mihi
1769 666 1863 694 ma-

231 725 434 765 nendum
454 732 589 766 esset.
614 725 704 766 Sed
735 725 835 766 Deo
862 726 1064 777 placebit
1091 731 1139 765 ut
1167 725 1273 765 hinc
1303 725 1548 765 discedens
1579 736 1661 776 per
1688 726 1863 776 aliquot

230 797 343 844 dieS,
368 802 572 836 mutatus
592 802 755 847 postea
777 796 834 836 ad
856 808 942 836 vos
962 801 1177 836 revertar
1198 802 1243 835 et
1270 795 1526 847 spiritualis
1558 795 1753 846 efficiar,
1788 797 1863 848 qui

228 867 429 907 necdum
451 867 664 919 spiritum
685 867 890 918 gustavi.
914 866 1026 907 Mihi
1043 867 1228 918 quidem
1244 866 1332 917 hic,
1354 866 1463 906 dum
1480 866 1597 906 haec
1614 865 1790 906 diceret
1807 866 1863 906 de

230 938 401 989 seipso,
424 938 731 989 prophetasse
752 938 950 988 videtur,
972 937 1186 988 quamvis
1204 949 1289 977 nec
1305 937 1404 988 ipse
1420 937 1575 988 sciret,
1594 948 1680 976 nec
1697 949 1782 977 nos
1800 937 1862 977 in-

229 1008 543 1059 telligeremus
565 1009 674 1060 quid
694 1015 792 1048 tum
812 1009 1093 1060 loqueretur:
1119 1014 1242 1047 totus
1272 1008 1394 1047 enim
1427 1008 1683 1059 spiritualis
1710 1008 1863 1049 factus

229 1086 297 1119 est
317 1111 324 1129 ,
349 1079 447 1130 qui,
471 1085 520 1119 ut
542 1091 807 1130 speramus,
833 1080 1107 1130 angelorum
1131 1078 1284 1118 choris
1307 1077 1551 1129 adjunctus
1572 1078 1672 1119 fuit.

309 1150 468 1201 Itaque
497 1162 602 1190 cum
625 1149 722 1201 jam
750 1151 796 1190 in
831 1150 1043 1190 Africam
1076 1149 1398 1200 navigandum
1432 1155 1574 1200 esset,
1613 1156 1863 1201 antequam

228 1221 446 1260 Messana
467 1221 754 1271 recederent,
777 1220 916 1261 Pater
939 1221 1086 1272 inquit
1106 1220 1300 1260 Isidoro:
1325 1221 1363 1260 si
1384 1221 1498 1260 mihi
1519 1221 1676 1261 socius
1707 1222 1754 1261 in
1784 1233 1863 1262 na-

230 1291 467 1343 vigatione
488 1291 671 1331 futurus
692 1303 763 1339 es,
793 1298 950 1331 vestes
979 1292 1144 1343 quibus
1165 1291 1370 1331 indueris
1398 1297 1549 1331 mutes
1580 1298 1786 1343 oportet,
1820 1298 1863 1332 et

227 1362 418 1402 laicales
438 1362 619 1412 induas,
645 1374 749 1402 cum
772 1363 919 1402 laicus
940 1367 1062 1402 esset
1084 1361 1235 1402 adhuc
1256 1392 1263 1410 ,
1293 1367 1473 1402 tantum
1502 1362 1664 1413 primis
1691 1363 1859 1403 ordini-

226 1434 312 1473 bus
333 1433 558 1473 initiatus.
582 1432 630 1473 Id
653 1439 808 1473 autem
829 1433 938 1473 fecit
960 1432 1099 1473 Pater
1119 1433 1242 1485 quod
1263 1433 1327 1473 ita
1363 1433 1583 1485 expedire
1610 1434 1858 1485 judicaret.

227 1505 400 1544 Laetus
420 1516 533 1544 vero
555 1504 759 1544 Isidorus
782 1504 889 1544 fecit
911 1504 1034 1555 quod
1052 1504 1284 1555 agendum
1301 1503 1440 1544 Pater
1457 1503 1654 1544 dixerat.
1674 1505 1788 1545 Tres
1806 1505 1862 1545 si-

230 1576 326 1615 mul
347 1575 709 1627 proficiscuntur
731 1575 789 1615 ad
810 1575 953 1616 littus:
976 1575 1115 1615 Pater
1132 1586 1239 1615 cum
1259 1574 1437 1615 Isidoro
1455 1581 1498 1615 et
1516 1577 1662 1616 altero
1679 1575 1862 1627 majori-

230 1658 381 1696 cense,
407 1647 484 1698 qui
505 1647 581 1686 hic
603 1647 748 1687 servit
770 1647 817 1686 in
838 1646 1051 1697 collegio,
1072 1658 1267 1698 cumque
1289 1647 1559 1687 naviculam
1576 1647 1777 1697 ingressi
1794 1660 1863 1687 es-

230 1723 331 1757 sent
352 1724 402 1758 ut
423 1718 659 1758 triremem
683 1718 1005 1765 ascenderent,
1030 1729 1134 1757 eum
1155 1716 1294 1757 Pater
1315 1729 1474 1757 secum
1496 1718 1706 1769 detinuit,
1726 1730 1861 1769 quern

230 1788 358 1828 Deus
380 1794 650 1828 vocaverat.
674 1787 1031 1839 Majoricensem
1051 1799 1254 1839 namque
1282 1788 1471 1828 domum
1498 1788 1760 1839 remittens,
1786 1789 1861 1829 Isi-

229 1858 396 1899 dorum
419 1859 554 1899 simul
574 1859 812 1899 triremem
828 1858 957 1909 jubet
978 1859 1247 1898 ascendere.

311 1930 427 1970 Cum
447 1930 603 1981 itaque
625 1930 885 1980 navigaret,
911 1936 1013 1970 orta
1035 1935 1311 1980 tempestate
1332 1935 1376 1969 et
1410 1931 1488 1970 illa
1517 1930 1704 1981 quidem
1725 1931 1862 1970 vehe-

232 2001 396 2049 menti,
421 2000 628 2051 impulsis
649 2001 694 2040 vi
718 2007 969 2040 ventorum
991 1999 1049 2040 ad
1070 2000 1321 2051 quamdam
1343 2000 1543 2040 insulam
1566 2000 1705 2052 (quae
1728 2000 1862 2041 Lam-

230 2071 414 2121 padoxa
437 2071 638 2122 dicitur),
663 2083 748 2111 nec
770 2071 1020 2111 admodum
1042 2071 1099 2110 ab
1121 2070 1284 2110 Africa
1306 2076 1552 2122 remotam,
1577 2072 1859 2122 triremibus,

230 2142 428 2192 contigit
449 2148 499 2181 ut
516 2148 621 2182 octo
639 2154 697 2181 ex
713 2142 802 2181 illis
818 2141 1169 2192 frangerentur;
1191 2153 1310 2192 quae
1327 2153 1402 2181 res
1420 2153 1525 2181 cum
1545 2143 1750 2182 omnium
1767 2143 1861 2182 ani-

231 2224 329 2252 mos
350 2224 442 2252 non
464 2211 759 2252 mediocriter
781 2212 1115 2263 perturbasset,
1140 2212 1287 2262 multi,
1312 2223 1402 2263 quo
1420 2213 1679 2263 periculum
1695 2214 1861 2254 evade-

231 2290 349 2333 rent,
377 2284 422 2323 in
445 2282 678 2334 quoddam
699 2294 866 2322 saxum
887 2295 945 2322 ex
974 2283 1238 2323 triremibus
1265 2283 1479 2334 prosilire
1506 2285 1858 2331 contenderunt;

231 2355 349 2394 inter
371 2365 500 2405 quos,
527 2365 632 2393 cum
659 2353 779 2393 idem
808 2353 1012 2393 Isidorus
1040 2359 1236 2394 conatus
1266 2353 1454 2400 fuisset,
1484 2354 1601 2406 pede
1628 2356 1788 2407 lapsus
1816 2357 1861 2396 in

231 2436 378 2476 aquas
397 2423 578 2474 cecidit,
597 2430 737 2475 atque
753 2424 880 2475 ligno
899 2423 1141 2476 cujusdam
1157 2424 1361 2464 triremis
1377 2425 1687 2477 interceptum
1703 2427 1745 2466 ei
1761 2427 1861 2466 bra-

232 2496 388 2536 chium
412 2495 570 2535 statim
590 2495 842 2546 rumpitur:
865 2507 951 2535 nec
967 2501 1124 2535 tamen
1143 2495 1296 2535 animo
1314 2495 1540 2546 dejectus,
1561 2496 1642 2536 sed
1659 2498 1863 2549 seipsum

229 2568 275 2606 in
297 2566 499 2606 Domino
523 2565 808 2616 confortans,
833 2577 891 2606 ex
912 2566 1044 2617 aquis
1065 2566 1112 2605 in
1132 2566 1373 2606 triremem
1391 2574 1671 2619 assumptus,
1697 2568 1757 2608 ibi
1779 2580 1864 2620 per

231 2638 397 2678 horam
433 2648 539 2677 cum
568 2636 707 2676 Patre
741 2637 840 2677 fuit.
878 2636 968 2677 Sed
998 2642 1237 2677 crescente
1273 2643 1562 2688 tempestate,
1601 2650 1705 2679 cum
1742 2640 1863 2680 idern

229 2709 296 2760 P„
321 2709 590 2749 imminente
609 2707 696 2747 sibi
713 2708 920 2758 periculo
938 2713 981 2748 et
992 2707 1150 2748 fratris
1168 2709 1316 2748 salute
1335 2709 1567 2759 corporali
1585 2710 1771 2750 omnino
1789 2710 1862 2750 de-

230 2786 436 2832 sperata,
462 2780 508 2819 in
530 2789 697 2818 saxum
720 2778 846 2829 illud,
870 2778 1082 2819 omnibus
1104 2790 1209 2818 eum
1231 2779 1510 2818 vocantibus
1533 2786 1575 2819 et
1605 2779 1863 2831 adevanti—

230 2851 330 2902 bus,
358 2851 436 2903 qui
452 2849 548 2901 jam
569 2849 616 2889 in
638 2860 692 2888 eo
716 2855 862 2895 erant,
887 2849 1061 2890 Christi
1078 2849 1365 2900 benignitate
1383 2856 1561 2890 tractus
1577 2851 1752 2903 fuisset,
1774 2858 1862 2892 sta-

230 2922 313 2962 tim
335 2930 384 2962 ut
406 2921 511 2962 inde
534 2920 815 2960 discesserat
834 2953 841 2971 ,
865 2921 1069 2961 triremis
1090 2932 1172 2972 per
1194 2921 1394 2960 medium
1414 2921 1562 2961 scissa
1579 2928 1670 2962 est:
1691 2923 1863 2963 charis·

231 2993 375 3032 simus
399 3004 511 3032 vero
534 2991 580 3030 in
602 2989 788 3031 Christo
809 2990 954 3031 frater
971 2991 1192 3041 Isidorus,
1213 2991 1259 3030 in
1277 3003 1423 3042 aquas
1442 2992 1609 3032 iterum
1627 2992 1860 3045 delapsus,
