2074 3179
135 149 207 186 366
651 149 878 187 LlTTERAE
906 162 1264 194 QUADRIMESTRhS

136 244 232 285 RR.
253 245 470 285 Patribus
487 250 531 285 et
552 256 579 284 a
601 244 891 285 charissimis
911 245 1155 286 Fratribus
1175 252 1395 297 precatus
1416 258 1501 298 pro
1523 246 1777 295 scandaliS,

136 327 335 368 quorum
357 316 456 368 ipse
478 316 567 356 illis
585 321 750 356 auctor
771 327 874 356 esse
895 317 1123 368 potuisset
1147 319 1283 369 (quae
1300 329 1413 358 sane
1433 318 1619 358 fuerant
1640 330 1779 370 quam

137 387 366 438 minima),
391 388 784 439 pretiosissimum
806 399 977 439 corpus
999 387 1191 427 Domini
1211 387 1266 428 N.
1289 388 1401 441 Jesu
1423 388 1615 440 Christi,
1647 389 1779 430 viati·

136 471 243 499 cum
267 459 494 509 optimum
527 465 569 499 et
592 452 993 510 copiosissimum,
1024 459 1088 499 ita
1117 458 1306 510 devote,
1339 465 1388 499 ut
1415 460 1554 499 etiam
1581 460 1779 500 admira-

135 530 251 570 tioni
278 537 422 581 esset,
455 530 645 581 recepit.
681 528 815 580 Quod
842 530 922 570 ubi
948 530 1125 570 factum
1155 536 1247 581 est,
1278 536 1326 570 ut
1353 531 1531 570 nullum
1556 531 1780 582 spiritalis

139 600 395 652 adjumenti
433 612 582 652 genus
623 601 688 640 illi
723 600 927 651 deesset,
966 601 1264 642 sanctissimo
1300 602 1402 641 oleo
1436 601 1655 642 inunctus
1693 608 1777 642 est.

136 672 347 725 Cumque
372 673 437 712 1111
466 677 573 723 post
595 678 856 713 extremam
877 673 1148 713 unctionem
1174 673 1432 723 diceretur,
1464 684 1576 712 num
1604 673 1652 713 in
1677 673 1780 714 obe—

136 744 311 784 dientia
345 743 594 784 Societatis
620 744 733 796 Jesu
766 744 886 784 mori
913 744 1075 794 vellet,
1107 744 1154 784 in
1193 743 1479 794 obedientia,
1509 744 1657 795 inquit
1690 744 1779 795 ille,

135 821 412 867 paupertate
440 821 483 854 et
515 815 755 865 castitate,
787 821 831 855 et
859 815 1021 855 vivere
1052 822 1097 855 et
1125 815 1244 855 mori
1276 816 1399 855 volo.
1429 815 1531 855 Hoc
1561 816 1684 855 enim
1714 821 1783 856 est

134 886 261 937 quod
297 891 427 937 opto,
466 885 591 937 quod
625 897 741 937 prae
775 886 915 926 rebus
952 886 1167 926 omnibus
1207 886 1437 926 desidero.
1480 885 1781 939 Quantopere

134 964 294 997 autem
313 958 401 997 hoc
420 957 680 1009 appetierit,
701 957 872 997 indicio
889 957 975 997 fuit
996 957 1041 997 id
1059 957 1184 1009 quod
1199 958 1338 998 modo
1355 957 1524 998 dicam.
1542 957 1663 997 Nam
1680 969 1785 998 cum

136 1028 190 1068 R.
215 1028 263 1068 P.
284 1028 603 1079 Hieronymus
624 1027 807 1068 Natalis
825 1028 1013 1080 saepius
1034 1029 1191 1069 multis
1211 1029 1430 1080 precibus
1451 1035 1661 1079 rogatus,
1685 1028 1784 1080 ejus

137 1105 249 1140 vota
271 1100 480 1151 recipere
501 1105 784 1151 recusasset,
805 1100 865 1149 id,
891 1112 999 1140 cum
1015 1099 1113 1152 jam
1133 1112 1229 1141 non
1250 1101 1389 1152 longe
1411 1101 1595 1141 abesset
1612 1112 1639 1140 a
1660 1112 1782 1141 mor-

135 1177 203 1221 te,
238 1183 264 1210 a
295 1170 349 1210 R.
384 1170 433 1210 Ρ.
458 1171 665 1211 Antonio
690 1171 698 1189 ¹
725 1171 904 1220 (aberat
926 1172 1049 1211 enim
1070 1171 1124 1212 R.
1154 1171 1203 1211 P.
1234 1171 1553 1223 Hieronymus
1580 1171 1778 1220 Natalis)

134 1242 419 1293 impetravit,
438 1248 487 1282 ut
504 1254 574 1292 ea,
594 1242 831 1283 offerenda
852 1242 905 1283 R.
925 1242 975 1283 Ρ.
994 1243 1193 1295 Ignatio,
1213 1243 1457 1295 reciperet.
1477 1243 1653 1295 Itaque,
1675 1253 1782 1283 cum

132 1314 230 1365 jam
247 1313 342 1366 jam
365 1314 622 1354 moriturus
652 1314 917 1365 videbatur,
941 1320 1055 1354 vota
1085 1314 1401 1366 obedientiae,
1424 1314 1715 1367 paupertatis
1738 1321 1783 1354 et

135 1386 367 1426 castitatis
394 1385 496 1426 Deo
528 1386 706 1435 emisit,
739 1386 997 1437 eademque
1029 1386 1183 1436 (sicuti
1208 1385 1483 1438 jamdudum
1515 1385 1780 1438 optaverat)

136 1457 312 1509 scripta
346 1457 393 1496 in
428 1469 596 1497 manus
630 1457 822 1497 tradidit
851 1457 905 1497 R.
936 1457 985 1497 P.
1018 1456 1076 1496 D.
1106 1457 1328 1497 Antonio.
1363 1456 1549 1509 Scripta
1576 1457 1700 1496 enim
1728 1468 1782 1496 ea

136 1529 261 1580 apud
278 1540 328 1569 se
346 1528 549 1569 habebat
566 1528 663 1580 jam
685 1540 712 1568 a
733 1540 894 1569 mense
916 1528 1165 1569 decembri.
1189 1527 1344 1580 Atque
1365 1528 1430 1569 ita
1453 1528 1576 1580 quod
1596 1528 1780 1568 viventi

135 1612 230 1640 non
257 1600 405 1652 licuit,
438 1601 485 1640 in
513 1600 712 1641 articulo
746 1601 912 1640 mortis
933 1601 1130 1652 peregit.
1155 1600 1278 1652 Quin
1299 1600 1462 1651 etiam,
1486 1600 1779 1640 obedientiae

134 1673 421 1723 exemplum,
454 1684 594 1723 quam
616 1677 861 1723 tantopere
891 1672 1030 1712 vivus
1051 1672 1301 1723 dilexerat,
1326 1672 1373 1712 in
1395 1677 1544 1712 morte
1574 1671 1777 1723 reliquit.

134 1742 349 1794 Rogatus
374 1743 497 1783 enim
515 1755 542 1783 a
563 1743 789 1783 fratribus
819 1743 1043 1795 numquid
1064 1755 1148 1794 pro
1172 1743 1286 1795 ipsis
1306 1743 1563 1783 Dominum
1584 1743 1631 1783 in
1653 1743 1783 1782 coelo

136 1820 259 1854 esset
297 1820 537 1865 oraturus;
570 1814 610 1854 si
647 1814 833 1866 (inquit)
863 1814 910 1854 in
938 1813 1212 1866 paradisum
1246 1814 1362 1856 mihi
1394 1814 1572 1866 patebit
1611 1814 1780 1863 aditUS,

135 1891 438 1937 optatamque
474 1885 771 1926 Hierusalem
812 1885 942 1925 adire
977 1885 1155 1934 licebit,
1197 1885 1492 1938 facultasque
1526 1897 1611 1937 pro
1648 1885 1783 1925 vobis

133 1956 300 1997 orandi
321 1969 347 1996 a
371 1956 559 1997 Christo
591 1956 704 1997 mihi
725 1957 928 2008 dabitur,
951 1957 1125 1997 faciam
1152 1969 1265 1997 sane
1295 1957 1362 2008 id,
1395 1963 1441 1997 et
1470 1957 1656 1997 lubens:
1689 1968 1781 1997 non

131 2028 255 2068 enim
286 2028 384 2068 sine
407 2029 673 2069 obedientia
694 2028 850 2069 Patris
877 2029 1116 2080 coelestis,
1141 2029 1275 2080 regni
1297 2029 1536 2069 coelorum
1567 2029 1687 2069 atria
1717 2028 1780 2068 in—

130 2100 267 2151 gredi
294 2106 474 2152 potero,
504 2112 591 2141 nec
622 2101 868 2152 ingressus
896 2112 981 2153 pro
1012 2100 1150 2140 vobis
1178 2111 1330 2141 orare.
1353 2099 1474 2141 Nam
1501 2101 1541 2141 si
1568 2100 1644 2141 hic
1676 2100 1779 2140 obe—

135 2171 377 2223 diendum,
412 2179 588 2224 quanto
611 2172 704 2212 illic
727 2172 881 2223 magis
903 2172 1027 2212 unde
1049 2172 1200 2212 omnis
1232 2172 1498 2212 obedientia
1520 2172 1580 2212 ad
1599 2183 1686 2212 nos
1707 2171 1779 2211 de-

134 2242 260 2283 fluit?
292 2243 406 2294 Quis
428 2249 602 2295 posset,
628 2243 798 2284 fratres
817 2243 1122 2293 dilectissimi,
1146 2249 1326 2283 tantam
1347 2243 1490 2284 animi
1511 2243 1778 2295 puritatem,

136 2314 451 2355 obedientiam
480 2314 921 2366 simplicitatemque
958 2326 1052 2354 non
1085 2315 1336 2355 admirari?
1364 2314 1515 2355 Credo
1550 2314 1777 2366 equidem,

136 2385 175 2425 si
196 2386 437 2426 hominum
465 2386 700 2426 mentibus
722 2386 879 2438 aliqua
907 2385 1053 2425 divini
1081 2384 1282 2437 Spiritus
1310 2386 1563 2426 scintillula
1591 2385 1777 2431 inesset,

134 2457 454 2508 sentirentque
472 2468 596 2497 vana
619 2469 721 2497 esse
739 2457 911 2509 omnia,
933 2462 1266 2508 praeterquam
1282 2456 1470 2498 Christo
1490 2468 1606 2497 Vera
1624 2456 1780 2496 cordis

134 2527 337 2579 puritate
365 2528 568 2579 servire,
599 2540 694 2568 non
729 2527 846 2568 adeo
883 2528 1178 2568 ethnicorum
1205 2534 1341 2579 gesta
1369 2539 1509 2579 super
1539 2533 1667 2567 astra
1693 2527 1778 2567 fer-

135 2604 251 2639 rent.
276 2599 494 2639 Laudant
514 2598 726 2639 nonnulli
744 2599 1034 2650 pudicitiam,
1060 2599 1290 2639 extollunt
1311 2599 1388 2639 alii
1417 2598 1574 2650 fidem,
1598 2598 1777 2649 praedi—

133 2676 244 2710 cant
265 2670 398 2710 multi
418 2670 735 2711 constantiam
757 2670 1080 2721 miranturque
1102 2670 1247 2710 animi
1268 2669 1640 2721 magnitudinem
1666 2670 1777 2709 mul-

134 2747 301 2781 torum.
323 2732 638 2793 ethnicorum;
676 2742 759 2782 sed
797 2752 903 2781 cum
934 2741 1047 2781 nulli
1078 2740 1169 2780 ista
1202 2740 1474 2792 praedicent
1509 2740 1599 2780 nisi
1634 2741 1776 2791 stulti,

134 2812 268 2863 vani,
305 2813 582 2865 penitusque
619 2813 769 2853 omnis
805 2812 1013 2864 justitiae
1048 2811 1338 2863 rationisque
1375 2811 1547 2851 lumine
1587 2812 1777 2862 privati,

192 2973 205 2992 -ί
247 2972 417 3000 Antonius
432 2972 556 3008 Vinck‚
572 2972 780 3000 Messanensi
796 2972 918 3006 domui,
935 2971 1013 2999 dum
1028 2971 1150 2999 aberat
1164 2969 1200 2997 P.
1215 2969 1361 3005 Natalis,
1377 2970 1605 3005 praepositus.
