2074 3179
877 110 950 147 ΑΝ.
985 109 1075 147 1552
1720 109 1788 147 671

156 204 288 256 cujus
315 206 392 257 pio
420 205 689 257 desyderio,
722 216 879 256 spero,
912 217 984 245 me
1012 204 1099 244 Dei
1127 204 1282 255 gratia
1311 204 1682 245 satisfacturum.
1718 205 1790 245 De

158 276 246 316 hoc
285 275 477 328 speciali
515 275 764 316 Societatis
809 275 990 316 fautore
1035 275 1179 316 multa
1220 275 1343 315 bona
1389 275 1623 326 speranda
1665 284 1788 315 sunt.

157 346 290 387 Duos
308 346 448 387 habet
468 352 683 398 nepotes,
709 347 943 387 studiosos
963 345 1307 395 adolescenteS,
1331 356 1450 397 quos
1466 346 1642 386 nostris
1662 345 1789 386 habi-

157 423 260 458 tare
280 417 482 457 maxime
505 417 653 468 cupit,
678 424 726 457 ut
742 417 958 469 proprias
975 427 1207 467 expensas
1222 415 1418 466 faciant,
1438 427 1567 456 more
1582 416 1792 457 omnium

156 488 379 538 aliorum,
416 487 494 538 qui
530 487 774 528 nobiscum
809 494 915 527 sunt
950 497 1144 526 numero
1180 485 1555 538 quatuordecim,
1592 498 1790 538 quorum

158 559 383 609 quinque,
407 565 513 609 post
534 560 703 598 multas
724 570 889 610 preces
910 557 1032 609 apud
1062 569 1134 597 me
1161 557 1398 608 profusas,
1423 569 1478 597 ac
1499 557 1791 598 habilitatem

159 636 376 679 naturae,
407 629 578 669 bonam
611 629 807 680 denique
835 629 905 668 sui
931 640 1063 680 spem
1088 627 1343 680 proditam,
1375 639 1448 668 me
1476 629 1788 680 permittente,

158 700 258 751 ipso
281 699 662 740 Circumcisionis
683 700 871 740 Domini
894 699 967 739 die
994 705 1155 739 votum
1176 699 1492 739 studiosorum
1517 697 1785 749 Societatis‚

157 781 329 821 magno
353 782 459 810 cum
479 770 651 821 gaudio
674 776 718 810 et
739 770 931 822 spiritus
952 770 1264 820 exultatione,
1297 770 1566 810 emiserunt.
1591 769 1725 820 Quod
1747 777 1791 810 et

153 840 338 891 juvenis
379 842 497 880 alius
537 841 828 881 naturalibus
867 841 984 880 bene
1030 840 1216 881 dotatus
1255 840 1328 880 his
1365 840 1593 892 proximis
1629 841 1792 881 diebus

156 912 286 951 fecit:
309 913 464 963 plures
486 912 680 961 instant,
707 912 826 951 inter
853 923 969 963 quos
1003 918 1071 951 est
1098 911 1218 951 filius
1248 910 1485 951 Praetoris
1508 910 1790 963 Genippien-

156 982 220 1022 sis
250 982 274 1031 ¹,
312 983 583 1022 adolescens
614 982 806 1022 maximi
833 982 1022 1033 ingenii.
1060 981 1194 1022 Adde
1230 983 1352 1034 quod
1385 982 1543 1022 frisius
1582 982 1790 1033 quidam,

156 1052 302 1102 dives,
326 1052 721 1103 jurisprudentiae
746 1052 995 1102 studiosus,
1029 1052 1232 1104 peractis
1251 1051 1348 1103 jam
1371 1063 1544 1103 magno
1571 1064 1676 1092 cum
1699 1052 1789 1093 fru-

152 1131 233 1162 ctu
263 1123 518 1173 exercitiis;
542 1135 591 1163 se
619 1129 766 1163 totum
797 1123 983 1163 Christo
1006 1135 1061 1163 ac
1083 1123 1190 1163 huic
1212 1129 1403 1163 nostrae
1430 1122 1655 1164 Societati
1677 1110 1791 1163 dare

155 1194 431 1233 deliberavit
452 1192 480 1233 ²¹.

234 1264 365 1304 Multi
386 1263 687 1315 Sacerdotes,
712 1265 947 1315 canonici,
973 1271 1016 1305 et
1033 1265 1227 1305 studiosi
1243 1265 1429 1316 plurimi
1447 1266 1586 1306 aedes
1604 1271 1792 1306 nostras

153 1334 461 1387 frequentant.

233 1406 317 1446 His
338 1407 575 1446 mensibus
597 1418 691 1446 non
711 1407 850 1458 pauci
878 1407 1063 1447 fuerunt
1093 1408 1139 1446 in
1168 1407 1426 1457 exercitiis,
1450 1419 1536 1447 nec
1559 1408 1676 1447 citra
1700 1419 1795 1447 am-

153 1479 278 1528 plum
297 1477 514 1517 fructum.

234 1547 564 1588 Confitentium
586 1560 812 1588 numerus
835 1555 1033 1599 augetur
1056 1549 1102 1588 in
1124 1549 1236 1589 dies.

232 1618 443 1670 Rogatus
463 1619 529 1659 fui
549 1631 576 1659 a
597 1619 797 1659 Rectore
819 1620 995 1659 Bursae
1013 1619 1233 1659 Lucanae
1250 1619 1278 1670 ⁵,
1302 1625 1351 1660 ut
1372 1632 1455 1660 suo
1473 1621 1662 1660 nomine
1683 1632 1792 1660 con-

154 1690 330 1730 cionari
350 1690 519 1730 vellem
538 1690 585 1730 in
606 1690 809 1742 quadam
831 1691 1028 1730 ecclesia
1050 1690 1235 1741 publica
1265 1690 1427 1731 diebus
1448 1691 1713 1731 Dominicis
1734 1704 1791 1732 ac

154 1760 353 1801 festivis:
377 1761 499 1812 quod
525 1773 618 1801 non
645 1761 819 1812 absque
849 1760 1026 1811 fructu,
1061 1767 1109 1801 ut
1141 1773 1298 1812 spero,
1331 1767 1375 1801 et
1405 1773 1578 1812 magna
1611 1762 1791 1802 audito-

154 1843 258 1871 rum
282 1831 564 1883 frequentia,
593 1833 819 1872 hactenus
849 1832 951 1872 feci.
986 1832 1090 1884 Jam
1122 1844 1234 1872 vero
1264 1833 1374 1872 alibi
1403 1833 1572 1884 incipio
1605 1834 1791 1873 concio—

154 1903 256 1941 nari
284 1902 479 1942 multum
504 1909 698 1953 rogatus
729 1914 755 1942 a
790 1903 878 1942 loci
909 1903 1031 1942 illius
1061 1903 1333 1943 rectoribus.
1364 1903 1477 1943 Mihi
1508 1916 1562 1944 eo
1592 1904 1638 1943 in
1668 1905 1787 1951 loco,

154 1985 290 2024 quem
317 1984 439 2012 nunc
468 1973 699 2023 relinquo,
731 1973 937 2013 succedit
964 1973 1012 2012 P.
1043 1973 1302 2024 Arnoldus‚
1337 1974 1412 2025 qui
1443 1985 1666 2025 magnam
1686 1986 1789 2026 pro-

153 2043 273 2083 fecto
296 2043 479 2083 dicendi
499 2044 701 2094 gratiam
728 2044 887 2093 habet,
919 2056 1009 2095 qua
1039 2044 1125 2083 sibi
1152 2044 1288 2083 facile
1318 2045 1584 2085 auditorum
1606 2046 1789 2085 animos

156 2114 391 2155 conciliat.

233 2185 284 2225 In
317 2186 434 2225 festo
465 2185 748 2224 sanctissimi
779 2185 980 2224 nominis
1009 2185 1139 2237 Jesu,
1174 2186 1296 2237 quod
1330 2186 1516 2238 quidem
1546 2187 1686 2227 valde
1720 2199 1789 2227 so-

154 2256 366 2295 lemniter
387 2255 747 2306 celebravimUS,
777 2256 1019 2306 egregiam
1045 2255 1204 2295 habuit
1226 2256 1300 2296 hic
1321 2256 1371 2296 P.
1396 2256 1789 2298 declamationem

155 2338 259 2366 cum
294 2338 465 2377 magna
499 2325 764 2366 auditorum
798 2326 1138 2376 satisfactione,
1177 2327 1255 2378 qui
1289 2326 1353 2378 (ut
1389 2328 1610 2379 intellexi)
1648 2329 1789 2368 trium

155 2398 376 2437 horarum
402 2408 505 2436 eam
532 2396 809 2445 voluissent,
840 2408 958 2448 quae
986 2397 1185 2437 duarum
1204 2397 1341 2437 facile
1368 2398 1467 2438 fuit.
1498 2399 1709 2439 Aderant
1742 2400 1788 2439 in

157 2474 315 2508 nostra
339 2468 444 2507 aula
466 2467 703 2507 auditores
724 2468 880 2518 plures
897 2474 1103 2518 centum,
1125 2474 1170 2508 et
1185 2468 1306 2509 inter
1328 2470 1412 2509 hos
1432 2482 1526 2510 non
1546 2470 1642 2510 rari
1663 2470 1788 2510 nobi—

211 2626 219 2644 ¹
260 2625 315 2652 Sic
339 2629 519 2658 utrumque
544 2630 697 2652 nostrum
721 2625 968 2659 apographum:
995 2631 1029 2652 at
1054 2625 1086 2652 in
1112 2627 1339 2660 autographis
1362 2627 1507 2655 Kesselii
1528 2628 1654 2656 litteris
1669 2628 1790 2656 ultima

156 2673 333 2700 Februarii
348 2672 446 2707 hujus
458 2673 535 2699 anni
549 2672 648 2705 datis,
672 2680 756 2706 quae
775 2680 878 2707 supra
891 2681 921 2699 n.
936 2672 1111 2700 CXXVIII
1124 2673 1304 2703 habentur.
1318 2675 1481 2709 scriptum
1493 2675 1670 2709 perspicue
1682 2677 1727 2707 (et
1740 2684 1789 2703 re-

155 2725 205 2747 cte
222 2720 366 2754 quidem,
383 2724 419 2747 ut
434 2720 530 2747 nobis
552 2720 700 2752 videtur)
718 2720 991 2754 Genappiensz'S,
1005 2728 1025 2747 a
1043 2720 1222 2754 Ge'nappe,
1237 2722 1324 2755 quod
1340 2729 1459 2749 nomen
1475 2726 1526 2749 est
1542 2723 1719 2757 qu'usdam
1733 2731 1789 2758 op·

156 2769 222 2802 pidi
239 2768 272 2795 in
288 2767 416 2801 Belgio.
432 2767 648 2801 Reiffenberg
663 2771 778 2794 tamen
792 2768 911 2795 scribit
931 2768 1200 2802 Gennepz'ensis.

208 2816 220 2834 ²
259 2814 345 2842 Vide
361 2821 474 2848 supra.
489 2821 520 2840 n.
537 2813 720 2847 CXXVlII,
736 2822 814 2849 pag.
830 2814 892 2849 5216,
909 2818 979 2842 not.
995 2815 1021 2842 2.

209 2863 222 2881 3
260 2861 313 2889 Ita
335 2861 512 2896 perspicue
537 2866 718 2896 utrumque
743 2862 998 2896 apographum;
1024 2862 1082 2889 sed
1105 2863 1137 2890 in
1162 2863 1306 2890 Kesselii
1331 2862 1557 2898 autographis
1581 2868 1633 2891 est
1655 2872 1791 2900 semper

155 2910 307 2941 Cucana,
324 2909 504 2941 Cucanae,
518 2916 583 2938 non
597 2909 706 2937 minus
720 2910 898 2944 perspicue
910 2931 916 2943 ,
930 2914 1032 2944 atque
1050 2911 1098 2938 ita
1113 2918 1247 2945 semper
1262 2910 1423 2938 scribitur
1438 2917 1458 2938 a
1473 2910 1701 2947 Reiffenberg.
