2074 3179
897 165 978 202 Ax.
1014 165 1101 202 1552
1304 173 1310 179 ·
1745 165 1817 202 475

184 267 236 302 vut
256 273 362 302 cum
383 262 594 301 triremes
621 261 826 301 Africam
857 261 1164 312 appulissent,
1198 266 1243 301 et
1272 260 1328 300 de
1358 271 1547 300 recessu
1577 267 1812 312 ageretur,

187 332 464 384 quibusdam
484 332 559 372 ille
580 332 803 372 militibus
831 331 1115 372 commiserit
1135 337 1184 372 ut
1213 331 1264 371 P.
1294 330 1509 371 Natalem
1536 331 1811 381 detinerent,

186 409 232 443 et
252 403 493 443 secretiori
514 403 668 454 aliquo
696 403 906 442 cubiculo
927 401 1242 453 recluderent,
1266 400 1568 454 quoadusque
1599 402 1813 442 triremes

187 473 244 513 ab
267 473 427 514 Africa
450 473 768 513 recessissent.
791 473 970 513 Verum
991 485 1077 512 sua
1097 485 1178 524 spe
1200 473 1279 523 illi,
1302 472 1516 523 quamvis
1538 472 1681 523 bona,
1705 479 1812 512 sunt

187 543 420 592 frustrati3
454 556 563 584 nam
594 543 731 584 Pater
759 544 950 584 edoctus
979 556 1005 583 a
1033 543 1148 594 Deo,
1180 543 1256 595 qui
1283 543 1410 582 illum
1441 543 1574 582 nobis
1609 543 1811 583 maxime

186 615 501 655 necessarium
529 614 722 655 reddere
750 615 917 665 voluit,
946 626 1051 654 cum
1087 615 1238 654 nullus
1272 614 1424 654 adhuc
1459 613 1713 664 cogitaret,
1751 614 1811 653 ad

185 686 398 726 triremes
420 685 672 736 contendit,
692 691 736 726 et
754 686 1005 726 insalutato
1026 684 1173 735 Duce,
1193 685 1394 725 Domino
1416 683 1604 725 Sanctio
1622 684 1678 725 de
1694 685 1810 736 Ley-

186 768 265 807 va,
295 756 532 808 profectus
561 763 655 807 est,
684 768 778 796 non
807 762 857 796 ut
890 756 1074 796 labores
1108 756 1290 807 fugeret
1323 755 1405 795 sed
1438 761 1487 795 ut
1518 755 1810 795 obedientiae

188 827 233 867 Ρ.
259 827 309 867 Τ.
334 834 377 868 et
398 827 563 879 majori
584 827 763 878 gloriae
784 827 872 867 Dei
892 826 966 866 hic
982 826 1287 866 satisfaceret.

263 897 372 950 Ejus
401 898 543 949 igitur
572 898 837 950 praesentia
859 903 903 937 et
923 897 1045 937 bona
1075 896 1341 937 valetudine
1367 897 1618 948 plurimum
1648 907 1810 936 omnes

182 969 335 1018 gavisi
357 981 530 1019 sumus,
556 969 664 1020 quia
685 981 739 1008 eo
761 968 951 1008 absente
967 979 1086 1018 grex
1102 968 1200 1007 sine
1217 974 1406 1019 pastore
1421 967 1555 1007 nobis
1576 967 1805 1017 videmur,

182 1039 221 1079 si
243 1040 351 1091 quid
372 1052 399 1079 a
420 1040 553 1079 nobis
573 1039 750 1079 factum
780 1045 870 1088 est,
899 1039 987 1079 hoc
1018 1039 1205 1078 omnino
1236 1037 1334 1090 ejus
1363 1037 1603 1088 diligentia
1634 1049 1690 1078 ac
1720 1037 1805 1077 fer-

184 1122 295 1150 vore
316 1111 493 1150 sactum
514 1122 617 1150 esse
636 1110 850 1149 fatemur.
875 1110 977 1161 Ipse
998 1109 1150 1159 Pater,
1183 1120 1274 1160 qua
1302 1108 1541 1159 diligentia
1568 1108 1613 1148 in
1643 1108 1807 1149 Africa

186 1192 270 1231 pro
306 1181 623 1232 redemptione
663 1180 970 1232 quorumdam
996 1180 1304 1231 captivorum,
1341 1180 1666 1230 eleemosynas
1705 1190 1805 1230 pro-

182 1251 300 1291 mitti
322 1264 348 1291 a
369 1251 603 1300 militibus,
629 1263 734 1291 cum
756 1250 1035 1302 stipendium
1054 1251 1140 1290 illis
1157 1250 1431 1290 solvendum
1448 1256 1585 1301 esset,
1606 1250 1802 1299 curavit,

180 1322 369 1362 easdem
403 1322 478 1362 hic
512 1322 757 1362 Messanae
787 1322 890 1362 dari
924 1322 1101 1362 institit.
1133 1321 1183 1362 In
1214 1321 1521 1372 eleemosynis
1557 1320 1806 1361 ordinariis

184 1393 316 1444 <quas
338 1394 453 1434 solet
475 1393 672 1433 Pro-rex
692 1405 775 1444 per
797 1404 995 1444 regnum
1021 1392 1322 1442 distribuere)
1352 1392 1506 1432 omnia
1532 1392 1685 1432 Patris
1717 1390 1806 1432 Na-

185 1465 290 1504 talis
313 1465 505 1505 arbitrio
527 1465 770 1504 commisit.
796 1464 853 1504 Et
874 1476 966 1504 non
987 1464 1058 1504 his
1079 1469 1349 1514 contentus,
1375 1463 1490 1503 alias
1511 1474 1694 1514 quoque
1716 1463 1808 1502 dis-

182 1535 453 1575 tribuendas
475 1535 678 1585 curavit,
704 1548 762 1575 ex
783 1535 970 1586 quibus,
995 1541 1323 1586 praeterquam
1350 1534 1474 1586 quod
1503 1534 1634 1573 multi
1662 1533 1807 1585 adjuti

183 1612 309 1657 sunt,
333 1606 616 1646 monasterio
638 1606 845 1658 Drepani
867 1606 1233 1656 Conversarum,
1257 1606 1382 1657 quod
1403 1605 1474 1645 his
1496 1605 1656 1645 diebus
1685 1603 1807 1644 idem

184 1677 302 1727 erigi
334 1676 464 1727 fecit,
499 1689 557 1717 ex
585 1677 656 1717 his
692 1677 899 1717 redditus
935 1677 1110 1728 aliquot
1145 1676 1285 1728 empti
1319 1682 1450 1727 sunt,
1487 1676 1653 1727 quibus
1682 1675 1804 1725 illae,

183 1759 301 1798 quae
336 1748 392 1787 ab
426 1748 656 1788 illecebris
686 1748 842 1788 carnis
876 1753 921 1787 et
947 1748 1107 1788 mundi
1134 1748 1326 1787 avulsae
1360 1753 1467 1786 sunt
1511 1746 1806 1798 Dominoque

182 1818 350 1859 ibidem
370 1820 602 1868 serviunt,
627 1824 960 1859 sustentantur.
983 1819 1213 1872 Judaeam
1233 1819 1374 1858 etiam
1394 1818 1645 1870 quamdam
1675 1817 1804 1857 hisce

181 1888 342 1929 diebus
363 1890 421 1929 ad
442 1889 579 1929 fidem
606 1889 778 1930 Christi
806 1901 1085 1929 conversam
1114 1890 1297 1929 curavit
1326 1888 1459 1940 jungi
1486 1888 1799 1935 matrimonio;

179 1966 224 1999 et
244 1960 334 2000 duo
355 1959 434 2000 filii
456 1960 698 2011 cujusdam
719 1961 992 2011 meretricis,
1023 1972 1049 2000 a
1077 1966 1224 2000 matre
1247 1960 1465 2011 separati,
1489 1959 1650 1999 traditi
1679 1964 1801 2009 sunt,

179 2041 234 2070 eo
263 2036 477 2081 auctore,
504 2030 709 2070 honestis
738 2031 853 2070 viris
883 2030 1049 2070 alendi.
1084 2030 1229 2071 Multa
1261 2031 1352 2070 alia
1382 2031 1624 2082 praeclare
1654 2030 1711 2070 ab
1748 2041 1803 2070 eo

180 2100 319 2151 facta,
349 2102 513 2153 quibus
534 2101 778 2141 brevitatis
812 2113 956 2141 causa
985 2101 1280 2153 supersedeo.
1757 2139 1759 2141 ,

260 2171 392 2212 Nunc
414 2184 532 2223 quae
554 2184 612 2211 ex
634 2172 830 2223 collegio
852 2172 1097 2212 scribenda
1114 2178 1365 2212 occurrunt
1381 2170 1674 2223 subjungam.
1699 2170 1802 2211 Stu-

183 2242 258 2282 dia
281 2243 456 2294 omnia,
481 2250 529 2283 ut
551 2243 718 2293 solent,
745 2243 1089 2294 continuantur;
1112 2243 1159 2282 in
1181 2243 1345 2295 quibus
1368 2243 1414 2283 in
1436 2242 1534 2283 dies
1555 2242 1803 2294 proficiunt

181 2325 341 2354 omnes
362 2320 406 2353 et
427 2313 642 2364 magistri
662 2319 706 2353 et
727 2313 954 2365 discipuli.
978 2314 1028 2354 In
1049 2315 1245 2365 collegio
1268 2314 1404 2354 simul
1420 2320 1463 2354 et
1482 2314 1528 2354 in
1544 2313 1681 2354 domo
1699 2325 1803 2365 pro-

182 2384 401 2432 bationis,
439 2384 652 2424 omnibus
679 2385 938 2424 communis
965 2385 1040 2424 lex
1066 2391 1136 2425 est
1164 2391 1213 2425 ut
1240 2397 1332 2425 non
1360 2385 1448 2424 nisi
1475 2385 1617 2425 latine
1646 2385 1802 2436 loqua-

181 2467 299 2495 mur.
322 2454 409 2495 Die
431 2460 597 2506 quarta.
625 2455 841 2495 Octobris
870 2467 1030 2496 coram
1056 2455 1279 2507 Pro-rege
1304 2462 1348 2496 et
1374 2456 1730 2507 magistratibus
1760 2462 1805 2495 et

181 2526 282 2566 aliis
303 2526 459 2566 multis
489 2525 647 2566 habita
677 2531 745 2566 est
767 2526 915 2567 oratio
946 2539 973 2567 a
1003 2526 1232 2578 Magistro
1260 2527 1511 2567 Benedicto
1540 2526 1720 2567 Palmio
1748 2526 1804 2566 de

183 2597 518 2637 exercitatione
540 2596 820 2649 studiorum,
844 2597 1057 2638 omnibus
1079 2597 1215 2638 valde
1236 2604 1394 2649 grata,
1420 2610 1510 2650 qua
1528 2597 1679 2648 finita,
1707 2597 1805 2649 ipse

180 2666 374 2708 Pro-rex
412 2668 546 2707 simul
586 2679 691 2707 cum
729 2667 877 2719 primo
925 2668 1205 2719 magistratu
1251 2669 1499 2720 collegium
1544 2668 1801 2719 ingressus,

180 2749 324 2790 usque
347 2738 405 2778 ad
426 2739 629 2778 culinam
644 2744 852 2779 nostram
870 2739 1025 2779 omnia
1046 2739 1360 2791 perlustravit.
1381 2739 1664 2793 Juratisque,
1689 2750 1805 2790 quos

180 2814 372 2860 vocant,
396 2809 645 2860 collegium
664 2820 826 2850 coram
847 2810 1059 2850 omnibus
1081 2810 1439 2851 commendavit.
1468 2810 1696 2863 Juvenes,
1729 2810 1807 2862 qui

182 2880 227 2919 in
249 2880 385 2921 domo
406 2880 696 2932 probationis
717 2887 883 2933 agunt,
907 2881 1131 2934 quotidie,
1163 2881 1252 2922 Dei
1272 2882 1426 2933 gratia
1448 2880 1724 2932 adjuvante,
1757 2881 1805 2930 in

181 2951 347 2992 litteris
375 2958 420 2992 et
446 2952 612 3003 spiritu
640 2953 837 2997 multum⁴
860 2952 1128 3005 proficiunt;
1161 2953 1325 3005 quibus
1345 2953 1417 2993 his
1437 2952 1599 3005 paucis
1613 2953 1801 3011 diebus,
