2074 3179
891 211 974 248 Ax.
1006 210 1096 247 1532
1740 212 1811 248 647

170 308 331 354 sisset,
355 314 403 347 ut
421 295 589 358 jztm'Se
610 308 890 348 monacham
908 319 1010 348 esse
1031 308 1149 347 velle
1172 308 1271 358 ipsa
1295 307 1483 354 diceret,
1508 308 1717 347 laudavit
1736 309 1808 348 ille

177 378 439 418 institutum
461 383 505 418 et
527 378 585 418 ad
605 379 893 419 voluntatem
914 379 1122 418 divinam
1142 378 1278 417 facile
1306 378 1563 429 proclivem
1585 379 1806 428 animum;

179 447 552 500 confirmansque
567 449 613 489 in
625 450 879 501 proposito,
901 449 1088 489 abeunti
1105 461 1130 488 a
1148 460 1196 488 se
1215 449 1346 489 dixit:
1366 449 1471 489 vide
1486 461 1541 489 ne
1559 450 1808 501 quicquam

178 519 358 559 duabus
387 519 524 560 sociis
559 520 748 561 dixeris.
783 520 905 560 Nihil
933 531 1147 572 prorsus,
1187 519 1332 571 inquit
1368 520 1466 570 illa,
1504 532 1614 560 nam
1649 527 1693 560 et
1729 534 1809 560 eas·

177 590 352 640 pariter
386 602 567 631 mecum
595 591 744 643 decipi
778 597 821 631 et
857 602 1055 643 aequum
1084 596 1153 630 est
1175 597 1219 630 et
1239 590 1350 630 mihi
1372 591 1589 642 optabile.
1622 591 1724 632 Hac
1746 592 1809 631 di-

176 671 363 710 gressa,
401 661 580 702 accedit
608 663 776 713 altera,
808 663 1000 714 ipsaque
1037 661 1247 702 similiter
1277 661 1441 701 eodem
1471 661 1639 702 adacto
1669 663 1808 702 hamo

177 731 385 771 inescata
408 739 496 783 est,
522 738 567 772 et
593 733 695 783 pari
717 745 822 773 cum
851 733 1044 773 consilio
1074 732 1280 772 dimissa.
1312 731 1570 783 Postremo,
1602 739 1649 773 ut
1676 733 1809 774 brevi

178 801 434 854 absolvam,
459 810 502 843 et
523 804 661 844 tertia
678 804 724 844 in
739 810 835 844 rete
851 804 1026 854 incidit;
1051 809 1161 854 rete,
1186 804 1390 854 inquam,
1414 804 1695 844 tutissimum
1708 806 1807 844 reli-

177 873 343 922 gionis.
364 874 432 924 Ita
454 881 564 926 tres,
585 887 704 927 quae
722 875 962 916 deridendi
979 887 1123 915 causa
1140 875 1483 927 quodammodo
1501 875 1806 925 advenerant,

176 956 270 984 non
291 945 479 986 delusae
501 945 685 997 quidem
702 946 830 998 ipsae
847 947 928 986 sed
949 946 1201 998 prudenter
1222 946 1444 998 deceptae
1470 953 1589 996 sunt,
1616 953 1662 986 ut
1683 949 1807 987 nulla

178 1015 287 1065 quid
309 1016 412 1055 aliis
434 1017 707 1068 contigisset
724 1017 844 1058 scire
864 1023 1035 1069 posset,
1057 1017 1220 1067 (101166,
1245 1024 1404 1057 mutuo
1422 1018 1647 1069 expositis
1667 1019 1804 1067 votis,

176 1086 567 1135 gratulationibus
595 1088 787 1139 mutuis,
818 1088 966 1128 laetae
995 1100 1050 1128 ac
1076 1087 1280 1128 Domino
1310 1088 1491 1139 gratias
1521 1095 1729 1140 agentes,
1753 1102 1807 1129 eo

175 1156 434 1208 redierunt,
458 1162 579 1197 unde
607 1166 856 1209 venerant,
886 1160 1024 1209 longe
1055 1166 1211 1199 tamen
1238 1159 1357 1199 aliae
1385 1171 1524 1210 quam
1551 1159 1656 1200 inde
1677 1161 1806 1211 prius

175 1227 514 1268 discessissent.

254 1298 305 1338 In
325 1300 620 1339 monasteriis
644 1300 887 1340 mulierum
908 1301 1117 1340 nonnihil
1139 1301 1280 1341 etiarn
1296 1300 1558 1353 profectum
1585 1308 1668 1342 est.
1692 1303 1803 1343 Illuc

175 1369 297 1408 enim
327 1369 570 1410 mittuntur
601 1371 852 1422 aliquando
875 1371 1080 1411 nonnulli
1110 1372 1453 1412 concionatum.
1482 1373 1641 1425 Neque
1663 1386 1689 1414 a
1712 1385 1804 1413 mo-

174 1439 337 1479 nachis
358 1445 539 1480 tantum
559 1441 754 1481 libenter
777 1442 1028 1482 audiuntur
1056 1442 1135 1482 sed
1158 1443 1214 1482 ab
1237 1443 1337 1483 aliis
1365 1435 1527 1493 etiaim
1559 1445 1681 1495 quod
1703 1445 1804 1496 ipsa

173 1511 348 1551 indicat
367 1512 524 1563 populi
544 1512 822 1564 frequentia,
847 1514 885 1553 si
906 1513 1043 1553 modo
1066 1514 1301 1564 praescire
1322 1515 1525 1566 potuerit
1546 1515 1623 1555 ubi
1646 1515 1801 1556 futura

175 1582 233 1621 sit
255 1582 433 1622 concio.

254 1652 412 1693 Nostri
432 1666 544 1694 vero
567 1655 726 1706 templi
747 1656 997 1696 conciones
1018 1663 1147 1696 tanto
1167 1656 1335 1696 affectu
1357 1663 1401 1696 et
1418 1657 1665 1697 devotione
1684 1659 1800 1698 acci—

172 1724 374 1775 piuntur,
398 1731 447 1764 ut
468 1736 716 1776 exponere,
742 1727 779 1766 si
804 1727 1006 1766 maxime
1028 1727 1181 1778 velim,
1206 1740 1298 1767 non
1314 1728 1502 1779 possim.
1522 1727 1804 1769 Auditorum

173 1795 295 1834 enirn
327 1796 564 1847 lacrymae
591 1802 635 1836 et
666 1809 827 1837 eorum
855 1810 997 1849 opera
1026 1799 1324 1850 praesertim,
1355 1799 1433 1851 qui
1466 1800 1589 1851 apud
1616 1806 1803 1840 nostros

172 1865 473 1917 confitentur,
503 1867 548 1907 id
583 1867 718 1908 facile
756 1869 1011 1908 declarant.
1041 1869 1111 1909 De
1146 1870 1311 1920 quibus
1348 1870 1456 1922 quia
1490 1870 1580 1910 huc
1610 1877 1801 1911 ventum

171 1943 254 1987 est,
276 1936 428 1977 dicam
450 1939 688 1979 nonnulla.
714 1938 1024 1991 Pauperibus,
1048 1940 1094 1980 in
1117 1952 1308 1980 carcere
1329 1942 1463 1981 nexis
1488 1948 1567 1982 aut
1588 1943 1797 1991 reclusis,

169 2015 308 2059 atque
330 2008 399 2060 iis,
423 2009 501 2060 qui
521 2009 568 2049 in
588 2010 880 2050 xenodochio
898 2010 1055 2062 jacent
1071 2011 1255 2061 infirmi,
1280 2013 1451 2052 multae
1469 2019 1725 2064 erogantur
1741 2014 1798 2053 ab

170 2079 242 2118 1115
266 2078 275 2097 ¹
299 2080 640 2131 eleemosynae,
669 2093 818 2132 neque
843 2088 1025 2121 tantum
1046 2093 1164 2133 quas
1192 2083 1430 2134 colligunt,
1463 2083 1544 2123 sed
1565 2091 1609 2123 et
1637 2084 1692 2124 de
1714 2097 1798 2125 sua

170 2150 377 2201 ipsorum
407 2151 683 2191 substantia.
719 2151 927 2191 Visitant
961 2152 1049 2203 ipsi
1084 2158 1127 2192 et
1162 2164 1400 2202 carcerem
1434 2153 1715 2206 frequenter,
1753 2163 1797 2195 et

169 2221 338 2260 multos
360 2221 572 2270 liberant,
601 2223 873 2273 numeratis,
898 2234 1013 2273 quas
1035 2223 1216 2274 debent,
1240 2224 1465 2275 pecuniis.
1490 2224 1797 2266 Xenodochia

168 2292 281 2331 item
303 2292 442 2343 (quod
463 2304 548 2332 nos
575 2292 736 2332 diebus
757 2293 1001 2333 dominicis
1030 2293 1244 2344 facimus)
1275 2301 1318 2334 et
1345 2307 1603 2347 pauperum
1634 2297 1798 2338 domos

169 2363 389 2411 invisunt,
414 2369 462 2403 ut
484 2363 645 2414 egenis
664 2371 954 2404 succurrant.
978 2363 1138 2416 Neque
1165 2365 1251 2405 sibi
1277 2378 1425 2417 neque
1446 2367 1583 2407 rebus
1614 2368 1724 2419 suis,
1748 2375 1797 2409 ut

169 2434 280 2483 dixi,
305 2440 529 2484 quantum
550 2433 638 2474 fert
657 2435 794 2486 ratio,
818 2442 1031 2486 parcunt.

249 2503 340 2544 Sed
372 2505 488 2544 haec
513 2505 568 2545 de
590 2505 705 2545 viris
732 2506 950 2557 intellige,
981 2507 1146 2558 quibus
1173 2508 1316 2548 nihilo
1344 2509 1588 2550 inferiores
1616 2523 1665 2551 se
1693 2523 1795 2551 esse

168 2576 388 2615 mulieres
407 2576 659 2627 patiuntur,
684 2583 908 2628 quantum
926 2577 1083 2617 decori
1104 2578 1222 2618 ratio
1240 2580 1480 2630 permittit.
1503 2580 1623 2621 Nam
1639 2587 1682 2622 et
1698 2594 1794 2622 mu-

167 2647 360 2686 lieribus
394 2647 548 2698 inopia
581 2648 901 2688 laborantibus
935 2649 1063 2700 ipsae
1097 2649 1266 2690 adsunt
1300 2656 1344 2690 et
1378 2652 1657 2693 vestimenta
1689 2665 1790 2705 sua,

166 2718 310 2757 etiam
336 2718 501 2770 serica,
524 2718 613 2758 illis
629 2719 939 2770 elargiuntur;
964 2720 1101 2771 idque
1122 2733 1249 2770 vero,
1277 2728 1325 2762 ut
1346 2723 1577 2774 novimus,
1608 2724 1793 2766 affectu.

164 2788 316 2839 Quod,
340 2789 446 2829 licet
468 2789 514 2829 in
534 2801 584 2829 re
604 2789 809 2839 minima,
843 2802 902 2830 ex
923 2802 991 2841 eo,
1016 2791 1138 2842 quod
1160 2803 1282 2832 nunc
1311 2796 1704 2846 commemorabo,
1728 2796 1792 2836 fa-

160 2859 251 2899 cile
273 2860 538 2911 perspicere
558 2861 746 2911 poteris.
776 2860 908 2900 Duae
930 2872 1077 2912 nuper
1099 2862 1343 2903 mulierum
1372 2864 1601 2916 hospitale
1623 2866 1791 2907 invise-

222 3020 231 3039 ·
271 3022 313 3048 ab
330 3021 390 3052 his,
405 3021 459 3055 qui
475 3021 670 3055 frequenter
685 3015 773 3055 apud
789 3026 924 3048 nostros
941 3021 1154 3055 confitentur,
1171 3029 1311 3056 quorum
1329 3024 1381 3052 hic
1394 3030 1443 3052 est
1460 3033 1582 3053 sermo.
