2074 3179
172 108 249 145 312
717 109 943 147 LlTTERAE
971 122 1329 154 QUADRJMESTRES

178 220 279 252 tum
301 213 583 263 conscendo,
604 214 848 264 Dominus,
868 225 951 264 pro
969 214 1046 254 illa
1068 226 1250 255 summa
1271 216 1502 257 charitate
1520 230 1610 269 qua
1632 218 1814 259 animas

180 284 498 335 prosequitur,
528 284 642 324 mihi
669 284 883 335 vigorem
910 290 954 325 et
984 285 1199 336 spiritum
1226 298 1361 327 suum
1398 294 1613 329 sanctum
1645 289 1810 330 reddit.

174 353 273 395 Sed
292 356 537 396 verissime
557 355 783 396 confiteor
805 356 930 407 quod
958 368 1112 408 saepe,
1135 357 1214 397 ubi
1235 364 1375 409 caput
1394 358 1607 410 habeam,
1633 366 1682 400 ut
1703 360 1811 400 dici-

179 432 270 477 tur,
301 427 484 478 ignoro.
517 427 573 467 Et
605 433 763 467 tamen
791 426 1022 467 Dominus
1052 428 1240 468 interim
1267 434 1448 470 tantum
1483 431 1741 471 dulcedinis
1769 438 1814 472 et

173 497 467 538 fortitudinis
499 498 660 538 tribuit
691 504 740 538 ut
772 499 1009 539 auditores
1034 500 1125 539 mei
1155 499 1201 539 in
1230 500 1500 552 lachrymas
1529 503 1721 543 resoluti
1751 503 1813 543 di-

173 575 303 610 cant:
327 570 416 610 Hic
437 575 596 609 noster
618 575 686 609 est
706 569 861 620 Pater,
889 581 1028 621 quem
1058 571 1182 610 misit
1202 571 1337 611 nobis
1357 572 1601 614 Dominus.
1624 575 1682 614 Et
1708 575 1816 614 licet

178 640 392 680 homines
413 641 595 681 feroces
617 641 707 680 sint
726 652 1002 692 semperque
1024 642 1194 682 armati
1215 642 1454 692 incedant,
1480 650 1650 695 tamen,
1674 657 1816 697 quum

176 725 205 751 a
227 712 404 763 pulpito
426 712 675 762 descendO,
701 712 933 752 hincinde
955 713 1068 753 mihi
1090 714 1313 754 assistunt
1335 720 1393 765 et,
1424 714 1731 766 defatigatum
1749 716 1815 756 vi-

175 783 345 835 dendo,
370 784 567 823 multum
589 783 833 823 charitatis
856 783 969 823 mihi
1000 784 1241 836 exhibent,
1264 797 1351 825 nec
1390 786 1554 826 satiari
1584 786 1674 826 mei
1710 799 1815 827 con-

175 860 340 906 spectu
362 854 595 894 videntur.
620 854 778 894 Multis
806 855 962 906 itaque
990 855 1141 895 modis
1168 867 1241 896 me
1263 856 1423 897 divina
1443 857 1628 897 bonitas
1655 870 1816 898 conso-

176 927 301 965 latur
329 931 372 965 et
403 926 527 965 mille
556 937 639 977 pro
661 937 752 965 uno
783 926 993 977 exhibet,
1025 932 1069 966 et
1096 938 1265 967 revera
1295 928 1521 968 laetitiam
1542 929 1683 969 aliam
1713 929 1815 969 soli-

174 997 287 1036 dam
316 1008 408 1037 non
429 997 612 1048 reperio
634 1008 775 1048 quam
795 996 993 1037 fideliter
1014 997 1115 1038 Deo
1137 999 1222 1038 sub
1245 999 1491 1039 obedentia
1513 1000 1706 1041 servire.

258 1067 376 1109 Cum
396 1067 684 1108 Mutinenses
706 1068 948 1120 conquesti
968 1068 1140 1109 fuerint
1160 1070 1285 1121 apud
1301 1070 1584 1122 Episcopum
1602 1072 1728 1123 quod
1743 1083 1817 1112 me

175 1146 314 1180 extra
340 1139 525 1191 urbem,
556 1139 670 1191 ipsis
708 1140 904 1190 relictis,
934 1140 994 1180 ad
1027 1141 1348 1182 visitationem
1381 1142 1580 1182 aliorum
1606 1144 1819 1183 locorum

176 1211 399 1261 misisset,
420 1222 559 1262 nune,
584 1210 1017 1252 animadvertentes
1033 1212 1237 1252 fructum
1258 1214 1520 1254 animarum
1543 1215 1814 1264 maximum,

172 1294 315 1334 quem
331 1282 562 1323 Dominus
578 1282 809 1334 producit,
830 1283 987 1323 dolent
1009 1283 1133 1335 quod
1149 1295 1311 1324 eorum
1329 1296 1471 1326 causa
1490 1292 1672 1326 tantum
1694 1286 1816 1327 labo-

177 1354 240 1394 ris
262 1354 611 1405 assumpserim.

260 1425 401 1466 Aliud
440 1437 534 1466 non
572 1431 715 1465 vacat
754 1426 912 1476 legere
950 1437 1033 1478 per
1072 1427 1434 1478 occupationum
1472 1429 1817 1469 multitudinem

175 1509 319 1549 quam
339 1498 521 1537 litteras
542 1496 814 1548 Societatis3
839 1497 921 1537 sed
942 1497 1082 1537 lectio
1111 1498 1228 1538 haec
1248 1498 1362 1538 mihi
1392 1500 1506 1539 satis
1528 1500 1629 1550 erit,
1658 1500 1757 1540 vim
1777 1499 1816 1540 si

179 1569 291 1609 mihi
312 1569 400 1621 ipsi
422 1568 481 1609 ad
496 1568 773 1609 imitandum
790 1569 1005 1608 intulero.
1026 1567 1173 1620 Spero
1191 1569 1238 1609 in
1254 1569 1456 1610 Domino
1474 1583 1546 1611 me
1564 1571 1816 1623 aliquando

177 1641 503 1692 incoepturum
523 1651 608 1680 nec
630 1640 829 1691 amplius
850 1640 1320 1690 procrastinaturum.

839 1951 942 2032 5392
1054 1987 1063 2007 ι
1124 1985 1170 2015 2³„

940 2037 944 2043 ι
1101 2019 1107 2023 “
1128 2012 1146 2035 ἧς’

880 2055 918 2088 ,χ
942 2045 953 2083 k
1104 2049 1116 2064 ·‘

840 2081 904 2129 *N
926 2093 937 2105 Ψ
1026 2087 1031 2105 ,¹
1043 2096 1049 2110 f
1070 2105 1077 2116 ἢ,
1096 2104 1098 2107 γ
1132 2085 1152 2104 9,

785 2111 868 2167 &a
1043 2147 1047 2149 μ
1135 2124 1148 2153 5'

780 2187 851 2213 5⁶„
1099 2210 1104 2213 ,
1120 2201 1122 2203 >
1136 2192 1147 2195 ‘¹
1184 2188 1209 2209 ‘J

762 2216 856 2261 ⁶213*
1038 2224 1057 2247 ²·
1116 2248 1123 2251 -
1205 2225 1243 2256 ὲ.-

775 2260 842 2310 {eir
1066 2269 1069 2272 ’
1112 2268 1148 2305 «⁸⁵

795 2314 821 2327 ,κῖ
1096 2312 1101 2315 ’

1105 2368 1107 2370 -
1131 2368 1136 2377 .
