2074 3179
240 163 312 197 (¹:80
754 161 981 198 LITTERAE
1007 172 1365 204 QUADRIMESTRES

243 263 450 297 mentum
468 258 798 298 Eucharistiae
816 258 908 297 illis
928 258 1258 298 administrare
1279 259 1326 299 in
1346 260 1561 310 proxima
1583 262 1876 304 solemnitate

243 328 576 369 Penthecostes
593 340 851 369 censemus.
866 329 924 369 Et
941 340 1047 369 cum
1062 329 1334 381 paucissimi
1351 330 1471 371 inter
1487 342 1567 371 eos
1582 333 1875 384 reperiantur

241 400 318 451 qui
335 399 633 440 Dominicam
651 400 927 451 orationem,
947 400 1228 452 Angelicam
1245 401 1588 453 salutationem,
1604 402 1873 454 Symbolum

245 471 586 522 Apostolieum,
617 477 667 511 ut
694 471 846 521 decet,
883 477 1092 522 teneant,
1131 472 1178 512 id
1211 484 1355 512 unum
1389 474 1512 514 serio
1547 475 1876 526 proposuimus

240 540 522 582 studendum
555 548 604 582 ut
639 543 686 582 in
720 542 790 582 his
827 543 1040 583 omnibus
1076 543 1324 594 diligenter
1355 556 1382 584 a
1416 545 1552 584 nobis
1585 546 1871 587 erudiantur.

239 612 408 664 Spero,
447 613 702 654 auxiliante
737 614 871 654 nobis
905 614 1065 654 divina
1105 615 1283 666 gratia,
1322 627 1416 656 non
1445 616 1513 656 eis
1548 616 1875 668 infrugiferum

242 684 459 724 futurum.
485 684 717 725 Curamus
737 685 848 725 item
868 685 1030 726 sedulo
1051 691 1100 726 ut
1121 686 1264 738 aliqui
1280 698 1444 727 eorum
1460 688 1590 739 operi
1611 699 1776 729 manus
1798 690 1873 729 ad-

239 762 475 806 moveant,
512 768 570 796 ne
605 767 775 807 segnes
803 757 896 797 otio
931 763 1223 809 torpescant,
1264 770 1322 798 ex
1351 770 1440 810 quo
1477 760 1627 799 solent
1656 761 1788 801 multi
1817 762 1875 801 ad

237 833 417 867 tantam
434 827 642 879 inopiam
659 828 894 868 devenire.
911 827 1037 869 Laus
1054 834 1099 868 et
1115 829 1267 880 gloria
1285 829 1476 870 aeterno
1494 830 1627 882 Regi,
1647 831 1725 883 qui
1741 832 1876 872 nobis

238 904 307 938 tot
341 898 427 938 sibi
463 899 699 939 serviendi
740 899 986 940 commoda
1018 900 1224 952 praebet.
1256 900 1394 941 FaXit
1420 902 1520 953 ipse
1554 914 1639 942 sua
1669 903 1875 944 bonitate

238 970 465 1010 immensa
485 976 535 1011 ut
557 976 752 1022 accepta
772 978 817 1011 et
837 977 976 1022 grata
999 972 1091 1011 sint
1112 972 1154 1011 ei
1175 973 1332 1012 omnia
1354 984 1497 1024 opera
1518 980 1694 1015 nostra.

317 1040 434 1081 Sunt
455 1047 499 1082 et
521 1042 614 1082 alia
634 1043 881 1093 permulta,
906 1054 1025 1094 quae
1045 1043 1292 1084 brevitatis
1314 1044 1466 1085 studio
1483 1047 1818 1096 praetermitto⁴

317 1112 480 1153 Restat
508 1119 558 1154 ut
588 1113 641 1154 R.
673 1113 722 1153 P.
752 1114 803 1154 T.
835 1126 1026 1155 exorem
1056 1115 1275 1165 dignetur
1306 1127 1394 1156 nos
1426 1116 1474 1156 in
1503 1117 1599 1158 suis
1630 1118 1876 1158 sacrifieiis

236 1182 338 1224 Deo
359 1184 704 1226 commendare.

315 1257 576 1307 Bononiae,
600 1256 625 1295 4
644 1256 804 1297 Nonas
824 1258 949 1310 Junii
975 1257 1089 1298 1552.

1040 1401 1352 1452 GUILIELMus‚
1385 1401 1532 1442 latine
1552 1403 1711 1444 vertit.

316 1615 670 1667 Superscrz'ptz'o
691 1615 741 1655 in
762 1616 1088 1668 autographis
1109 1615 1376 1656 Gm'lt'elmt':
1397 1618 1424 1663 †
1441 1615 1542 1656 ΚΦ)
1560 1616 1811 1658 admodum
1828 1618 1874 1658 in

236 1687 356 1738 Xpo.
387 1687 479 1727 Pri.
510 1686 630 1726 Dno.
662 1687 845 1738 Ignatio
875 1687 1108 1739 Loyolae,
1139 1687 1414 1739 Praeposito
1440 1688 1584 1739 gnali.
1624 1687 1874 1730 Societatis

234 1759 359 1811 Jesu.
383 1757 576 1799 Romae.

316 1830 426 1870 Alsa
448 1841 617 1870 mann:
644 1831 757 1870 1552.
783 1830 836 1881 Q.
862 1831 1089 1882 Bologna,
1114 1830 1370 1884 Junii.—Q.
1394 1831 1433 1871 5.
