2074 3179
875 204 956 241 ΑΝ.
990 204 1079 240 1552
1727 203 1799 239 505

165 311 282 351 pene
304 306 509 340 mutatus
538 301 579 340 ei
606 301 895 341 adhaereret.
926 301 1045 351 Ego,
1076 311 1188 340 casu
1216 299 1373 340 statim
1401 305 1505 350 post
1537 299 1797 339 discessum

167 371 387 422 Regentis
420 372 775 422 superveniens,
814 383 919 412 cum
946 372 1108 412 eodem
1139 370 1329 410 contuli.
1366 370 1685 420 Proposuerat
1711 369 1796 409 Re-

163 453 279 490 gens
300 442 347 482 in
367 442 528 494 primis
551 442 671 494 quod
692 443 731 483 si
757 454 846 493 ego
867 443 969 482 illas
995 443 1175 482 litteras
1201 441 1405 481 scribere
1434 441 1628 491 vellem,
1662 452 1794 492 para-

163 520 235 553 tus
256 519 377 553 esset
399 514 540 553 etiam
555 513 820 564 juramento
842 513 1074 554 affirmare
1095 514 1141 553 in
1161 513 1323 564 primis
1343 511 1468 563 quod
1486 518 1706 563 parentes
1728 512 1792 552 di-

149 590 345 623 ctorum
361 583 558 624 fratrum
574 595 667 624 non
681 584 957 635 impedirent
977 596 1057 624 eos
1078 596 1104 624 a
1126 589 1290 624 nostra
1307 582 1558 623 Societate.
1577 583 1641 622 2⁰
1660 582 1793 633 Quod

161 666 246 693 nec
268 654 365 705 ipse
388 654 629 706 impediret
650 655 741 694 ullo
762 655 915 705 modo,
936 658 1046 706 quin
1067 655 1222 705 potius
1243 653 1437 693 foveret.
1455 652 1520 693 3.0
1542 652 1677 703 Quod
1694 654 1792 694 suis

160 725 420 776 sumptibus
441 737 520 765 eos
541 725 805 775 reduceret;
835 732 879 765 et
908 725 1098 765 similia:
1129 724 1325 774 addens,
1357 735 1464 764 cum
1490 734 1577 775 ego
1606 736 1795 775 possem

164 795 227 834 illi
248 801 490 847 tantopere
511 795 751 847 prodesse,
776 796 1016 845 videlicet,
1047 807 1140 835 non
1167 795 1383 835 dubitans
1410 795 1521 846 quin
1551 806 1672 834 unus
1697 795 1793 834 illo-

163 878 283 915 rum,
307 866 510 918 Jacobus
532 867 760 917 videlicet,
779 867 961 906 futurus
978 872 1100 906 esset
1117 866 1291 917 primas
1308 865 1654 915 Universitatis,
1677 877 1703 904 a
1720 877 1794 905 me

162 937 367 977 charitas
389 937 547 988 exigat
569 944 612 977 et
632 938 752 977 ratio
774 944 822 977 ut
843 938 930 977 hoc
951 937 1145 987 faciam,
1171 943 1257 977 etc.

241 1008 341 1058 Ego
362 1008 480 1048 haec
500 1007 665 1048 videns
685 1014 729 1048 et
749 1008 957 1058 audiens,
983 1014 1026 1047 et
1047 1008 1249 1047 Domino
1271 1007 1489 1047 fiduciam
1504 1013 1789 1058 praestante,

160 1078 380 1129 respondi
403 1091 475 1119 me
494 1079 595 1119 istis
616 1080 732 1119 bene
753 1086 1044 1130 contentum,
1068 1079 1209 1118 immo
1231 1079 1343 1118 nihil
1365 1078 1490 1118 aliud
1513 1084 1691 1130 optare,
1711 1077 1793 1118 sed

160 1150 426 1190 scribantur
446 1150 735 1190 conditiones
756 1150 873 1190 istae
895 1157 939 1190 et
959 1150 1237 1202 polliceatur
1265 1150 1376 1190 mihi
1396 1150 1486 1190 ista
1510 1149 1697 1200 Regens
1718 1161 1792 1189 co-

157 1232 261 1260 ram
295 1220 517 1271 Rectore,
547 1221 729 1262 notario
760 1227 804 1261 et
832 1222 1040 1262 testibus.
1075 1221 1247 1273 Itaque,
1263 1222 1420 1261 statim
1448 1221 1652 1272 scriptae
1686 1226 1792 1260 sunt

159 1292 464 1331 conditiones.
484 1292 658 1332 Addidi
673 1304 760 1343 ego
776 1304 861 1344 pro
878 1292 1044 1344 maj0ri
1061 1293 1379 1332 declaratione
1397 1298 1440 1332 et
1457 1292 1724 1341 securitate,
1745 1291 1792 1330 in

158 1362 318 1412 primis
357 1363 480 1414 quod
512 1362 699 1413 Regens
732 1363 883 1414 primo
918 1363 1189 1414 impetraret
1226 1375 1252 1403 a
1287 1363 1557 1414 parentibus
1592 1362 1793 1402 fratrum

158 1433 539 1473 certificationem
559 1433 681 1485 quod
702 1434 789 1485 ipsi
810 1434 1132 1485 permitterent
1154 1446 1234 1473 eos
1255 1434 1388 1473 nobis
1417 1434 1712 1480 cohabitare,
1747 1440 1792 1473 et

157 1504 222 1543 eis
250 1504 296 1544 in
330 1505 664 1556 temporalibus
698 1505 1022 1556 providebunt,
1062 1505 1181 1544 sicut
1216 1505 1444 1544 hactenus
1480 1505 1712 1555 fecerunt,
1747 1511 1792 1545 et

160 1575 284 1615 nullo
306 1575 443 1615 modo
463 1575 713 1626 impedient
734 1587 814 1615 eos
836 1588 861 1615 a
883 1587 967 1615 sua
996 1576 1260 1615 vocatione.
1293 1575 1482 1615 Interim
1516 1575 1612 1615 dixi
1642 1575 1792 1615 eidem

158 1646 368 1686 Doctori:
393 1658 502 1686 6666
523 1657 610 1697 ego
631 1647 719 1687 ista
741 1646 863 1686 facio
885 1654 929 1686 et
950 1647 997 1686 in
1014 1646 1113 1686 istis
1131 1646 1471 1697 condescendo;
1491 1647 1573 1687 sed
1590 1647 1730 1687 timeo
1747 1653 1793 1686 et

155 1728 249 1756 non
274 1723 386 1768 puto
416 1717 538 1769 quod
563 1717 749 1769 Regens
783 1718 871 1758 ista
892 1718 1016 1757 volet
1037 1717 1208 1757 facere.
1240 1718 1318 1758 Ille
1340 1730 1453 1758 vero
1484 1718 1678 1769 putabat
1711 1718 1792 1757 im-

161 1787 381 1838 possibile
417 1788 539 1839 quod
572 1788 758 1839 Regens
792 1789 915 1829 dicta
945 1801 1029 1829 sua
1057 1800 1217 1829 coram
1244 1789 1321 1828 illo
1353 1795 1652 1829 retractaret.
1682 1789 1793 1829 Post

159 1858 274 1897 haec
294 1859 437 1899 missa
458 1865 564 1899 sunt
585 1860 700 1899 haec
732 1860 907 1911 scripta
936 1860 995 1900 ad
1021 1860 1280 1911 Regentem
1307 1866 1350 1900 et
1378 1861 1701 1910 interrogatus
1732 1872 1793 1900 an

157 1928 245 1968 illis
265 1934 389 1969 stare
409 1930 562 1979 vellet,
587 1931 825 1982 respondit
845 1931 1031 1982 Regens
1053 1932 1100 1971 in
1120 1932 1283 1983 primis
1305 1932 1427 1983 quod
1449 1932 1710 1971 clausulam
1744 1931 1792 1970 il-

105 2000 108 2001 ’
156 2001 249 2039 lam
270 2000 325 2040 de
345 2001 617 2051 parentibus
636 2013 731 2041 non
753 2008 910 2053 posset
932 2002 1065 2042 nobis
1087 2001 1319 2042 addicere.
1348 2002 1413 2042 2.⁰
1433 2003 1560 2054 quod
1587 2008 1656 2042 est
1678 2014 1788 2042 con·
1845 2015 1847 2018 ⁴

157 2077 230 2110 tra
247 2069 562 2121 juramentum
580 2084 713 2112 suum
733 2072 944 2113 facultati
965 2073 1135 2112 artium
1155 2073 1446 2124 praestitum3
1476 2073 1599 2124 quod
1630 2073 1790 2113 videli-

159 2147 233 2181 cet
255 2142 455 2193 aliquem
475 2149 773 2194 promoveret
795 2143 853 2183 ad
874 2144 1164 2194 religionem,
1184 2143 1361 2194 juravit
1382 2144 1506 2184 enim
1522 2144 1645 2195 quod
1660 2144 1784 2184 fove-

157 2219 227 2252 ret
249 2224 329 2252 eos
349 2212 396 2252 in
416 2213 580 2253 studiis
602 2221 645 2254 et
668 2226 759 2254 non
781 2214 827 2254 in
849 2215 1087 2265 religione.
1117 2215 1181 2254 3.⁰
1202 2214 1339 2266 Quod
1365 2215 1481 2255 duos
1510 2215 1696 2266 quidem
1728 2227 1787 2255 ex

157 2284 245 2323 illis
264 2283 488 2324 fratribus
508 2284 603 2324 suis
624 2285 882 2336 sumptibus
904 2287 1041 2325 vellet
1062 2286 1300 2336 reducere,
1325 2287 1537 2326 novellos
1568 2286 1791 2326 videlicet

156 2354 339 2404 fratres,
364 2355 446 2395 sed
472 2355 588 2395 duos
609 2356 726 2396 alios
747 2368 853 2396 non.
885 2357 941 2396 Et
969 2357 1033 2396 ita
1066 2357 1139 2396 isti
1169 2363 1440 2397 contractus
1471 2364 1715 2397 cessarunt
1746 2364 1789 2398 et

151 2431 366 2476 cessant,
397 2431 442 2466 et
469 2426 581 2466 nihil
609 2427 807 2477 amplius
833 2426 986 2478 audio,
1018 2439 1166 2478 neque
1196 2427 1243 2467 in
1270 2426 1345 2478 jus
1372 2439 1534 2479 vocor;
1572 2428 1788 2468 existimo

148 2508 182 2547 rq
192 2496 268 2536 uia
290 2496 445 2536 omnia
467 2497 720 2548 quiescent.

239 2566 309 2607 De
329 2573 462 2619 patre
484 2566 699 2607 Otthonis
719 2568 1033 2619 significatum
1054 2576 1122 2609 est
1144 2569 1256 2609 mihi
1278 2582 1304 2610 a
1332 2570 1535 2622 quodam
1557 2570 1787 2620 singulari

150 2638 324 2688 amico,
347 2638 517 2678 ibidem
538 2638 790 2689 habitante,
815 2639 937 2690 quod
957 2646 1091 2691 pater
1113 2640 1301 2680 omnino
1323 2641 1435 2681 velit
1457 2641 1543 2680 sibi
1566 2653 1592 2680 a
1615 2652 1688 2680 me
1711 2642 1788 2680 vel

150 2720 184 2747 a
206 2707 297 2748 filio
317 2709 526 2760 polliceri
547 2715 591 2748 et
613 2714 767 2749 certus
788 2720 889 2749 esse
915 2710 1039 2761 quod
1065 2709 1208 2750 Ottho
1236 2722 1331 2750 non
1360 2711 1619 2761 resignabit
1650 2722 1787 2751 suum

147 2779 485 2819 canonicatum
507 2786 612 2819 ante
633 2791 765 2820 suam
783 2780 1133 2831 professionem,
1164 2782 1240 2821 vel
1267 2782 1452 2821 nonnisi
1481 2782 1675 2822 consilio
1708 2794 1785 2834 pa-

148 2849 242 2889 ‘tris
262 2850 348 2890 sui.
370 2850 432 2890 2.⁰
454 2850 515 2891 Ut
537 2849 677 2890 Ottho
699 2850 918 2891 Coloniae
940 2853 1014 2891 vel
1035 2850 1233 2891 Lovanii
1254 2852 1466 2903 perficiat
1494 2852 1649 2893 studia
1681 2864 1782 2900 sua;

150 2921 281 2972 quod
307 2922 346 2961 si
372 2921 465 2972 fiat,
496 2928 628 2973 pater
655 2921 742 2962 erit
770 2922 885 2962 bene
913 2929 1161 2963 contentus
1196 2930 1241 2964 et
1262 2923 1456 2964 Otthoni
1490 2924 1537 2964 in
1572 2924 1786 2965 omnibus

153 3002 431 3033 succurrere
451 2999 500 3033 ut
522 2993 654 3033 decet
673 2998 868 3044 patrem.
893 2993 1115 3045 Alioquin
1137 2995 1226 3034 nisi
1246 2995 1424 3035 amicus
1451 3006 1553 3036 sese
1582 2996 1783 3036 obstitis-
