2074 3179
264 169 285 204 7
288 168 336 206 38
779 168 1008 206 LITTERAE
1035 180 1395 210 QUADRIMESTRES

344 263 415 304 De
438 264 688 313 Valencia,
714 251 875 305 Ultimo
893 265 948 305 de
969 265 1152 316 Agosto
1178 265 1293 306 1552.

342 335 413 375 De
433 335 492 376 V.
517 334 566 374 P.
590 335 748 375 siervo
770 335 962 387 indigno
985 348 1041 375 en
1063 337 1102 376 el
1121 335 1288 387 Senos,

1431 481 1647 521 GAMERo.

342 727 697 779 Superscriptz‘o
725 728 773 768 in
803 733 977 779 quarta
999 704 1347 780 pagium-1155.
1371 729 1431 771 Al
1460 742 1570 783 mu}v
1598 732 1700 773 ΚΦ)
1729 745 1787 774 en
1814 734 1902 774 ΧΓ

256 798 417 849 padre,
441 799 482 839 el
501 805 568 850 p.e
591 805 796 840 maestro
823 799 1014 851 Ignacio
1035 800 1091 840 de
1112 801 1290 852 Loiola‚
1312 803 1549 853 preposito
1567 806 1759 854 general
1780 806 1835 846 de
1853 807 1898 845 la

258 904 516 957 Compafiia
533 906 589 946 de
610 871 708 947 Iffls
730 918 787 946 en
808 906 971 946 Roma.

335 976 431 1016 Pol
434 976 546 1017 anca·
556 989 701 1018 manu
712 989 726 1018 .·
744 978 979 1018 Valentia.

335 1047 469 1088 Alia:
491 1048 544 1100 Q.
573 1049 689 1090 1552.
714 1048 997 1101 Aug.t³-Q.
1023 1057 1067 1090 et
1089 1051 1146 1091 A.
1172 1050 1217 1091 S.

517 1274 800 1301 Praecedentium
815 1275 956 1308 Joannis
973 1275 1121 1303 Gamero
1138 1277 1331 1304 litterarum
1355 1278 1464 1305 latina
1481 1280 1592 1306 versi«)
1611 1281 1630 1305 ¹.

1065 1436 1082 1465 ‚3-

1028 1471 1125 1511 IHS

330 1623 565 1675 Perquam
586 1624 862 1666 Reverende
884 1626 930 1666 in
953 1626 1141 1667 Christo
1165 1627 1319 1666 Pater.

329 1694 495 1735 Gratia
516 1701 561 1735 et
581 1708 675 1747 pax
696 1696 886 1737 Domini
907 1698 1055 1738 nostri
1074 1698 1185 1751 Jesu
1207 1697 1381 1738 Christi
1404 1697 1640 1738 abundent
1664 1698 1709 1737 in
1739 1699 1885 1737 cordi-

248 1766 335 1807 bus
355 1767 545 1806 nostris.

328 1837 641 1890 Nequaquam
668 1844 846 1891 potero,
878 1839 977 1879 Rfle
1007 1840 1053 1880 in
1075 1840 1260 1881 Christo
1289 1839 1443 1892 Pater,
1464 1839 1637 1891 justam
1661 1840 1889 1880 rationem

250 1921 411 1950 eorum
448 1910 667 1959 reddere,
700 1922 819 1962 quae
847 1922 932 1963 per
966 1912 1149 1952 vicinos
1179 1917 1378 1963 quatuor
1408 1922 1593 1951 menses
1627 1911 1777 1951 nostri
1805 1911 1887 1951 Pa-

250 1987 347 2021 tres
369 1980 596 2022 fecerunt.
621 1981 852 2032 Quoniam
873 1982 1087 2023 detentus
1110 1982 1377 2035 theologiae
1408 1982 1594 2033 studiis,
1629 1982 1795 2034 quibus
1824 1982 1886 2022 in-

251 2053 435 2104 cumbo,
460 2058 504 2093 et
526 2053 664 2093 nimis
687 2053 862 2093 inscius
884 2059 929 2093 et
950 2053 1220 2106 imprudens
1241 2053 1378 2105 hujus
1394 2053 1616 2096 muneris.
1640 2064 1730 2105 quo
1748 2053 1885 2093 modo

246 2124 435 2176 fungor,
459 2125 776 2175 negligentius
798 2125 1022 2165 curabam
1043 2126 1164 2166 scire
1185 2137 1306 2177 quae
1327 2124 1683 2177 diligentissime
1707 2131 1887 2176 oporte-

245 2202 315 2237 ret
354 2208 479 2237 nunc
514 2196 671 2236 scribi.
711 2196 868 2247 Quare
903 2195 1059 2237 danda
1092 2197 1205 2237 mihi
1240 2197 1399 2248 venia,
1432 2197 1470 2237 si
1499 2208 1592 2236 non
1623 2204 1718 2237 tam
1747 2196 1887 2236 rebus

243 2268 416 2318 multis,
436 2267 690 2308 Valentiae
707 2268 967 2308 ministerio
984 2267 1234 2308 Societatis
1252 2267 1492 2320 hucusque
1509 2268 1727 2319 peractis,
1746 2278 1891 2319 quam.

245 2338 541 2379 obedientiae
559 2337 711 2389 jussui
732 2338 1021 2379 satisfecero.

324 2409 657 2450 Confitentium
696 2416 741 2450 et
773 2408 1138 2450 Sacrosanctam
1173 2410 1519 2450 Eucharistiam
1560 2410 1885 2461 recipientium

243 2481 413 2521 crescit
441 2480 488 2520 in
515 2480 615 2520 dies
643 2480 905 2532 multitudo,
937 2481 1053 2521 adeo
1085 2486 1134 2520 ut
1164 2487 1398 2532 cogantur
1427 2480 1637 2521 nonnulli
1673 2479 1730 2519 ad
1767 2480 1884 2520 alias

243 2552 468 2592 ecclesias
494 2563 544 2592 se
574 2551 808 2603 conferre,
841 2563 947 2592 cum
974 2552 1049 2592 hic
1077 2552 1267 2593 videant
1302 2558 1347 2592 et
1382 2562 1606 2603 magnum
1636 2562 1882 2592 numerum

243 2623 588 2664 confessionem
623 2623 998 2675 exspectantium
1034 2630 1079 2663 et
1113 2635 1311 2675 parvam
1347 2623 1533 2675 copiam
1567 2623 1882 2669 sacerdotum,

241 2695 318 2746 qui
358 2701 425 2735 tot
472 2694 717 2735 audiendis
764 2695 880 2735 satis
927 2706 1030 2735 esse
1077 2695 1271 2746 possint.
1323 2694 1622 2735 Glorificetur
1667 2695 1796 2735 Deus
1836 2694 1883 2735 in

245 2766 475 2806 omnibus.

319 2837 550 2889 Tempore
572 2836 894 2888 pomeridiano
916 2836 962 2876 in
982 2836 1263 2877 Sanctorum
1284 2836 1633 2878 celebritatibus
1660 2844 1706 2877 et
1738 2836 1881 2877 domi-

294 2995 304 3015 ¹
346 2996 595 3030 Autographae
611 3004 711 3023 manu
728 2996 832 3031 ipsius
846 2996 985 3029 Joannis
1001 2997 1149 3025 Gamero
1165 2998 1197 3025 in
1214 2997 1293 3024 folio
1308 2997 1432 3032 duplici
1448 3006 1477 3025 n.
1493 2997 1556 3027 223.
