2074 3179
812 170 894 207 AN.
926 169 1017 207 1550
1661 170 1730 207 ⁴235

105 280 208 309 rum
229 268 383 308 fructu
405 267 479 308 hic
502 273 676 319 ageret.
701 266 790 308 Sed
812 279 898 308 nos
920 268 1049 319 digni
1079 279 1171 307 non
1192 279 1352 307 sumus
1381 273 1425 307 et
1446 267 1545 318 ipse
1574 267 1728 307 Domi-

104 350 192 379 nus
222 338 353 378 novit
375 337 483 389 quid
515 337 747 390 expediat.
772 338 905 389 Quod
926 339 965 379 si
996 338 1162 390 aliquis
1190 337 1383 378 Patrum
1404 344 1484 378 aut
1509 337 1730 378 Fratrum

102 408 162 449 ad
184 409 297 449 istas
318 410 530 449 mittatur
549 414 722 460 partes,
746 410 857 450 utile
884 415 1006 449 esset
1027 408 1239 449 conferre
1265 420 1406 449 unam
1434 409 1615 448 Bullam
1641 409 1729 460 pri-

102 480 385 530 vilegiorum
406 478 656 520 Societatis
684 480 729 520 in
758 492 1040 531 parcameno
1069 479 1196 530 (sic),
1224 485 1269 519 et
1289 479 1476 519 tertiam
1504 479 1728 531 approba-

103 551 278 590 tionem
313 549 559 591 Societatis
588 562 693 591 cum
721 551 1003 602 privilegiis,
1026 552 1101 591 vel
1129 550 1167 591 si
1194 550 1433 590 videretur
1461 550 1509 590 P.
1534 550 1593 590 V.
1625 561 1728 590 con-

106 622 291 672 sultum,
315 627 508 673 possent
528 633 610 673 per
629 628 813 673 postam
834 622 1103 663 transmitti.

183 692 362 744 Accepi
383 692 562 733 litteras
582 692 636 733 R.
660 692 814 733 Patris
834 693 1047 744 Polanci,
1078 693 1245 745 quibus
1274 692 1447 732 indicat
1475 704 1568 732 non
1596 703 1730 743 expe-

104 763 203 803 dire
235 770 283 803 ut
313 763 593 815 particulam
629 764 756 804 illam
791 765 846 804 de
882 764 1121 815 Magistris
1151 763 1325 804 nostris
1359 763 1731 803 Lovaniensibus

104 834 273 874 addam
318 840 597 874 testamento
635 833 659 874 ¹.
703 834 948 886 Agnosco,
986 835 1035 876 P.
1073 835 1151 887 R.,
1199 835 1383 886 culpam
1418 845 1570 874 meam
1609 834 1731 885 quod

103 917 157 945 ea
178 906 225 945 in
246 916 296 945 re
317 911 413 945 tam
432 905 600 945 fuerim
630 917 813 957 caecus,
852 913 895 947 et
930 918 1046 957 rogo
1081 906 1130 946 P.
1169 906 1228 946 V.
1265 912 1315 946 ut
1343 905 1456 946 mihi
1485 905 1731 956 ignoscere

104 976 336 1027 dignetur.

181 1046 376 1099 Scripsit
398 1047 520 1088 idem
541 1047 843 1088 Reverendus
864 1048 1003 1089 Pater
1030 1060 1136 1090 cum
1156 1050 1411 1101 penultimo
1438 1058 1576 1103 posta
1603 1058 1667 1103 ut,
1693 1054 1731 1092 si

101 1119 215 1158 mihi
235 1118 389 1159 Visum
416 1125 551 1170 esset,
582 1119 849 1171 expedirem
876 1131 949 1160 me
976 1120 1034 1160 ab
1063 1122 1277 1162 omnibus
1306 1124 1662 1175 temporalibus3
1687 1130 1730 1164 et

101 1190 322 1241 secundO,
346 1190 385 1230 si
408 1190 597 1242 aliquod
626 1191 827 1231 dedisset
848 1191 960 1231 mihi
990 1191 1190 1244 Spiritus
1217 1192 1416 1235 Sanctus
1448 1194 1730 1236 desiderium

101 1260 440 1312 professionem
472 1261 519 1301 in
553 1260 786 1302 Societate
819 1262 1041 1310 faciendi,
1075 1269 1124 1303 ut
1159 1264 1247 1304 hoc
1280 1265 1328 1305 P.
1360 1266 1420 1306 V.
1454 1266 1726 1307 indicarem.

99 1332 223 1372 Ecce
244 1343 347 1383 ego,
372 1331 421 1372 P.
445 1331 546 1373 R.de
573 1332 709 1383 Quod
730 1333 790 1373 ad
809 1334 1011 1385 primum
1038 1334 1217 1386 attinet,
1246 1336 1453 1377 nondum
1484 1339 1728 1379 commode

96 1402 195 1443 fieri
216 1410 384 1455 potest,
410 1410 460 1444 ut
485 1409 615 1456 patet
642 1415 700 1444 ex
727 1404 831 1444 aliis
858 1405 1039 1445 litteris.
1063 1405 1196 1456 Nam,
1226 1418 1299 1446 me
1321 1407 1488 1459 inscio,
1513 1409 1727 1449 sollicita-

96 1480 194 1514 tum
216 1480 285 1514 est
307 1474 354 1514 in
376 1474 506 1515 curia
527 1474 735 1526 Reginae
757 1481 806 1515 ut
834 1486 987 1516 emam
1007 1477 1162 1517 locum
1190 1489 1276 1529 pro
1298 1477 1553 1530 Societate;
1585 1492 1730 1532 quare

98 1546 469 1597 exspectandum
505 1546 593 1586 erit
623 1546 751 1597 mihi,
789 1547 912 1598 quod
944 1553 1101 1588 tamen
1135 1549 1268 1589 brevi
1294 1549 1500 1590 futurum
1531 1551 1727 1601 confidO,

100 1616 248 1657 donec
270 1617 402 1657 curia
421 1617 556 1668 plene
578 1618 885 1658 consenserit.

179 1687 314 1738 Quod
344 1687 403 1727 ad
431 1688 687 1729 secundum
714 1689 893 1740 attinet,
926 1690 985 1730 ad
1011 1690 1100 1731 hoc
1129 1703 1202 1731 me
1230 1691 1476 1743 indignum
1504 1699 1548 1733 et
1587 1694 1731 1734 inido-

95 1770 234 1799 neum
256 1759 362 1809 (εἰς)
383 1759 547 1810 fateor,
565 1760 734 1812 quippe
751 1761 828 1811 qui
843 1772 929 1800 nec
947 1760 1137 1801 minimo
1155 1760 1406 1803 Societatis
1425 1763 1575 1804 officio
1592 1764 1731 1815 digne

94 1830 282 1870 functus
305 1830 408 1870 sim.
430 1830 674 1882 Attamen,
699 1831 739 1871 si
759 1830 949 1872 Domini
970 1832 1016 1872 in
1042 1844 1116 1872 me
1137 1832 1330 1885 indigno
1359 1834 1563 1885 gratiam
1590 1841 1635 1875 et
1657 1836 1730 1876 de-

96 1900 320 1941 siderium
341 1907 562 1953 spectem,
589 1902 727 1942 valde
756 1902 1013 1953 gauderem
1043 1915 1148 1944 eam
1178 1903 1291 1944 mihi
1320 1905 1523 1956 gratiam
1554 1905 1728 1956 offerri,

96 1978 224 2012 certo
246 1972 486 2013 confidens
508 1974 631 2025 quod
652 1974 730 2025 qui
762 1973 982 2025 dignatus
1004 1980 1074 2015 est
1105 1975 1218 2015 dare
1246 1975 1528 2028 desiderare,
1563 1970 1731 2029 quique

96 2043 317 2094 dignatur
340 2056 514 2085 vocare
535 2051 579 2085 et
600 2044 779 2095 offerre,
803 2045 930 2085 dabit
951 2057 1134 2098 quoque
1156 2047 1294 2098 longe
1323 2047 1521 2098 amplius
1550 2053 1594 2087 et
1623 2048 1730 2088 libe-

94 2114 240 2155 ralius
262 2114 533 2166 adimplere.
556 2116 888 2156 Existimarem
906 2117 1047 2157 etiam
1063 2117 1253 2168 insuper
1274 2129 1358 2169 pro
1375 2117 1464 2158 Dei
1486 2118 1663 2159 honore
1686 2125 1731 2159 et

96 2186 348 2225 multorum
370 2186 518 2226 salute
538 2186 638 2226 fore
659 2187 783 2238 quod
803 2187 879 2227 hic
900 2187 1101 2228 Lovanii
1122 2188 1293 2240 aliquis
1310 2189 1493 2240 publice
1511 2190 1595 2229 sub
1613 2189 1730 2230 Can-

96 2256 301 2306 cellario,
336 2257 487 2297 amico
518 2263 694 2308 nostro,
727 2258 805 2309 qui
832 2258 974 2298 etiam
1001 2271 1028 2299 a
1056 2259 1242 2310 magnis
1268 2266 1468 2300 vocatur
1495 2261 1570 2301 hic
1597 2267 1731 2313 pater

95 2326 396 2379 Jesuitarum,
426 2328 657 2368 emitteret
678 2328 1017 2381 professionem
1043 2330 1090 2370 in
1117 2329 1365 2371 Societate.
1401 2330 1492 2371 Sed
1519 2332 1607 2372 hoc
1634 2331 1727 2372 for-

96 2398 237 2438 tassis
265 2410 419 2439 meum
445 2404 515 2439 est
546 2399 800 2440 humanum
824 2400 1064 2452 judicium.
1095 2400 1295 2442 Proinde
1325 2402 1527 2442 Domino
1558 2402 1658 2443 Deo
1680 2410 1725 2443 et

98 2466 147 2508 P.
173 2468 232 2508 V.
256 2469 410 2509 omnia
432 2470 671 2511 committo
694 2470 721 2511 ³.

150 2539 234 2579 His
254 2541 360 2580 vale
377 2540 423 2580 in
438 2539 640 2582 Domino
656 2542 781 2595 Jesu,
802 2542 835 2582 Ρ
870 2542 971 2583 R.de
988 2576 994 2594 ,
1015 2549 1059 2584 et
1079 2555 1164 2584 nos
1180 2544 1230 2584 P.
1249 2543 1308 2584 V.
1328 2545 1625 2596 omniumque
1644 2544 1725 2585 Pa-

150 2792 162 2813 ¹
200 2793 355 2827 Lovanii‚
372 2795 426 2829 qui
441 2794 599 2823 Doctoris
623 2795 656 2823 in
681 2795 854 2830 theologia
869 2797 1023 2824 lauream
1046 2800 1145 2824 erant
1167 2797 1332 2831 assecuti,
1362 2796 1532 2830 Magistri
1545 2798 1659 2825 nosm·
1673 2805 1730 2832 ap-

114 2841 341 2874 pellabantur.
355 2841 451 2869 Unde
465 2842 556 2870 dubii
578 2842 757 2870 haeremus
781 2851 824 2871 an
847 2844 886 2871 de
909 2844 950 2871 iis
973 2843 1147 2878 Magistris
1167 2844 1293 2872 nostris
1306 2852 1417 2872 sermo
1434 2844 1487 2872 hic
1503 2844 1573 2879 fiat,
1589 2853 1633 2873 an
1647 2853 1730 2873 vero

97 2887 137 2914 de
153 2888 287 2923 nostris,
303 2896 360 2922 sc..
378 2888 561 2917 Societatis
576 2890 805 2925 scholasticis,
823 2898 964 2925 quorum
984 2892 1227 2919 sustentationi
1250 2891 1318 2919 suis
1333 2892 1429 2919 bonis
1444 2893 1620 2920 consulere
1636 2896 1726 2920 sata·

96 2936 198 2968 gebat
220 2936 402 2970 Adrianus,
419 2937 540 2971 quique
558 2937 663 2965 etiam
677 2938 809 2966 nomine
825 2938 996 2972 Alagistri
1009 2939 1290 2973 designabantur.

150 2982 164 3001 Ξ
204 2982 386 3011 Consilium
402 2984 465 3012 hoc
480 2985 641 3019 probavit
657 2985 820 3020 Ignatius,
836 2990 872 3013 ut
889 2986 1004 3014 videre
1021 2990 1072 3014 est
1088 2987 1120 3015 in
1135 2987 1302 3021 POLANCO,
1320 2985 1532 3021 ORLANDINO,
1547 2991 1611 3015 etc.
