2074 3179
818 139 901 176 Ax.
939 138 1029 175 1550
1668 134 1740 170 215

832 589 1024 643 LXIV

182 805 363 842 Fratres
383 803 615 841 Societatis
631 803 738 849 Jesu
757 801 942 838 Lovanii

234 869 356 906 Patri
374 869 543 915 Ignatio
563 867 615 905 de
634 867 816 915 Loyola.

277 934 490 980 Lovanio,
514 933 558 970 13
575 932 767 980 Augusti
790 931 880 968 1550
899 931 923 967 ¹.

884 1066 981 1142 iiis

193 1232 246 1272 R.
271 1232 389 1272 Dne.
414 1232 708 1283 praeposite:

194 1304 358 1344 Gratia
379 1303 566 1343 Domini
588 1303 748 1343 Nostri
767 1302 878 1355 Jesu
898 1301 972 1342 X.i
1002 1302 1060 1341 sit
1081 1311 1265 1352 semper
1287 1311 1392 1339 cum
1413 1298 1462 1339 P.
1486 1298 1545 1338 V.

192 1374 291 1414 Rde
313 1375 360 1414 in
379 1374 464 1414 X.⁰
484 1374 643 1414 Pater:
668 1373 957 1425 Quandoque
978 1377 1142 1413 sancta
1172 1370 1434 1411 obedientia
1457 1370 1516 1410 ad
1546 1369 1633 1408 hoc
1660 1379 1751 1408 nos

114 1446 372 1498 compellit,
397 1445 651 1497 spiritualis
678 1456 860 1496 quoque
887 1444 1068 1484 fructus
1099 1454 1191 1482 non
1218 1442 1372 1482 minus
1401 1441 1574 1481 alliciat
1595 1445 1644 1480 ut
1675 1451 1748 1489 ea,

115 1530 234 1570 quae
254 1529 336 1569 per
356 1529 442 1557 nos
467 1517 684 1567 indignos
714 1515 943 1556 Dominus
974 1525 1169 1566 operare
1198 1512 1433 1563 dignatur,
1466 1511 1514 1551 P.
1539 1511 1598 1551 V.
1623 1516 1750 1550 tran·

116 1589 395 1639 scribantur,
418 1588 527 1628 hinc
548 1587 597 1628 fit
616 1593 666 1628 ut
685 1586 896 1637 liberius,
928 1597 1046 1637 quae
1069 1588 1342 1634 occurrunt,
1374 1582 1645 1634 simpliciter
1674 1593 1751 1621 ex-

117 1660 358 1712 plicemus.

198 1731 254 1771 Et
276 1730 461 1782 quidem
481 1729 531 1770 P.
554 1729 792 1770 Adrianus
813 1740 930 1779 pene
952 1728 1078 1767 solus
1099 1726 1174 1767 hic
1195 1726 1242 1766 in
1262 1726 1402 1765 vinea
1421 1723 1612 1764 Domini
1628 1723 1753 1763 labo·

119 1808 211 1851 rat;
236 1802 401 1853 reliqui
420 1813 534 1841 vero
555 1800 720 1841 studiis
740 1799 1028 1840 incumbunt.
1051 1798 1123 1838 De
1143 1797 1245 1848 ipso
1269 1795 1499 1848 quaedam
1529 1794 1750 1834 referam.

200 1873 409 1923 Contigit
435 1878 484 1912 ut
511 1871 620 1912 dum
646 1871 876 1912 Dominus
904 1869 1148 1910 Cornelius
1183 1867 1361 1908 Crocus
1388 1866 1538 1918 primo
1567 1865 1755 1905 adesset

119 1944 247 1984 Patri
268 1943 479 1984 Adriano
501 1942 750 1983 confitendi
771 1941 948 1992 gratia,
974 1938 1206 1992 quomodo
1234 1950 1284 1978 se
1311 1937 1535 1978 Societati
1563 1942 1754 1976 nostrae

121 2014 395 2066 adjungeret
415 2014 491 2054 &e
509 2046 516 2063 ,
539 2014 679 2053 Pater
700 2012 852 2052 dictus
873 2018 982 2051 tunc
1005 2017 1049 2050 et
1070 2009 1367 2061 postmodum
1388 2007 1532 2048 doluit
1555 2019 1608 2047 eo
1631 2006 1757 2058 quod

121 2098 215 2126 non
249 2085 564 2126 amoeniorem
590 2085 792 2130 vultum,
822 2081 1162 2123 exhortationis
1196 2079 1620 2130 inflamationisque
1655 2088 1754 2117 ver-

121 2158 230 2197 bum
252 2157 428 2196 nullum
456 2156 605 2196 eidem
634 2155 821 2195 fecisset
848 2153 1248 2203 exhibuissetque3
1281 2161 1477 2202 cumque
1498 2149 1621 2189 idem
1647 2148 1759 2188 Cro·

124 2240 208 2268 cus
226 2227 399 2268 rediret
420 2227 682 2267 Lovanium
703 2238 756 2266 eo
785 2225 939 2265 animo
964 2230 1012 2264 ut
1042 2235 1091 2263 se
1118 2221 1340 2263 Societati
1364 2220 1640 2272 adjungeret
1668 2219 1757 2259 Ro-

124 2310 339 2350 mamque
374 2304 611 2350 pergeret,
649 2296 825 2336 dictum
858 2295 941 2335 fuit
972 2295 1012 2335 ei
1040 2306 1067 2334 a
1101 2293 1305 2346 quodam
1338 2292 1456 2345 juris
1492 2291 1761 2331 Licentiato

125 2370 247 2423 quod
269 2369 515 2410 amabilem
535 2368 765 2408 inveniret
793 2366 1096 2417 Societatem;
1129 2364 1369 2416 respondit
1394 2363 1594 2404 Crocus:
1626 2362 1759 2411 satis,

125 2441 297 2493 inquit,
321 2452 467 2491 nuper
490 2439 810 2489 conside1·avi;
833 2437 998 2478 videns
1020 2437 1142 2477 enim
1176 2436 1346 2476 faciem
1372 2435 1508 2486 Mgri.
1540 2433 1760 2483 Adriani,

125 2512 320 2552 videbar
341 2511 456 2551 mihi
475 2510 645 2550 faciem
667 2509 822 2561 angeli
842 2509 1018 2549 videre.

204 2582 424 2623 Similiter
454 2581 624 2621 accidit
651 2580 793 2632 quod,
823 2580 1066 2629 videlicet,
1095 2577 1285 2629 quidam
1314 2589 1409 2617 non
1436 2576 1640 2616 ferentes
1671 2575 1761 2615 fre·

126 2660 343 2706 quentem
365 2652 706 2693 consessionem
727 2657 771 2691 et
793 2651 1187 2700 communionem,
1217 2654 1517 2689 accesserunt
1544 2653 1762 2687 nostrum

125 2725 237 2765 Divi
258 2725 502 2765 Michaelis
521 2723 744 2774 templum
770 2734 824 2763 eo
853 2722 1007 2762 animo
1034 2727 1084 2761 ut
1112 2720 1438 2772 conspicerent
1468 2717 1590 2759 unde
1622 2717 1760 2758 confi-

183 2861 193 2880 ¹
236 2861 322 2888 Tota
347 2860 491 2894 epistola
515 2858 644 2892 scripta
665 2862 716 2885 est
740 2865 838 2885 manu
860 2857 965 2891 ipsius
986 2855 1100 2884 Patris
1121 2855 1264 2883 Adriani
1281 2855 1539 2883 AdriaenssenS.
1556 2854 1588 2880 in
1605 2854 1684 2880 folio
1701 2853 1762 2880 du-

129 2908 220 2942 plici,
237 2917 267 2936 n.
282 2908 333 2935 102
346 2911 380 2935 et
396 2907 455 2934 103.
473 2906 510 2934 In
527 2913 566 2933 ea
581 2909 696 2933 autem
710 2906 808 2940 plura
822 2905 962 2940 repetit,
986 2911 1071 2938 quae
1087 2904 1119 2931 in
1134 2903 1371 2938 praecedenti,
1393 2901 1469 2936 Julii
1492 2902 1509 2927 S
1529 2902 1627 2935 data,
1644 2907 1767 2928 narra-

129 2959 240 2983 verat.
