2074 3179
842 140 923 177 AN.
955 139 1047 176 1552
1692 138 1774 176 685-

129 250 204 279 ses
225 243 459 290 ageretur,
479 249 587 277 ecce
608 243 763 277 tantus
780 236 1201 288 depromendorum
1218 235 1345 275 Patri
1362 235 1571 275 Adriano
1593 236 1762 306 mentis

130 320 415 349 arcanorum
438 309 613 348 invasit
640 308 838 359 impetus
864 313 913 347 ut
938 308 1087 347 bonus
1113 305 1342 346 Dominus
1376 307 1642 356 eripiendus
1675 308 1761 346 sibi

129 380 359 430 videatur,
383 380 473 419 nisi
495 380 595 419 voti
616 390 808 431 compos
837 379 1074 419 reddatur.
1105 377 1415 429 Quapropter,
1447 377 1520 416 cui
1551 378 1761 417 convivit

129 450 391 490 Licentiato
410 448 527 500 juris
548 450 593 490 in
615 449 913 490 Hollandiam
932 448 1170 501 profectus
1192 454 1279 498 est,
1303 460 1401 489 rem
1423 454 1589 495 totam,
1613 455 1662 488 ut
1685 460 1760 499 ge-

130 521 261 571 ritur,
285 526 614 571 enarraturus,
638 521 720 560 sed
740 520 945 560 nondum
966 531 1198 560 reversus.
1228 519 1396 559 Annue
1423 519 1630 570 possidet
1662 519 1764 559 1200

129 593 327 641 carolos,
348 593 595 643 praeclara
616 591 759 643 stirpe
780 598 923 642 satus;
943 591 1065 631 unde
1085 602 1143 630 ne
1158 590 1346 630 fallatur
1363 590 1593 630 Dominus
1608 590 1760 643 Jesus,

128 663 286 703 multis
306 663 523 714 precibus
543 663 908 714 interpellandus
928 668 1010 703 est.
1035 661 1126 702 Sed
1146 662 1262 702 haec
1285 662 1448 702 obiter.

207 734 370 784 Filias,
406 745 512 774 cum
543 734 632 774 alio
662 745 777 774 sexu
810 733 1120 773 sanctimonia
1155 738 1410 783 certanteS,
1439 744 1533 772 non
1566 744 1761 784 prorsus

129 805 307 844 tacebo.
333 804 422 845 Sed
444 811 549 856 post
568 805 825 845 maximum
846 815 1006 844 earum
1027 815 1286 855 numerum,
1311 804 1399 844 hoc
1422 804 1540 844 sciat
1560 804 1613 843 R.
1637 803 1686 843 P.
1706 803 1759 843 T.

128 876 380 926 quamdam
400 875 587 916 Patrem
609 887 770 915 orasse
791 882 835 916 et
865 875 1053 915 tandem
1078 875 1295 927 precibus
1323 887 1545 915 exorasse
1568 881 1616 915 ut
1637 875 1763 915 nuda

128 947 293 997 pedes,
327 953 513 986 caetera
544 948 671 987 lauto
703 953 825 987 tecta
851 958 1028 998 panno,
1058 958 1179 998 pane
1209 958 1315 987 cum
1343 957 1462 997 aqua
1493 946 1760 995 reficienda,

127 1023 285 1068 posset
320 1017 647 1058 Beatissimam
673 1017 761 1058 Dei
788 1017 986 1058 Matrem
1014 1018 1237 1068 invisere,
1269 1017 1392 1068 quod
1419 1023 1464 1058 et
1491 1017 1579 1057 Dei
1606 1017 1761 1068 gratia

128 1087 323 1128 feliciter
363 1088 516 1128 cessit.
554 1088 689 1129 Adde
725 1089 865 1128 aliam
898 1089 1131 1140 Virginem
1171 1089 1503 1140 copiosissimis
1544 1088 1760 1128 fortunae

128 1159 479 1209 blandimentis,
514 1160 680 1210 quibus
708 1159 937 1210 abundat,
972 1159 1198 1199 hactenus
1227 1159 1512 1210 deliciatam,
1543 1171 1672 1199 more
1702 1159 1761 1199 ab

128 1230 304 1281 aliquot
324 1230 563 1269 mensibus
580 1236 785 1280 servato,
804 1229 992 1270 Patrem
1009 1230 1329 1270 confessuram
1346 1231 1618 1281 accessisse,
1637 1230 1761 1270 dein-

128 1301 183 1340 de
205 1311 401 1351 rogasse
424 1300 702 1352 quibusnam
723 1301 883 1341 tutiori
905 1300 1191 1341 conscientia
1213 1301 1373 1341 usibus
1389 1301 1615 1352 pristinae
1630 1301 1759 1341 vani-

127 1371 236 1411 tatis
254 1371 472 1422 phaleras
493 1371 770 1423 applicaret,
795 1383 855 1411 an
876 1372 1094 1422 vendere,
1119 1384 1179 1411 an
1201 1372 1325 1411 aliud
1356 1373 1510 1423 potius
1539 1372 1760 1423 expedire

130 1442 355 1482 videatur.
370 1441 644 1493 ‘Respondit
665 1442 803 1482 Pater
824 1441 1062 1483 Adrianus
1083 1442 1171 1482 Dei
1192 1443 1341 1483 amori
1366 1442 1374 1461 ¹
1406 1443 1757 1483 distractionem

123 1514 249 1553 illam
271 1525 366 1553 non
386 1513 502 1553 satis
522 1514 819 1564 respondere.
844 1513 891 1554 Si
913 1514 1050 1564 enim,
1074 1514 1237 1566 inquit,
1262 1513 1413 1554 Deum
1435 1515 1636 1566 quaeris,
1664 1520 1761 1554 tam

122 1585 334 1635 graviter
353 1584 474 1624 feres
495 1585 647 1636 ipsum
669 1585 726 1624 ab
757 1585 860 1624 aliis
888 1596 1028 1636 quam
1056 1597 1083 1625 a
1111 1585 1356 1636 temetipsa
1385 1568 1570 1625 offendi.
1605 1584 1759 1636 Quare

124 1656 289 1696 melius
324 1655 515 1706 feceris,
554 1656 592 1695 si
627 1655 837 1696 ecclesiis
871 1667 953 1696 seu
986 1656 1283 1696 monasteriis
1323 1656 1630 1696 dedicaveris.
1668 1655 1759 1697 Sed

124 1727 246 1766 bona
273 1726 366 1766 filia
392 1738 487 1766 non
514 1726 744 1767 dubitavit
771 1727 1000 1778 replicare
1030 1727 1277 1778 religiosos
1304 1733 1385 1767 aut
1415 1728 1761 1768 ecclesiasticos

124 1797 244 1837 forte
273 1798 572 1848 vendituros,
603 1809 657 1837 ac
690 1798 755 1838 ita
790 1798 1003 1838 similiter
1032 1797 1238 1838 offensae
1268 1798 1470 1838 Divinae
1497 1797 1758 1850 Majestatis

126 1868 370 1908 materiam
396 1869 487 1908 hoc
515 1867 650 1908 modo
679 1869 1090 1920 suppeditandam‚
1115 1881 1207 1908 non
1242 1880 1377 1909 secus
1411 1881 1551 1921 quam
1586 1869 1623 1909 si
1659 1869 1758 1921 ipsa

126 1939 414 1979 divenderet.
439 1939 558 1979 Huic
580 1940 798 1990 scrupulo
820 1939 1044 1980 satisfecit
1065 1939 1203 1979 Pater
1225 1940 1508 1980 concludens
1531 1941 1759 1980 tutissime

127 2016 337 2050 acturam
362 2010 632 2061 elargiendo
654 2009 880 2050 aedilibus
896 2009 909 2028 ‘·'
932 2022 986 2049 ea
1007 2010 1272 2050 conditione
1293 2015 1342 2050 ut
1362 2018 1633 2051 sanctorum
1650 2011 1758 2051 ima-

126 2081 313 2131 ginibus
335 2086 627 2132 coaptentur,
653 2080 823 2131 alioqui
843 2092 1153 2132 nequaquam.
1183 2080 1305 2121 Huic
1333 2082 1472 2132 paulo
1502 2088 1609 2121 ante
1638 2082 1767 2121 simi-⁷

126 2152 182 2191 lis
202 2151 288 2191 fuit
311 2151 577 2201 domicella,
608 2150 690 2190 sed
720 2157 888 2202 nupta,
919 2151 977 2191 ob
1003 2151 1140 2202 idque
1168 2152 1323 2191 mariti
1352 2153 1533 2192 ratione
1562 2153 1762 2193 sollicita

128 2223 486 2274 aliquantulum,
512 2221 567 2261 de
589 2233 679 2273 qua
701 2221 823 2261 idem
843 2233 1035 2273 prorsus
1052 2221 1222 2273 judica.
1247 2223 1456 2274 Utraque
1479 2230 1657 2275 autem,
1682 2236 1759 2264 au-·

127 2293 222 2333 dito
244 2293 406 2332 ultimo
428 2292 581 2332 Patris
603 2292 811 2343 consilio,
830 2293 953 2333 laeta
974 2304 1157 2333 necnon
1179 2305 1343 2334 secura
1366 2295 1558 2334 recessit
1580 2295 1760 2335 humili-

127 2370 199 2403 ter
220 2363 476 2403 obeditura.

207 2434 282 2474 Ad
302 2435 491 2474 Patrem
512 2434 671 2485 venio,
696 2434 774 2486 qui
794 2433 855 2474 3.0
879 2434 1100 2474 calendas
1119 2435 1282 2488 Junias
1304 2442 1432 2475 certo
1461 2436 1650 2487 spiritus
1678 2436 1759 2476 im-

127 2507 262 2557 pulsu
291 2505 633 2556 professionem
666 2504 1007 2556 redintegravit
1043 2516 1096 2545 ac
1132 2506 1259 2545 velut
1292 2506 1541 2546 renovavit
1577 2507 1757 2557 eodem,

127 2588 219 2628 quo
246 2575 477 2627 superiori
515 2587 637 2615 anno
664 2575 789 2626 loco,
818 2586 1043 2626 magnum
1070 2575 1181 2616 illud
1215 2576 1315 2616 Deo
1345 2577 1625 2617 sacrificium
1653 2577 1759 2617 offe-

129 2659 251 2687 rens.
284 2646 448 2686 Altare
475 2645 723 2697 magnifice
754 2651 990 2709 ornatum,
1021 2646 1290 2686 indumenta
1317 2648 1627 2688 sacerdotalia
1657 2660 1765 2700 pre›

128 2718 262 2768 tiosa,
282 2728 455 2768 magna
476 2717 658 2768 piorum
679 2717 916 2756 hominum
937 2717 1088 2768 copia,
1108 2718 1273 2757 concio
1295 2719 1572 2769 purissimae
1589 2720 1766 2759 verita—

185 2904 193 2923 ¹
236 2903 301 2930 Ubi
317 2902 444 2930 habent
461 2903 696 2937 autographae
712 2902 780 2930 Dei
794 2903 926 2936 amori,
940 2906 991 2930 est
1006 2903 1038 2931 in
1052 2904 1260 2938 apographis
1275 2911 1356 2932 vero
1373 2904 1439 2932 Dci
1453 2906 1585 2934 timori.

185 2950 198 2969 ἓ
241 2950 295 2978 Sic
313 2954 492 2984 utrumque
508 2951 693 2984 exemplem
709 2950 853 2977 sortasse
869 2951 995 2978 rectius
1010 2951 1199 2979 aeditibus.
