2074 3179
253 138 325 176 282
769 140 999 177 LITTERAE
1025 152 1384 184 QUADmMESTREs

254 235 427 276 cthone
457 234 466 254 ¹
495 236 691 288 aliisque
727 242 883 277 sectae
918 238 1159 288 magistris
1194 239 1436 280 conferre:
1480 241 1582 291 plus
1622 241 1891 283 effecturam

254 307 378 358 apud
400 307 503 348 illos
525 308 756 347 eruditam
778 307 1058 348 modestiam
1078 314 1124 349 et
1144 308 1407 350 modestam
1424 311 1729 352 eruditionem
1748 313 1889 363 illam,

254 390 346 429 qua
369 378 457 430 ipsi
477 379 571 418 iam
591 378 788 418 fuissent
817 377 984 430 adjuti,
1016 391 1157 430 quam
1186 381 1495 431 profecissent
1524 394 1659 423 acres
1693 384 1892 424 aliorum

254 449 613 500 disputationes.

331 520 490 571 Neque
527 504 811 560 abhorrebat
846 519 1000 561 Patris
1035 521 1218 561 animus
1241 522 1298 562 ab
1329 533 1385 562 ea
1413 523 1699 574 profectione
1728 526 1774 565 in
1809 525 1891 566 Sa-

251 592 463 639 xoniam,
488 591 578 631 nisi
599 591 723 642 quod
745 591 937 642 optabat
959 591 1151 643 adjungi
1171 593 1258 633 sibi
1279 592 1333 633 R.
1357 592 1405 633 Ρ.
1429 594 1657 646 Jacobum
1685 596 1889 648 Laynez,

251 663 382 715 cujus
418 663 560 703 etiam
593 662 932 713 praesentiam,
957 663 997 703 si
1026 663 1257 704 Dominus
1280 671 1634 716 cooperaretur.
1666 667 1724 706 ad
1754 669 1890 707 emol-

250 734 453 774 liendam
473 734 823 774 haereticorum
845 734 1063 775 duritiem
1085 735 1171 775 sibi
1193 742 1238 775 et
1254 735 1496 776 Ecclesiae
1512 736 1735 787 prodesse
1753 750 1893 789 posse

247 818 341 846 non
363 806 611 846 dubitaret.

328 877 468 917 Faxit
490 876 773 917 clementiss.
797 876 948 927 Deus,
972 882 1022 916 ut
1051 877 1111 916 ad
1137 876 1394 918 Saxoniam
1422 890 1628 929 quoque,
1659 880 1735 919 ubi
1764 881 1891 920 velut

248 949 433 988 sentina
454 949 805 989 haereticorum
832 954 921 999 est,
951 947 1165 989 Societas
1191 956 1353 989 nostra
1387 956 1620 1001 penetret,
1651 952 1894 1003 lucemque

250 1019 423 1060 inferre
458 1020 664 1071 aliquam
698 1020 846 1071 possit
881 1020 1149 1060 sedentibus
1185 1021 1233 1060 in
1266 1021 1458 1071 regione
1492 1021 1685 1062 umbrae
1713 1023 1888 1063 mortis.

248 1089 383 1131 Nunc
404 1091 744 1143 profectionem
766 1092 893 1131 illam
913 1092 1260 1143 praepeditam,
1292 1098 1371 1132 aut
1400 1093 1555 1144 potius
1578 1093 1769 1133 dilatam
1797 1106 1892 1134 cer-

247 1163 421 1214 nimus,
447 1163 570 1214 quod
592 1163 651 1203 ad
674 1163 925 1213 collegium
951 1162 1222 1203 Viennense
1250 1162 1389 1203 Pater
1417 1164 1475 1203 sit
1508 1163 1791 1213 destinatus,
1825 1164 1891 1216 ju-

247 1234 384 1273 bente
418 1234 487 1274 sic
520 1233 745 1274 Pontifice
778 1233 987 1274 Maximo
1022 1239 1066 1274 et
1100 1234 1366 1286 postulante
1401 1234 1722 1275 Romanorum
1761 1236 1890 1287 Rege

247 1303 572 1346 Serenissimo.
612 1305 786 1357 Estque
820 1305 910 1345 hoc
937 1306 1140 1357 primum
1172 1306 1219 1346 in
1249 1305 1503 1346 Germania
1531 1307 1782 1358 collegium
1811 1306 1891 1348 So·

248 1376 446 1427 cietatis‚
471 1377 530 1417 ad
553 1377 677 1428 quod
699 1376 832 1417 multi
853 1388 877 1417 e
898 1377 1072 1417 nostris
1093 1383 1173 1417 aut
1190 1375 1286 1428 jam
1306 1384 1637 1429 pervenerunt,
1660 1385 1738 1418 aut
1755 1379 1888 1418 brevi

247 1448 501 1488 admodum
535 1448 809 1500 perventuri
836 1454 964 1499 sunt,
1001 1447 1188 1488 Christo
1217 1448 1355 1495 duce,
1387 1460 1502 1500 quos
1531 1455 1628 1489 tum
1660 1462 1683 1489 0
1713 1449 1887 1500 Sicilia,

247 1526 344 1560 tum
365 1532 423 1561 ex
445 1520 578 1560 Italia
599 1520 768 1560 missos
789 1520 1070 1560 audivimus.

324 1591 495 1632 Mirum
521 1603 636 1632 vero
665 1591 793 1632 dictu
818 1598 994 1643 quanto
1025 1603 1133 1631 cum
1165 1603 1378 1632 moerore
1414 1592 1633 1633 dimissus
1661 1593 1718 1632 sit
1748 1592 1887 1633 Pater

248 1675 274 1703 a
299 1662 414 1703 R.m0
441 1669 486 1704 et
514 1663 640 1703 111.ῐΠΟ
670 1662 920 1703 Cardinale
954 1662 1250 1714 Augustano,
1275 1663 1352 1715 qui
1373 1664 1620 1704 abeuntem
1647 1665 1706 1704 ad
1727 1664 1887 1705 navim

244 1746 413 1787 usque,
444 1747 538 1775 non
568 1735 669 1775 sine
696 1735 955 1786 lachrymis
982 1740 1094 1786 puto
1118 1734 1146 1785 ²,
1177 1741 1245 1775 est
1274 1741 1572 1786 prosecutus,
1604 1736 1773 1787 quique
1804 1747 1887 1787 per

244 1806 639 1858 quadragesimae
674 1811 858 1858 tempus
893 1806 939 1846 in
970 1806 1289 1858 spiritualibus
1320 1807 1557 1847 exercitiis
1592 1808 1766 1847 nostris
1801 1808 1887 1847 sub

241 1877 407 1918 eodem
428 1877 567 1918 Patre
586 1889 680 1918 non
701 1889 869 1929 parum
889 1877 1108 1929 profecit,
1133 1877 1374 1929 digressus
1402 1877 1578 1918 idcirco
1607 1891 1664 1918 ex
1696 1879 1883 1929 Episco-

240 1955 353 2000 patu
392 1961 477 1990 suo
514 1949 561 1989 in
596 1945 934 1990 monasterium
969 1949 1226 2000 quoddam,
1270 1949 1367 1999 ubi,
1412 1955 1618 1989 semotus
1656 1951 1712 1989 ab
1750 1951 1886 1990 aulae

240 2021 454 2079 strepitu,
479 2021 535 2061 de
557 2021 697 2061 rebus
724 2020 813 2072 piis
831 2019 1123 2060 commodius
1152 2020 1472 2061 meditaretur.
1496 2021 1616 2061 Nam
1646 2028 1690 2061 et
1712 2021 1801 2061 hac
1828 2021 1885 2062 de

239 2103 384 2132 causa
405 2091 585 2143 Regem
607 2092 846 2142 exoravit,
871 2097 920 2133 ut
941 2091 1095 2132 Patris
1118 2104 1262 2143 opera
1283 2092 1360 2132 illo
1383 2098 1593 2160 ternpore
1615 2100 1774 2144 posset
1800 2093 1882 2141 uti,

239 2163 633 2215 quemadmodum
668 2175 809 2215 saepe
843 2169 984 2203 antea
1019 2163 1325 2203 desiderarat.
1364 2162 1457 2203 Sed
1490 2169 1535 2203 et
1570 2162 1886 2215 Cappellanus

239 2226 344 2274 ΚΜ
371 2246 455 2275 5110
476 2234 632 2275 fructu
653 2247 748 2275 non
770 2240 839 2275 est
860 2234 1177 2285 defraudatus,
1210 2234 1417 2286 acceptis
1443 2234 1765 2275 hebdomadae
1792 2236 1882 2287 pri-

239 2317 344 2346 mae
360 2307 613 2356 exercitiis,
634 2317 753 2357 quae
771 2306 947 2346 ducunt
966 2305 1104 2346 facile
1121 2304 1135 2323 ³
1154 2306 1212 2346 ad
1232 2306 1503 2356 generalem
1521 2306 1879 2346 confessionem.

319 2376 494 2417 Omitto
518 2377 820 2429 multiplicem
840 2376 1059 2428 fructum,
1084 2388 1222 2429 quem
1248 2377 1338 2417 hoc
1359 2383 1457 2417 toto
1489 2378 1729 2429 superiore
1758 2389 1882 2417 anno

239 2448 487 2488 collectum
523 2448 755 2489 Dominus
783 2448 932 2488 voluit
959 2448 1006 2488 in
1038 2449 1145 2488 aula
1173 2448 1284 2489 dicti
1315 2448 1599 2500 Cardinalis,
1631 2449 1741 2489 dum
1769 2449 1808 2489 is
1837 2455 1893 2489 et*

236 2530 340 2559 sese
362 2524 406 2559 et
427 2520 563 2560 aulae
587 2519 883 2571 disciplinam
903 2531 1050 2571 usque
1072 2519 1130 2560 ad
1151 2520 1403 2560 multorum
1425 2520 1783 2560 admirationem
1813 2532 1878 2560 re-

235 2589 422 2642 format,
445 2603 542 2631 non
565 2602 701 2631 secus
723 2591 997 2641 observans,
1022 2602 1163 2643 quam
1183 2591 1223 2631 51
1243 2597 1377 2643 pater
1396 2597 1769 2643 praeceptorque
1786 2592 1876 2642 ipsi

235 2660 422 2713 fuisset,
448 2661 639 2703 Patrem
661 2662 921 2703 Claudium.
946 2662 989 2703 Is
1011 2662 1266 2713 Viennam,
1290 2663 1357 2703 uti
1378 2674 1624 2714 speramus
1645 2662 1691 2702 in
1720 2662 1876 2702 Domi-

235 2744 310 2783 no,
330 2731 428 2784 jam
448 2734 718 2786 pervenerit
739 2746 832 2774 una
854 2746 960 2774 cum
982 2734 1261 2775 charissimo
1280 2734 1426 2775 fratre
1447 2733 1508 2774 M.
1532 2733 1670 2775 Petro
1693 2733 1877 2774 Schori-

294 2869 301 2888 ¹
343 2868 478 2904 scripto
494 2871 587 2905 prius
605 2870 851 2899 stlelanchtone
866 2874 900 2898 et
915 2870 1044 2904 deleto,
1061 2870 1197 2905 scripsit
1219 2870 1290 2905 ipse
1306 2870 1462 2916 (Janisius
1477 2870 1732 2898 Melanctlwne.

290 2917 305 2937 ²
342 2916 428 2944 Huic
444 2920 628 2951 vocabulo,
646 2919 741 2954 quasi
757 2919 915 2952 delendo,
931 2918 1056 2946 lineam
1072 2919 1248 2953 supposuit
1262 2918 1429 2946 Canisius.

288 2964 302 2984 5
340 2964 456 2993 Etiam
472 2967 617 2994 verbum
632 2967 706 3001 hoc,
723 2971 758 2994 ut
775 2967 962 2996 delendum.
976 2967 1065 2993 linea
1079 2967 1197 2994 subter
1212 2967 1313 2994 ducta
1329 2966 1481 3000 signavit
1497 2965 1663 2993 Canisius.
