2074 3179
275 125 344 160 510
792 123 1019 160 LITTERAE
1046 134 1405 166 QUADRIMESTRES

276 220 385 260 stris
408 227 561 260 exstat
580 226 623 260 et
646 220 872 260 claritate.
898 219 990 259 Res
1017 226 1085 260 est
1108 220 1361 260 difficillima
1383 220 1507 260 dictu
1536 220 1583 260 in
1610 226 1808 272 quantas
1830 233 1911 260 nor

275 298 399 331 strae
434 290 683 332 Societatis
718 290 929 340 laudum,
963 291 1073 331 dum
1108 291 1374 343 frequentes
1409 291 1603 331 haberet
1642 292 1907 338 conciones,

275 363 482 414 eruperit
502 374 666 412 voces,
696 374 750 401 eo
780 362 901 401 enim
930 363 1166 413 pervenit,
1201 374 1306 402 cum
1336 363 1598 402 uberrimus
1629 368 1673 402 et
1700 362 1825 413 frugi
1856 363 1913 402 de

275 435 488 474 oratione
523 434 715 473 haberet
743 445 1030 483 sermonem,
1059 440 1107 473 ut
1139 434 1196 473 ad
1232 434 1412 473 coelum
1447 445 1593 485 usque
1629 433 1911 474 Societatem

274 511 483 545 nostram
512 505 720 544 elaturus
746 504 999 553 videretur,
1031 505 1200 556 quippe
1227 504 1304 556 qui
1331 511 1427 545 toto
1456 505 1688 544 clamabat
1720 510 1912 556 pectore

274 576 522 627 quemdam
556 575 758 616 existere
787 576 1096 627 apostolicum
1122 575 1298 626 virum,
1330 576 1405 616 cui
1439 576 1568 615 Deus
1596 575 1799 615 maxime
1834 576 1908 615 bo-

274 659 384 687 num
423 647 587 687 orandi
627 647 815 687 modum
855 647 1145 694 tradidisset,
1194 646 1409 698 huncque
1448 647 1599 698 ipsum
1639 646 1909 693 christiane,

273 719 460 770 copiose
481 725 525 759 et
546 719 804 759 luculenter
826 718 1009 758 docere.
1034 718 1122 757 Vir
1144 718 1267 757 enim
1289 718 1376 757 iste
1398 717 1702 769 apostolicus,
1736 716 1909 768 ajebat,

272 790 439 830 librum
470 790 637 840 edidit,
677 789 808 841 cujus
839 789 877 829 si
912 789 1093 829 cunctis
1120 789 1253 828 vobis
1283 795 1550 840 suppeteret
1580 788 1739 840 copia,
1773 800 1911 840 quam

272 862 480 914 spatioso
502 868 545 902 et
567 862 726 902 divino
753 873 918 913 campo
946 860 1236 901 frueremini!
1267 860 1413 900 Nemo
1442 861 1584 911 igitur
1613 866 1824 900 vestrum
1857 860 1912 899 de

273 933 373 985 ipso
395 934 470 974 vel
497 933 684 973 sinistre
712 933 998 984 suspicetur;
1023 932 1197 983 alioqui
1226 932 1285 972 ad
1306 931 1631 983 Inquisitores,
1656 938 1704 971 ut
1732 931 1913 971 debitas

271 1005 367 1045 luat
388 1017 585 1057 poenas,
619 1003 912 1044 deferendus.
938 1002 1073 1055 Quod
1094 1003 1132 1043 si
1164 1003 1221 1043 sit
1253 1003 1442 1055 aliquis,
1475 1015 1612 1055 quem
1641 1003 1729 1043 hoc
1751 1003 1909 1047 lateat,

272 1075 369 1127 ejus
390 1076 470 1116 filii
491 1082 598 1116 sunt
621 1082 665 1116 et
687 1075 1067 1115 christianissimi
1088 1082 1131 1115 et
1154 1074 1495 1126 religiosissimi
1516 1074 1679 1114 Patres
1702 1073 1907 1114 Societa-

273 1147 331 1187 tis
357 1147 547 1187 Domini
575 1148 709 1201 Jesu,
746 1147 822 1198 qui
845 1145 941 1198 jam
971 1146 1132 1186 divina
1163 1152 1288 1186 sorte
1319 1145 1441 1197 apud
1464 1157 1549 1185 nos
1582 1152 1741 1196 agunt.
1777 1145 1908 1185 Unde

273 1219 409 1259 facile
440 1219 746 1270 contemplari
775 1218 951 1270 poteris
974 1217 1094 1269 quod
1126 1229 1262 1257 nemo
1291 1223 1414 1257 esset
1442 1218 1521 1269 qui
1550 1217 1596 1256 in
1622 1228 1708 1256 nos
1737 1228 1788 1256 os
1816 1229 1910 1255 non

273 1296 582 1331 converteret.
617 1290 795 1330 Tantas
832 1289 1002 1340 quippe
1031 1289 1268 1340 congessit
1296 1297 1340 1328 et
1373 1288 1701 1328 annumeravit
1727 1287 1907 1335 laudes,

272 1368 321 1402 ut
347 1362 495 1413 digito
525 1361 627 1413 ipso
655 1367 699 1401 et
729 1367 916 1412 aperto,
948 1360 1071 1412 quod
1100 1359 1248 1411 ajunt,
1287 1359 1438 1400 indice
1468 1371 1553 1399 nos
1586 1358 1910 1399 demonstrare

271 1434 556 1474 viderentur.
582 1433 774 1483 Videas,
806 1432 1080 1483 christiane,
1113 1431 1476 1472 Dominicanum
1505 1431 1623 1470 inter
1654 1441 1911 1481 generosos

270 1505 706 1556 generosissimum,
745 1504 865 1544 inter
901 1504 1134 1543 litteratos
1169 1503 1581 1552 litteratissimum,
1625 1502 1703 1553 qui
1739 1514 1791 1541 ea
1829 1513 1907 1541 no-

271 1582 396 1617 strae
418 1576 667 1617 Societatis
689 1576 873 1627 capitur
895 1575 1165 1625 dilectione,
1189 1581 1237 1614 ut
1259 1575 1384 1614 nullo
1411 1573 1777 1623 vehementiori,
1811 1585 1909 1613 sae-

271 1648 461 1700 pissime
500 1648 576 1687 illo
612 1647 818 1703 dicente,
855 1646 1019 1687 ardeat
1059 1645 1304 1696 desiderio,
1349 1657 1488 1696 quam
1527 1652 1576 1684 ut
1617 1645 1664 1684 in
1699 1650 1909 1684 nostram

272 1718 558 1759 Societatem
580 1719 625 1758 in
647 1718 956 1758 ministerium
978 1723 1022 1757 et
1044 1717 1315 1768 obsequium
1337 1715 1472 1767 hujus
1494 1715 1763 1766 recipiatur;
1788 1715 1909 1755 unde

274 1790 364 1831 hac
386 1803 477 1830 una
500 1791 745 1830 dumtaxat
766 1801 848 1841 spe
871 1801 920 1829 se
942 1789 1003 1829 ali
1023 1789 1281 1841 profitetur,
1317 1788 1439 1839 quod
1469 1787 1718 1838 aliquando
1751 1787 1908 1827 divina

275 1869 400 1904 sorte
423 1862 489 1902 rei
511 1867 706 1902 eventus
729 1860 1097 1912 correspondeat
1119 1860 1258 1900 votis.

351 1933 488 1978 Pater
511 1933 793 1973 Franciscus
815 1931 870 1972 de
892 1930 1030 1982 Borja
1051 1931 1214 1982 vigilia
1244 1930 1644 1970 Ressurrectionis
1666 1929 1725 1969 ad
1755 1941 1840 1969 nos
1861 1941 1909 1969 se

271 2005 480 2055 contulit,
505 2003 636 2056 cujus
663 2004 869 2044 adventu
901 2003 1093 2054 cognito
1125 2009 1169 2043 et
1197 2002 1243 2042 in
1273 2002 1444 2053 vulgus
1472 2001 1694 2041 continuo
1725 2012 1905 2052 sparso,

273 2083 602 2130 praeterquam
630 2076 753 2127 quod
781 2075 961 2115 cunctis
988 2074 1121 2114 nobis
1155 2080 1199 2114 et
1229 2074 1450 2125 paschale
1482 2072 1701 2112 solatium
1730 2078 1774 2112 et
1803 2072 1908 2111 deli-

271 2149 370 2189 cias
393 2148 577 2188 animae
599 2146 805 2186 attulerit
827 2152 871 2186 et
894 2145 951 2186 ad
974 2150 1248 2197 perpetuam
1269 2144 1559 2196 spiritualem
1581 2143 1792 2194 vigiliam
1813 2143 1906 2182 ani-

271 2231 372 2260 mos
394 2219 675 2269 incitaverit,
700 2217 908 2270 plerique
930 2216 1153 2268 religiosi,
1178 2222 1440 2267 magnates,
1461 2215 1653 2266 equites,
1675 2214 1907 2261 doctores,

272 2298 315 2332 et
336 2290 551 2342 magistri
573 2301 678 2330 eum
695 2290 948 2329 salutatum
971 2294 1213 2338 venerunt,
1238 2286 1283 2327 id
1300 2287 1503 2327 maxime
1521 2285 1843 2339 desiderantes
1860 2291 1910 2325 ut

274 2362 347 2402 vel
367 2361 555 2402 unicam
583 2360 642 2400 ad
673 2371 753 2399 eos
781 2360 973 2399 haberet
1007 2359 1296 2399 concionem.
1330 2357 1540 2398 Tandem
1571 2357 1680 2397 dum
1712 2356 1908 2396 celeber-

272 2433 390 2473 rima
426 2431 679 2484 quaedam,
710 2430 959 2470 Dominica
987 2430 1033 2469 in
1063 2430 1217 2479 Albis,
1249 2428 1578 2469 Universitatis
1614 2426 1749 2478 hujus
1780 2427 1910 2467 fieret
1939 2450 1945 2453 -

271 2504 563 2554 solemnitas,
588 2503 634 2542 in
661 2502 833 2541 celebri
864 2501 975 2541 Divi
1002 2501 1270 2552 Augustini,
1302 2499 1631 2540 florentissima
1661 2504 1756 2538 tam
1785 2499 1906 2550 equi-

270 2582 368 2615 tum
389 2586 529 2627 quam
552 2573 880 2624 religiosorum
908 2579 950 2612 et
973 2572 1362 2612 scholasticorum
1395 2582 1569 2610 corona
1596 2570 1773 2621 pariter
1803 2581 1909 2609 con-

270 2652 486 2697 gregata,
510 2645 805 2697 praeclaram
835 2650 879 2684 et
908 2643 1216 2683 christianam
1246 2642 1407 2682 habuit
1434 2641 1726 2681 concionem.
1757 2640 1908 2680 Tanta

270 2719 311 2757 ei
333 2717 489 2757 divina
513 2717 558 2756 in
581 2715 778 2756 dicendo
800 2714 947 2755 adfuit
975 2714 1209 2763 facundia,
1240 2720 1284 2754 et
1306 2713 1562 2753 christiana
1594 2713 1640 2752 in
1671 2711 1908 2764 operando

269 2788 536 2838 benignitas
567 2792 614 2826 ut
650 2786 850 2838 exprimi
880 2797 975 2825 non
1002 2785 1163 2837 possit.
1197 2769 1446 2825 'caeterum
1474 2783 1684 2835 quidam,
1718 2790 1762 2824 et
1797 2794 1907 2823 vere

270 2859 554 2898 christianus
576 2864 619 2897 et
636 2858 803 2897 nobilis
821 2857 1147 2906 scholasticus,
1172 2855 1249 2907 qui
1266 2867 1360 2895 non
1376 2851 1540 2906 p'aucis
1557 2855 1728 2894 abhinc
1746 2854 1908 2894 diebus

270 2934 458 2969 nostrae
479 2928 784 2969 familiaritati
805 2940 854 2968 se
876 2928 1209 2977 immiscuerat,
1235 2937 1414 2966 summa
1437 2926 1484 2965 vi
1505 2931 1549 2966 et
1571 2937 1657 2976 ope
1680 2925 1816 2966 nixus
1838 2930 1906 2964 est
