2074 3179
910 182 990 217 AN.
1023 181 1108 218 1551
1755 185 1821 222 381

195 275 389 327 Doctor,
401 276 548 316 divini
565 277 738 316 amoris
755 277 862 328 igne
876 277 1097 328 flagi-am,
1110 278 1385 318 morientem
1403 279 1555 329 coepit
1568 280 1820 329 cohortari,

194 357 382 386 monere
405 347 620 398 subinde,
645 347 897 388 vociferari
919 349 977 388 ad
999 361 1181 399 aurem,
1211 348 1494 389 christianae
1521 349 1626 389 fidei
1655 351 1821 391 articu-

197 418 266 457 los
288 419 381 457 alta
403 430 520 457 voce
541 419 770 469 proferre,
807 431 937 460 arma
959 424 1157 459 mortem
1179 420 1419 471 oppetentz'
1436 420 1662 460 adversus
1684 421 1819 471 ignea

194 488 365 528 diaboli
388 490 478 528 tela
499 490 744 541 praebere,
774 502 898 531 nunc
925 491 980 531 de
1008 492 1133 531 vitae
1160 491 1424 542 privatione
1447 498 1693 541 aegrotum
1715 505 1819 532 con-

193 559 355 609 solari,
388 571 510 599 nunc
539 560 897 601 circumstantes
928 562 1049 602 illius
1077 562 1301 613 temporis
1335 568 1466 601 tanto
1496 562 1702 613 periculo
1733 570 1817 603 ter—

190 641 308 679 rere,
345 636 566 682 tantoque
601 632 698 683 ipse
733 632 901 672 ardore
936 632 1109 683 corripi
1142 638 1191 672 ut
1223 644 1306 683 per
1341 632 1542 683 quinque
1575 634 1821 673 continuas

189 699 344 751 horas,
364 714 455 741 non
469 702 567 742 sine
583 703 788 743 maxima
805 703 1121 754 praesentium
1138 703 1537 748 aclmiratione.ita
1552 704 1820 744 vociferans

189 774 519 823 permanserit,
553 780 601 813 ut
630 775 786 814 multis
820 781 924 825 post
954 774 1116 814 diebus
1143 774 1395 814 raucedine
1415 781 1643 824 gravatus
1664 775 1816 826 fuerit;

189 854 280 894 qua
318 855 367 883 re
396 849 677 895 perspecta,
717 845 765 884 sn
800 845 1063 885 maximam
1099 856 1260 885 omnes
1298 849 1412 885 sunt
1446 845 1579 896 rapti
1613 847 1818 886 admira-

188 914 376 954 tionem.

267 985 423 1025 Multis
445 987 592 1037 signis
613 987 749 1027 facile
772 988 1062 1038 dignoscitur
1085 987 1271 1027 Patrem
1292 987 1546 1027 Doctorem
1564 999 1817 1039 omnesque

187 1056 327 1096 etiam
358 1056 529 1097 fratres
557 1058 614 1097 ab
646 1058 819 1098 eisdem
847 1059 1078 1099 nobilibus
1106 1059 1311 1098 maximo
1333 1059 1463 1109 diligi
1485 1071 1657 1099 amore.
1683 1059 1815 1110 Quod

185 1127 305 1166 inter
326 1127 429 1167 illos
450 1129 624 1178 passim
643 1128 887 1179 jactitatur
909 1130 999 1169 hoc
1021 1136 1110 1169 est:
1135 1130 1286 1169 nullos
1309 1130 1489 1169 civitati
1518 1130 1621 1180 plus
1649 1130 1816 1171 afferre

184 1198 417 1238 commodi
437 1199 741 1250 utilitatisque
763 1212 904 1251 quam
924 1212 1024 1251 nos,
1050 1212 1155 1240 curn
1175 1212 1349 1251 graves
1370 1201 1483 1240 nulli
1505 1201 1663 1241 simus.

262 1269 549 1309 Manentium
571 1270 738 1310 deinde
759 1271 806 1310 in
828 1283 1017 1310 carcere
1038 1277 1234 1322 peccata
1256 1270 1483 1320 audimus,
1505 1283 1666 1311 eorum
1683 1284 1814 1323 prae-

182 1340 363 1391 sertim,
389 1341 467 1392 qui
501 1342 640 1381 morti
666 1341 763 1393 jam
791 1342 1244 1387 suntcondemnatss
1271 1342 1388 1393 quod
1413 1342 1459 1382 in
1480 1346 1664 1382 tantam
1686 1344 1815 1384 venit

183 1413 581 1464 consuetudinem,
619 1419 669 1453 ut
699 1414 1082 1465 quotiescumque
1118 1414 1219 1464 quis
1254 1414 1310 1453 ob
1346 1414 1597 1454 commissa
1632 1415 1809 1454 scelera

180 1482 542 1533 extinguendus
563 1485 636 1535 sit,
655 1497 740 1524 nos
761 1485 921 1525 statim
937 1496 1161 1524 vocemur
1183 1484 1244 1524 ad
1265 1491 1460 1535 peccata
1484 1485 1814 1525 condemnato-

180 1565 283 1594 rum
305 1555 535 1596 audienda
557 1568 728 1608 eosque
749 1556 808 1596 ad
828 1557 982 1596 locum
1010 1567 1158 1607 usque
1183 1556 1412 1607 supplicio
1435 1556 1717 1597 destinatum
1740 1569 1810 1596 co-

181 1625 435 1677 mstandos,
469 1627 684 1667 maxima
713 1631 813 1667 tum
844 1628 1096 1667 verborum
1128 1631 1230 1667 tum
1257 1626 1529 1666 orationum
1556 1628 1814 1678 asflueutm

181 1695 311 1736 vires
338 1699 714 1739 corroborantes.

259 1768 308 1808 In
325 1767 525 1820 judiciis,
549 1777 646 1810 tum
666 1771 1002 1822 saecularibus,
1022 1777 1120 1811 tum
1140 1771 1487 1820 ecclesiasticis,
1506 1771 1711 1810 maxima
1728 1770 1810 1810 Pa-

179 1839 264 1879 tris
285 1839 504 1880 Doctoris
532 1841 822 1894 fratrumque
850 1842 1048 1882 habetur
1074 1842 1210 1882 ratio.
1241 1842 1355 1882 Cum
1379 1842 1435 1882 de
1468 1841 1728 1882 interdictis
1755 1842 1810 1881 si-

179 1910 454 1962 milibusque
481 1913 619 1952 rebus
648 1913 768 1953 inter
794 1925 897 1953 sese
932 1913 1178 1960 dissident,
1210 1913 1398 1953 Patrem
1426 1912 1681 1953 Doctorem
1713 1911 1811 1964 ejus

177 1981 244 2020 rei
267 1988 453 2022 sumunt
462 1983 804 2034 jndscatorem,
826 1984 1015 2035 ejusque
1037 1984 1283 2024 consilium
1304 1984 1450 2035 sequi,
1475 1996 1529 2023 ac
1552 1983 1611 2022 ad
1632 1983 1705 2023 X.i
1733 1984 1807 2023 ho-

177 2064 340 2092 norem
361 2055 621 2104 spectantia
642 2061 900 2106 praestare,
924 2067 1017 2095 non
1039 2066 1205 2106 parum
1226 2055 1532 2094 delectantur.

257 2124 435 2163 Patres
457 2125 680 2165 nonnulle·
697 2126 944 2176 diligenter
967 2132 1191 2166 curarunt
1219 2125 1452 2176 conjuges
1475 2125 1655 2176 aliquas
1676 2129 1719 2164 et
1742 2137 1805 2164 re-

176 2194 410 2245 pudiatas,
433 2196 548 2236 ‘viris
569 2197 773 2236 maxima
797 2208 902 2236 cum
923 2196 1176 2236 concordia
1197 2208 1405 2247 paceque
1426 2196 1685 2235 restituere.

254 2266 298 2307 A
314 2266 533 2306 Metimna
553 2268 726 2308 acriter
741 2268 974 2308 instarunt
989 2276 1038 2308 ut
1054 2267 1193 2307 Pater
1205 2268 1430 2318 Baptista,
1444 2267 1663 2307 nundinis
1675 2279 1806 2318 prae-

174 2337 336 2388 teritis,
361 2349 415 2377 eo
436 2338 811 2389 proficisceretur
828 2339 1208 2379 concionaturus.
1228 2338 1329 2378 Hoc
1347 2338 1514 2389 majori
1536 2349 1650 2378 cura
1670 2350 1805 2378 cona-

173 2415 314 2460 tuque
336 2420 475 2460 quam
504 2420 665 2449 omnes
693 2410 918 2461 expetivit
944 2409 1202 2450 Rodericus
1231 2410 1286 2449 de
1316 2409 1529 2460 Duenas,
1561 2409 1639 2461 qui
1666 2409 1807 2449 etiam

172 2491 257 2531 pro
287 2480 413 2520 virili
441 2486 638 2520 conatus
667 2486 735 2520 est
768 2486 819 2520 ut
853 2480 914 2520 ibi
941 2479 1189 2521 Societatis
1224 2481 1393 2520 domus
1421 2480 1652 2530 erigatur:
1682 2480 1805 2531 quod

172 2563 278 2592 cum
299 2551 437 2591 Patre
461 2550 742 2591 provinciali
763 2551 883 2602 egit,
908 2563 956 2592 se
979 2552 1129 2603 ipsum
1158 2551 1315 2591 domui
1341 2551 1611 2591 necessaria
1641 2562 1803 2601 suppe-

172 2622 426 2663 ditaturum
447 2622 737 2673 promittens.
767 2622 905 2663 Pater
927 2622 1239 2663 Provincialis
1260 2634 1352 2662 una
1375 2633 1481 2662 cum
1501 2621 1640 2661 Patre
1661 2621 1698 2661 F
1701 2633 1804 2661 ran-

171 2693 297 2733 cisco
327 2693 383 2733 de
411 2691 570 2744 Borja,
595 2692 693 2744 ejus
723 2693 811 2733 hac
840 2693 896 2733 de
927 2705 976 2734 re
1004 2699 1135 2733 tanta
1164 2705 1277 2733 cura
1306 2698 1350 2732 et
1378 2693 1475 2732 zelo
1503 2692 1677 2743 optimo
1706 2704 1806 2743 per-

171 2770 355 2815 specto,
393 2769 617 2815 tantaque
645 2764 844 2804 utilitate
873 2776 993 2816 quae
1024 2765 1087 2804 ibi
1121 2776 1179 2804 ex
1206 2762 1439 2804 Societate
1472 2774 1692 2802 emanare
1726 2774 1800 2813 po-

170 2835 292 2885 terit,
311 2846 454 2886 quum
470 2834 672 2886 undique
688 2834 1003 2886 xpz'anormn,
1018 2834 1332 2875 nundinarum
1350 2845 1509 2884 causa,
1530 2845 1585 2873 eo
1602 2834 1735 2873 multi
1754 2846 1803 2873 se

172 2905 429 2956 conferant,
454 2905 500 2944 id
520 2904 657 2945 facile
679 2906 926 2957 concessit3
947 2904 1136 2957 jamque
1157 2905 1345 2945 domum
1375 2905 1421 2944 in
1451 2904 1641 2945 civitate
1671 2916 1800 2955 prae-

170 2976 355 3028 cipuam
377 2975 515 3016 habet
544 2981 760 3026 paratam
792 2977 1090 3028 maximaque
1126 2988 1230 3016 cum
1260 2975 1501 3027 diligentia
1533 2975 1797 3015 necessaria
