2074 3179
322 124 393 163 144
841 128 1064 167 LITTERAE
1092 142 1449 173 QUADRIMESTRES

1049 566 1226 620 XLII

387 776 434 812 Ρ.
454 775 717 813 Leonardus
735 775 895 814 Kessel

434 840 558 878 Patri
575 840 736 888 Joanni
751 841 805 879 de
819 841 1026 880 Polanco.

482 905 679 953 Colonia,
700 906 743 943 21
764 906 915 944 Martii
934 908 1026 945 1549
1045 909 1072 944 ¹.

1086 1045 1183 1123 ulis

394 1223 558 1264 Gratia
582 1230 625 1264 et
641 1236 735 1275 pax
757 1225 834 1265 Xi.
858 1225 966 1265 Dni.
986 1226 1044 1266 sit
1060 1238 1246 1278 semper
1262 1228 1520 1268 nobiscum.

392 1295 668 1336 Reverende
702 1297 748 1337 in
783 1297 868 1338 X.⁰
905 1297 1069 1338 Pater:
1110 1298 1287 1339 Diebus
1325 1299 1501 1352 aliquot
1541 1300 1733 1352 elapsis,
1771 1301 1955 1341 litteras

310 1367 360 1408 P.
390 1367 449 1407 V.
489 1368 652 1419 accepi
686 1369 889 1420 scriptas
928 1368 973 1408 17
1001 1369 1291 1419 Decembris,
1323 1370 1488 1422 quibus
1514 1370 1564 1411 P.
1589 1371 1648 1411 V.
1673 1371 1849 1412 indicat
1877 1383 1948 1422 ea,

309 1450 429 1491 quae
458 1439 631 1480 ultimis
657 1440 833 1481 nostris
868 1440 1034 1481 litteris
1068 1441 1362 1493 scripsimus,
1396 1442 1530 1482 vobis
1559 1443 1767 1494 placere;
1804 1454 1950 1494 quare

310 1511 451 1551 etiam
471 1523 565 1551 non
586 1517 836 1563 potuerunt
857 1512 948 1552 nisi
975 1524 1153 1553 summe
1184 1513 1318 1553 nobis
1345 1515 1545 1564 placere,
1572 1514 1743 1555 Animo
1765 1525 1948 1566 quoque

308 1581 594 1623 ferventiore
615 1583 675 1623 ad
695 1584 812 1623 haec
834 1596 919 1623 nos
940 1590 1063 1624 totos
1081 1585 1209 1635 dare,
1233 1591 1277 1625 et
1299 1595 1418 1635 quae
1438 1585 1668 1625 Dominus
1691 1585 1795 1637 Opt.
1819 1585 1946 1627 Max.

311 1654 499 1706 operari
520 1655 740 1706 dignatus
757 1661 841 1706 est,
865 1655 912 1695 in
934 1657 1054 1696 serie
1075 1657 1299 1708 temporis
1319 1657 1458 1697 vobis
1475 1658 1727 1708 explicare.

388 1725 440 1766 In
466 1721 633 1777 primis'
658 1727 934 1767 adolescens
962 1727 1172 1779 quidam,
1202 1728 1433 1768 Martinus
1461 1729 1649 1768 nomine
1666 1727 1696 1779 ⁶²,
1724 1729 1946 1768 naturali·

265 1807 267 1809 ·
308 1796 395 1837 bus
434 1797 551 1837 bene
592 1798 786 1849 dotatis,
824 1799 1034 1839 honestis
1068 1799 1356 1851 parentibus
1395 1800 1712 1840 conscientiae
1747 1800 1947 1840 stimulis

309 1868 531 1919 agitatus,
556 1870 677 1909 clam
700 1868 768 1909 Lo
779 1869 965 1910 vanium
992 1870 1283 1922 relinquens,
1315 1872 1420 1911 vela
1447 1872 1602 1912 ventis
1633 1872 1944 1922 committens,

307 1938 551 1980 Coloniam
579 1940 779 1992 appulit3
813 1942 891 1992 qui
920 1942 1054 1982 brevi
1084 1948 1294 1994 tempore
1322 1942 1385 1982 ita
1419 1948 1489 1982 est
1513 1948 1741 1991 mutatus,
1771 1941 1946 1982 relictis

302 2011 446 2062 vitiiS‚
469 2017 520 2051 ut
541 2011 683 2052 etiam
703 2019 925 2063 parentes
946 2013 1216 2065 amicosque
1239 2025 1401 2054 omnes
1422 2014 1685 2065 relinquere
1706 2014 1943 2065 cogitave-

302 2082 377 2134 rit,
401 2081 577 2134 X.⁰que
599 2082 802 2123 Domino
831 2084 916 2124 soli
945 2084 1184 2136 famulari;
1215 2085 1289 2125 cui
1321 2091 1425 2136 post
1455 2085 1626 2125 multas
1653 2096 1817 2136 preces
1838 2096 1945 2125 con-

301 2154 427 2194 sensi
453 2160 504 2194 ut
526 2154 709 2194 faceret
738 2162 902 2195 votum
929 2156 1215 2197 studentium
1243 2155 1517 2207 Societatis,
1556 2155 1679 2208 quod
1711 2156 1771 2196 ad
1797 2155 1942 2196 Reve-

301 2224 499 2265 rendum
519 2225 707 2266 Patrem
734 2226 968 2277 Ignatium
995 2227 1042 2267 in
1063 2228 1159 2267 suis
1179 2228 1346 2267 litteris
1368 2228 1581 2268 clausum
1601 2227 1747 2267 mitto.
1772 2227 1875 2278 Ipse
1896 2227 1943 2267 in

302 2296 468 2336 studiis
490 2303 534 2336 et
556 2297 756 2349 simplici
778 2298 1041 2338 obedientia
1069 2299 1265 2339 multum
1293 2298 1497 2350 proficit,
1522 2299 1569 2338 in
1590 2298 1830 2350 tergendis
1851 2299 1940 2338 cal-

303 2367 398 2408 ceis
419 2373 545 2408 totus
573 2369 726 2419 agilis.
758 2368 984 2409 Parentes
1015 2370 1139 2422 apud
1168 2382 1256 2410 nos
1284 2382 1394 2410 suas
1431 2376 1656 2410 curarunt
1691 2381 1938 2421 expensas,

302 2438 577 2489 ignorantes
597 2445 755 2480 tamen
771 2440 896 2492 quod
914 2452 963 2480 se
981 2439 1205 2481 Societati
1227 2441 1421 2491 dederit,
1441 2453 1557 2492 quos
1579 2452 1716 2492 spero
1732 2446 1942 2491 tempore

301 2520 516 2561 congruo
539 2516 786 2551 contentos
808 2511 984 2552 reddet.
1008 2511 1236 2564 Nepotem
1258 2524 1393 2552 suum
1418 2511 1515 2563 jam
1539 2512 1706 2552 litteris
1732 2511 1938 2561 vocavit;

301 2581 459 2632 plures
481 2593 665 2633 quoque
687 2582 804 2622 alios
825 2594 908 2634 per
930 2594 1035 2623 eum
1057 2595 1194 2634 spero
1215 2582 1469 2623 habendos.

382 2652 465 2692 Est
486 2658 531 2692 et
553 2653 673 2693 alius
694 2653 989 2705 adolescens,
1013 2654 1252 2694 Arnoldus
1272 2654 1459 2694 nomine
1482 2653 1509 2704 ⁵,
1544 2653 1750 2705 ejusdem
1774 2653 1943 2694 aetatis

301 2728 346 2762 et
361 2723 560 2776 patriae,
579 2724 848 2777 eisdemque
866 2725 1047 2778 studiiS‚
1072 2725 1118 2765 in
1135 2725 1428 2765 naturalibus
1445 2725 1586 2765 etiam
1601 2725 1717 2765 bene
1735 2724 1939 2775 dotatuS,

355 2857 365 2876 ¹
407 2856 494 2885 Tota
510 2860 737 2894 autographa,
754 2860 834 2888 folio
848 2861 958 2896 unico,
974 2869 1004 2888 n.
1020 2861 1082 2888 (20.

353 2904 367 2924 2
405 2903 571 2933 Martinus
587 2906 1030 2969 StevordianusOEoLANco
1049 2909 1239 2937 Chr'onzcon
1256 2909 1327 2936 Soc
1342 2909 1429 2944 Jes.
1444 2915 1465 2936 ι.
1482 2916 1502 2943 1,
1518 2916 1549 2943 p.
1565 2909 1627 2943 416
1642 2916 1673 2935 n.
1689 2909 1761 2941 437).

352 2951 367 2972 ³
406 2953 580 2982 Arnoldus
595 2954 959 2989 Hezeus(P0LANc0,1
977 2964 1011 2990 c
