2074 3179
864 130 946 167 Ax.
978 131 1064 167 1551
1711 132 1781 170 ¹205

150 229 407 280 capitulum
428 233 790 279 congregentur,
822 238 983 267 omnes
1011 232 1227 266 oraturos
1254 226 1416 266 Patres
1439 233 1487 266 ut
1520 228 1781 278 spiritualia

154 299 378 340 exercitia
401 299 674 350 praelibent.

231 368 278 410 Si
295 369 382 409 sim
398 369 636 420 sigillatim
656 369 811 409 omnia
829 375 1105 409 narraturus
1122 380 1239 420 quae
1257 366 1521 419 hujusmodi
1542 368 1785 409 desideriis

153 440 450 481 recensendis
470 439 562 480 dici
579 441 852 491 potuissent,
871 452 1039 481 vereor
1058 451 1131 490 ne,
1152 445 1231 480 aut
1252 439 1362 479 mihi
1385 439 1617 479 scribendi
1639 439 1783 479 infini-

153 519 248 552 tum
278 523 394 563 opus
415 523 533 563 pene
563 518 827 562 contexam,
861 517 939 551 aut
972 511 1054 551 tibi
1087 510 1348 550 molestiam
1378 511 1562 561 pariam
1592 512 1779 561 legenti.

154 581 509 623 Confessionum
527 594 581 622 ac
603 593 768 623 sacrae
790 582 1113 623 Eucharistiae
1134 582 1475 622 communionis
1503 582 1671 621 miram
1692 581 1782 621 hac

152 653 514 704 quadragesima
546 652 969 705 frequentationem
995 653 1218 703 vidimus3
1254 663 1364 692 nam
1400 652 1506 692 licet
1533 658 1629 692 tres
1655 651 1785 692 fuere

153 724 397 764 dumtaxat
419 724 701 770 sacerdotes,
723 724 786 764 ita
804 730 939 764 nocte
959 730 1004 764 et
1022 723 1223 764 interdiu
1244 734 1350 763 curn
1371 723 1630 762 studiorum
1645 722 1786 762 etiam

154 795 507 846 occupabantur
536 794 794 845 dispendio,
823 800 873 835 ut
901 794 1047 845 multi,
1071 806 1120 834 re
1148 793 1333 844 infecta,
1358 793 1674 843 discesserint,
1699 805 1784 833 nec

153 866 398 916 pauciores
432 872 536 917 post
565 865 774 905 Paschae
801 865 970 906 festum
997 865 1340 906 confessionem
1377 864 1657 904 distulerint.
1687 863 1784 904 Nec

152 941 222 975 est
243 935 440 986 exiguus
461 947 622 975 eorum
638 947 873 987 numerus,
893 937 971 987 qui
988 936 1149 976 diebus
1167 935 1412 976 dominic-is
1429 935 1786 976 saluberrimam

153 1005 397 1058 Synaxeos
418 1017 628 1045 mensam
650 1006 893 1046 nobiscum
914 1006 1231 1058 frequentant,
1255 1018 1374 1058 quae
1393 1018 1470 1047 res
1490 1017 1585 1046 non
1606 1005 1670 1045 ita
1696 1005 1784 1056 pri-

152 1077 257 1117 dem
285 1088 370 1127 pro
405 1076 630 1116 miraculo
665 1077 938 1117 habebatur.
971 1078 1133 1117 Gloria
1168 1077 1232 1117 illi
1259 1077 1414 1127 cedat,
1447 1077 1524 1128 qui
1558 1076 1713 1117 omnia
1739 1076 1785 1115 in

153 1148 289 1187 nobis
310 1153 544 1198 operatur.

232 1218 348 1259 Cum
369 1218 643 1258 Emmanuel
664 1218 828 1259 incolis
850 1219 1140 1270 oppidorum,
1165 1231 1283 1271 quae
1300 1219 1521 1259 Doctoris
1537 1218 1784 1269 Vergarae

158 1300 298 1329 curae
338 1288 594 1340 subjacent,
638 1296 759 1329 esset
800 1301 827 1329 a
866 1290 1189 1340 concionibus,
1233 1291 1430 1330 aliorum
1463 1290 1617 1330 fructu
1645 1289 1785 1329 illecti

154 1360 377 1401 Uclens'es
397 1361 488 1400 viri
504 1361 561 1400 D.
580 1361 756 1414 Jacobo
779 1361 1176 1401 Commendatarii
1190 1361 1395 1401 celebres
1419 1361 1444 1412 ¹,
1467 1362 1627 1401 literas
1648 1360 1783 1412 hujus

142 1431 355 1483 *exempli
374 1431 600 1472 miserunt
622 1438 811 1471 senatus
832 1431 845 1449 ²
868 1432 1151 1472 authoritate
1169 1431 1469 1483 subscriptas:

234 1502 494 1554 “Perquam
517 1502 618 1543 R.d0
650 1502 706 1542 D.
732 1502 999 1544 Villanova.

232 1573 281 1613 Ρ.
305 1574 585 1614 Villanovae
607 1574 892 1626 Capitulum,
916 1575 1234 1626 magistratus,
1259 1581 1303 1614 et
1323 1575 1537 1615 Uclensis
1559 1579 1747 1625 praetor
1768 1572 1781 1589 ³

151 1657 375 1685 manuum
393 1646 566 1685 oscula.
587 1644 677 1685 Pro
695 1651 934 1697 comperto
951 1645 1175 1686 habemus
1192 1651 1419 1696 sanctam,
1439 1657 1579 1696 quam
1599 1645 1778 1695 incolis,

153 1716 340 1756 domum
367 1717 535 1768 quique
565 1728 667 1756 eam
696 1716 967 1757 inhabitatis
995 1715 1179 1767 Patres,
1209 1717 1458 1768 plurimum
1484 1716 1782 1756 emolumenti

153 1787 327 1827 Christi
353 1786 578 1837 fidelibus,
612 1799 697 1827 nec
726 1788 879 1827 minus
905 1788 1028 1838 grati
1051 1787 1258 1839 obsequii
1288 1787 1474 1827 Christo
1501 1787 1610 1838 ipsi,
1647 1798 1781 1838 prae-

151 1863 293 1898 stare.
317 1857 358 1897 N
362 1857 550 1897 uncium
567 1869 669 1897 earn
691 1858 738 1897 in
754 1869 853 1898 rem
869 1858 1131 1910 profectum
1147 1858 1228 1898 tibi
1245 1858 1367 1898 hunc
1388 1859 1629 1909 mittimus,
1653 1858 1779 1898 obse-

151 1934 337 1968 crantes
357 1940 441 1980 per
462 1928 549 1968 Dei
570 1928 851 1969 charitatem
871 1935 920 1968 ut
940 1929 1095 1969 virum
1117 1929 1319 1980 aliquem
1340 1941 1399 1969 ex
1415 1935 1579 1969 sancta
1596 1929 1685 1968 ista
1701 1928 1780 1969 So-

151 2000 319 2040 cietate
347 1999 405 2039 ad
435 2011 520 2039 nos
546 2000 706 2040 venire
730 1999 915 2050 Jubeas,
945 2005 994 2040 ut
1019 2000 1222 2040 fructum
1253 2000 1522 2040 christianis
1549 2000 1780 2040 mentibus

149 2071 342 2121 dignum
363 2077 406 2111 et
434 2072 610 2122 plantet
639 2077 682 2110 et
712 2077 893 2111 mature
920 2071 1064 2111 faciat
1093 2072 1415 2123 pullulascere.
1449 2070 1569 2111 Nam
1594 2077 1779 2122 praeter

151 2141 579 2192 Congregationem
606 2141 804 2181 fratrum
832 2142 889 2182 D.
919 2141 1095 2195 Jacobo
1117 2142 1435 2193 militantium,
1468 2143 1611 2182 multa
1639 2142 1780 2182 etiam

151 2212 454 2252 circumstant
474 2224 560 2252 nos
581 2212 768 2264 oppida,
791 2212 912 2252 unde
944 2212 1020 2263 (ea
1042 2219 1110 2253 est
1130 2213 1338 2253 locorum
1358 2213 1699 2265 propinquitas)
1719 2213 1780 2253 ad

151 2282 239 2322 Dei
267 2283 497 2323 sermonis
533 2284 882 2334 evulgationem
908 2290 1174 2324 occurrunt.
1212 2283 1345 2335 Quod
1373 2284 1411 2323 si
1441 2284 1488 2324 in
1513 2284 1779 2336 praesentia

150 2365 318 2405 parum
338 2354 421 2394 tibi
440 2353 519 2394 fiat
541 2354 852 2403 commodum,
877 2355 1000 2406 quod
1022 2354 1194 2396 Christi
1216 2367 1374 2395 amore
1395 2355 1682 2406 flagitamus,
1705 2355 1778 2395 be-

150 2425 367 2465 neficium
398 2430 659 2476 praestare,
685 2425 775 2466 hoc
796 2426 962 2466 saltem
983 2437 1175 2466 munere
1201 2437 1369 2466 munus
1394 2431 1640 2478 pensatum
1661 2426 1779 2466 arbi-

150 2503 346 2547 tramur,
371 2497 408 2536 si
431 2496 676 2548 epistolam
698 2496 758 2537 ad
778 2495 827 2536 P.
852 2496 1201 2537 Emmanuelem
1231 2496 1531 2537 deferendam
1550 2497 1685 2537 nobis
1706 2496 1779 2536 de-

204 2655 214 2675 ¹
254 2654 395 2690 Equites
410 2656 568 2683 militaris
585 2655 719 2683 Ordinis
735 2655 853 2684 Sancti
868 2656 985 2689 Jacobi
1011 2656 1067 2690 (de
1092 2656 1262 2690 §antiago
1285 2657 1328 2683 de
1351 2657 1385 2684 la
1410 2657 1557 2691 espada)
1579 2657 1779 2691 primariam

147 2702 201 2729 sui
227 2702 362 2730 Ordinis
386 2704 518 2730 domum
544 2704 714 2730 habebant
739 2704 769 2731 in
794 2704 915 2738 oppido
939 2704 1050 2735 Uele's.
1074 2704 1271 2738 provinciae
1295 2709 1328 2732 et
1350 2704 1543 2732 dioeceseos
1564 2704 1780 2732 conchensis.

149 2748 437 2778 commendatarii
449 2751 580 2784 equites
592 2750 806 2784 (Caballeros
820 2751 1144 2779 C01›1endadores)ii
1158 2751 1452 2785 dicebantu1·,cu1n
1466 2753 1513 2779 eis
1524 2759 1604 2786 pars
1613 2751 1781 2786 quaedam

148 2796 297 2831 regionis
312 2798 436 2825 tuenda
452 2798 653 2825 tradebatur
668 2806 743 2826 cum
756 2799 830 2833 jure
847 2807 888 2825 ex
904 2799 971 2826 illis
987 2799 1173 2833 vectigalia
1189 2799 1406 2834 percipiendi.

201 2844 215 2863 2
252 2844 344 2871 Voce
361 2845 514 2872 Senatus
529 2845 582 2872 hic
597 2845 749 2880 intellige
766 2846 853 2880 quod
865 2847 936 2881 jam
951 2854 1030 2874 usus
1045 2846 1149 2874 habet
1164 2851 1200 2874 ut
1216 2851 1357 2874 vocetur
1380 2847 1593 2881 Capitulum,
1617 2854 1680 2880 se.,
1702 2854 1779 2875 con-

147 2895 272 2919 ventus
287 2892 470 2926 primorum
486 2892 628 2927 alicujus
643 2893 770 2921 ordinis
785 2894 857 2921 sive
873 2893 1097 2921 ecclesiastici
1113 2894 1185 2921 sive
1201 2894 1362 2928 religiosi.

202 2938 215 2957 ⁵
253 2938 370 2966 Melius
387 2939 505 2970 Prior:
520 2940 568 2966 sic
585 2940 673 2968 enim
689 2942 879 2968 vocabatur
895 2942 948 2975 qui
966 2942 1075 2968 domui
1092 2949 1150 2968 seu
1165 2943 1369 2969 monasterio
1391 2941 1584 2975 praefectus
1600 2945 1685 2969 erat.
