2074 3179
250 183 334 218 4368-
771 184 998 221 LirrssRAE
1024 195 1382 227 QUADRIMESTRES

1022 638 1189 693 CLII

330 848 378 885 P.
404 847 666 886 Leonardus
686 848 845 887 Kessel

381 913 504 951 Patri
520 913 691 961 Ignatio
711 915 765 952 de
787 915 971 963 Loyola.

426 977 623 1025 Colonia,
644 979 687 1016 31
710 979 815 1017 Maii
837 980 928 1017 1552
949 981 972 1017 ¹.

1025 1111 1121 1177 ulis
1172 1196 1175 1198 q

335 1279 503 1319 Gratia
528 1286 573 1319 et
592 1291 686 1331 pax
708 1279 783 1320 Χ.ἱ
811 1281 870 1320 sit
892 1293 1075 1332 semper
1098 1293 1202 1321 cum
1225 1282 1438 1321 omnibus
1460 1282 1606 1321 nobis.

337 1350 535 1390 thissime
563 1351 609 1391 in
630 1351 714 1391 X.⁰
740 1351 810 1392 Py

337 1422 454 1462 Cum
476 1423 621 1463 moris
638 1424 697 1463 sit
715 1431 758 1463 et
780 1429 1007 1464 statutum
1028 1424 1074 1464 in
1092 1429 1253 1464 nostra
1276 1423 1511 1464 Societate
1530 1431 1578 1465 ut
1595 1431 1762 1477 quarto
1786 1437 1897 1478 quo-

257 1505 346 1544 que
373 1505 533 1534 mense
560 1495 823 1535 scribamus
854 1507 931 1544 ea,
962 1507 1081 1546 quae
1109 1495 1338 1535 Dominus
1368 1496 1554 1547 operari
1582 1495 1802 1548 dignatus
1829 1504 1899 1538 est

255 1570 457 1615 quatuor
479 1566 716 1606 mensibus
735 1566 1019 1618 praeteritis,
1053 1566 1113 1606 ad
1138 1566 1284 1618 ipsius
1310 1567 1512 1618 gloriam
1539 1574 1582 1608 et
1610 1568 1669 1608 ad
1699 1568 1899 1609 fratrum

256 1636 465 1676 omnium
489 1637 535 1676 in
562 1637 766 1677 Domino
798 1638 1183 1687 consolationem,
1217 1638 1380 1689 paucis
1415 1639 1733 1689 perstringere
1760 1651 1896 1680 cona-

251 1708 339 1746 bor
368 1719 442 1758 ea,
475 1719 593 1759 quae
629 1720 677 1748 se
713 1708 961 1749 scribenda
997 1708 1206 1758 offerent,
1245 1715 1294 1748 ut
1329 1709 1534 1749 omnium
1562 1721 1618 1749 ea
1645 1710 1900 1761 legentium

253 1779 472 1830 precibus
501 1778 654 1829 iuvari
682 1780 944 1830 valeamus,
981 1786 1052 1830 ut,
1083 1779 1129 1819 in
1160 1780 1259 1819 dies
1287 1779 1609 1831 diligentiores
1636 1780 1770 1833 facti,
1795 1783 1898 1833 plus

253 1850 433 1891 fructus
456 1850 658 1891 Domino
679 1851 787 1904 Jesu
812 1850 997 1892 adferre
1018 1852 1276 1892 valeamus.

333 1920 424 1962 Sed
459 1928 712 1974 antequam
753 1922 1021 1974 aggrediar,
1059 1923 1148 1964 hoc
1180 1923 1226 1962 in
1262 1922 1424 1974 primis
1460 1922 1709 1963 dicendum
1749 1924 1893 1974 venit,

253 1992 353 2032 Rfle
371 1992 457 2043 ΡΥ,
483 1994 609 2043 quod
630 1994 902 2046 quotidiana
924 1993 1214 2046 experientia
1230 1993 1512 2034 edoceamur
1528 1994 1776 2035 verissima
1794 2006 1896 2035 esse

251 2064 330 2104 illa
352 2063 569 2115 Apostoli
590 2065 735 2105 verba
758 2065 976 2105 dicentis:
1002 2065 1086 2116 qm'
1103 2064 1182 2116 pie
1201 2064 1251 2104 z'n
1272 2065 1351 2104 X.0
1370 2064 1492 2116 Jesu
1524 2065 1685 2105 vivere
1709 2064 1896 2116 volunt,

251 2136 665 2187 presequutz'onem
689 2137 953 2188 patientur.
987 2136 1078 2177 Sed
1104 2136 1356 2189 plurimum
1382 2136 1429 2176 in
1456 2135 1660 2176 Domino
1689 2137 1896 2177 consola-

251 2219 357 2247 mur
388 2208 681 2248 attendentes
712 2220 798 2248 nos
824 2220 908 2260 per
928 2208 1088 2248 varias
1118 2207 1443 2248 tribulationes
1471 2213 1515 2247 et
1537 2208 1781 2259 angustias
1802 2214 1896 2248 ten-

252 2279 365 2318 dere
388 2279 447 2318 ad
476 2290 674 2330 regnum
702 2280 916 2320 coeleste.
947 2279 1051 2319 Non
1078 2290 1270 2331 possum
1298 2278 1536 2330 explicare
1558 2285 1783 2331 quantum
1804 2279 1895 2319 fru-

253 2357 358 2390 ctus
392 2355 437 2390 et
467 2350 628 2401 gaudii
663 2351 810 2390 nostri
846 2351 1040 2402 spiritus
1071 2350 1286 2390 adferant
1317 2350 1362 2389 in
1392 2349 1596 2389 Domino
1625 2350 1826 2390 adversa
1849 2356 1894 2390 et

253 2421 634 2461 machinamenta
653 2422 809 2461 omnia
832 2422 1026 2472 maligni
1043 2421 1249 2472 spiritus.

297 2519 300 2522 «
335 2491 463 2532 Odor
493 2493 642 2533 bonus
670 2492 919 2533 Societatis
946 2492 1022 2532 hic
1052 2493 1193 2543 longe
1218 2492 1404 2543 lateque
1438 2492 1485 2531 in
1512 2491 1610 2531 dies
1636 2492 1892 2543 spargitur.

254 2564 446 2604 Plurimi
474 2564 534 2604 ad
562 2563 650 2604 hoc
678 2565 804 2604 vitae
836 2565 1098 2604 institutum
1128 2562 1376 2613 accedunt,
1405 2574 1463 2602 ex
1498 2563 1664 2614 'quibus
1691 2563 1895 2615 quinque

251 2635 576 2675 adolescentes
611 2635 808 2675 studiosi
842 2636 945 2686 ipso
967 2635 1040 2675 die
1061 2633 1447 2675 Circumcisionis
1475 2633 1666 2674 Domini
1694 2646 1744 2674 se
1772 2640 1894 2674 totos

251 2705 440 2746 Christo
473 2707 790 2758 resignarunt,
823 2707 1087 2747 emittentes
1114 2711 1276 2745 votum
1304 2704 1612 2756 scholarium;
1637 2706 1794 2756 plures
1815 2705 1894 2745 alii

253 2783 417 2827 postea
438 2778 561 2818 idem
582 2778 768 2819 facturi.
791 2778 924 2819 Multi
946 2777 1231 2827 sacerdotes,
1255 2776 1485 2826 canonici,
1512 2783 1556 2816 et
1577 2777 1774 2817 studiosi
1796 2777 1892 2828 plu-

252 2848 360 2887 rimi
388 2849 528 2889 aedes
556 2855 744 2889 nostras
775 2849 1087 2901 frequentant.
1117 2847 1317 2899 Quidam
1345 2851 1515 2897 regens
1542 2848 1721 2887 Rursae
1749 2847 1893 2888 Cuca-

309 3008 317 3027 ¹
362 3009 609 3044 Autographae
626 3011 658 3038 in
675 3011 729 3038 fol.
748 3011 807 3038 1‘23.
