2074 3179
271 165 340 201 172
778 169 1007 208 LITTERAE
1033 180 1392 214 QUADRmEsrREs

268 267 352 312 set,
377 261 508 313 cujus
529 270 691 305 votum
712 266 771 306 ad
792 266 840 306 Ρ.
864 267 923 307 V.
949 267 1096 318 mitto,
1121 267 1181 307 ad
1202 278 1251 307 se
1272 267 1320 307 in
1348 268 1511 308 studiis
1545 269 1905 310 sustentandum

267 334 383 373 satis
405 333 552 386 dives,
577 336 801 387 physicas
824 338 1047 378 lectiones
1070 349 1177 378 cum
1198 338 1301 378 aliis
1321 338 1455 378 brevi
1481 339 1740 379 auditurus.

347 403 602 446 Multorum
628 394 1160 449 studiosorum'animos
1196 409 1458 449 confratres
1493 410 1552 450 ad
1586 411 1781 451 meliora
1812 417 1905 451 tra-

266 475 393 527 here;
417 476 667 528 quemdam
683 478 815 518 brevi
837 480 884 518 in
901 479 1079 520 artibus
1101 480 1474 531 promovendum
1490 492 1545 520 eo
1562 480 1900 532 perduxerunt,

263 553 314 586 ut
349 559 509 588 amare
543 548 735 605 incipiat
761 550 1008 601 deplorare
1037 563 1186 591 annos
1214 551 1340 591 vitae
1366 552 1649 602 praeteritae
1681 564 1787 592 cum
1815 553 1902 593 fre-

265 618 424 669 quenti
464 619 757 659 confessione
779 653 786 667 ‚
829 622 943 661 nihil
989 621 1263 662 desiderans
1309 622 1436 662 aliud
1482 634 1622 673 quam
1668 635 1717 663 se
1756 630 1907 664 totum

265 689 350 730 X.i
372 689 487 741 jugo
518 690 806 731 submittere.
842 691 952 743 EJ'us
983 704 1167 745 quoque
1195 693 1390 744 socium,
1414 693 1461 732 in
1483 693 1660 734 artibus
1693 700 1801 735 ante
1830 695 1908 734 ali-

261 767 375 812 quot
397 773 545 801 annos
567 768 847 813 promotum,
873 763 1077 803 nobilem
1093 764 1331 815 prosapia,
1356 776 1410 804 eo
1432 764 1663 816 pertraxit
1683 771 1747 816 ut,
1781 765 1908 805 omni

265 832 490 872 societate
513 833 692 884 relicta,
728 846 776 874 se
807 842 957 874 totum
985 835 1071 875 X.i
1107 835 1301 875 servitio
1330 835 1442 875 dare
1471 836 1629 887 cupiat
1656 842 1700 876 et
1728 837 1832 877 aliis
1860 837 1906 876 in

261 904 467 944 minimis
490 904 764 945 humilitatis
787 907 1032 946 associari.

344 975 545 1026 Quidam
566 983 726 1027 pastor
761 976 793 1025 ¹,
817 978 1023 1028 peractis
1050 978 1287 1018 exercitiis
1315 990 1421 1018 cum
1449 989 1622 1029 magna
1657 979 1729 1019 sui
1757 979 1905 1031 ipsius

260 1047 529 1097 cognitione
540 1054 584 1087 et
595 1048 916 1088 satisfactione
928 1049 1219 1100 aliorumque
1237 1049 1547 1089 admiratione
1565 1050 1621 1089 de
1637 1056 1733 1090 tam
1752 1050 1905 1090 subita

262 1118 352 1157 viri
378 1117 514 1169 hujus
543 1120 821 1171 mutatione,
853 1119 911 1159 ad
943 1132 1057 1160 oves
1085 1120 1304 1172 proprias
1334 1120 1485 1171 rediit,
1517 1120 1564 1160 in
1590 1121 1776 1172 publico
1799 1132 1904 1172 sug-

258 1194 395 1240 gestu
430 1202 543 1230 suae
570 1191 853 1242 praeteritae
880 1191 1005 1231 vitae
1037 1203 1248 1232 errorem
1277 1191 1520 1232 confessus
1558 1198 1646 1243 est,
1680 1192 1901 1244 quoniam

258 1260 396 1301 valde
418 1262 695 1302 scandalose
717 1263 918 1313 vixerat,
942 1269 1105 1314 petens
1127 1263 1216 1304 sibi
1238 1263 1497 1303 condonari
1524 1262 1745 1304 offensam
1777 1264 1904 1304 vitae

258 1333 558 1385 praeteritae,
583 1334 725 1374 alium
748 1335 814 1374 eis
836 1335 1082 1375 ductorem
1097 1334 1187 1374 Dei
1207 1335 1363 1386 gratia
1382 1334 1591 1374 futurum
1605 1335 1899 1386 promittens.

337 1403 571 1445 Numerus
593 1405 915 1446 confitentium
943 1411 1143 1457 augetur
1170 1406 1218 1446 in
1248 1405 1363 1446 dies.
1394 1405 1565 1446 Noster
1596 1412 1759 1457 pastor
1791 1418 1898 1446 con-

257 1476 397 1516 cessit
425 1476 561 1517 nobis
590 1478 797 1517 omnium
826 1488 940 1517 suae
969 1477 1223 1529 parochiae
1252 1476 1572 1517 confessiones
1602 1476 1821 1517 audiendi
1851 1478 1900 1517 li-

256 1548 474 1598 centiam,
499 1559 687 1588 sacram
709 1560 892 1600 quoque
921 1548 1279 1589 administrandi
1306 1547 1641 1588 eucharistiam
1671 1548 1717 1588 in
1752 1549 1899 1589 omni-

256 1619 342 1659 bus
366 1619 577 1660 ecclesiis
597 1626 787 1660 nostrae
808 1620 1078 1672 parochiae.

337 1690 598 1732 Concilium
618 1692 909 1743 provinciale
930 1691 1154 1732 Coloniae
1176 1691 1462 1732 celebratum
1484 1698 1553 1731 est
1574 1690 1603 1742 2‘,
1624 1691 1672 1731 in
1689 1702 1779 1743 quo
1796 1702 1896 1742 spe-

257 1762 439 1803 cialiter
468 1762 625 1813 agitur
660 1763 716 1803 de
744 1763 1078 1803 reformatione
1104 1763 1231 1803 vitae
1260 1768 1304 1803 et
1331 1762 1613 1811 studiorum,
1648 1762 1899 1814 omniaque

253 1840 362 1875 sunt
383 1846 466 1886 per
485 1834 770 1875 Caesaream
788 1834 1084 1886 MaJestatem
1101 1834 1393 1876 confirmata.
1415 1833 1566 1886 Saepe
1585 1834 1739 1874 studia
1756 1833 1898 1874 refor-

252 1917 382 1946 mare
403 1911 659 1956 tentarunt,
687 1906 769 1946 sed
796 1906 911 1946 nihil
939 1905 1159 1947 effectum
1187 1912 1278 1957 est,
1310 1906 1532 1958 quoniam
1560 1905 1635 1945 hic
1661 1905 1760 1946 rari
1788 1911 1897 1945 sunt

253 1978 330 2029 qui
351 1977 548 2017 scientia
569 1983 613 2018 et
634 1978 732 2017 vita
756 1977 858 2018 aliis
879 1978 1182 2029 praeluceant
1204 1977 1611 2028 studiosorumque
1634 1977 1817 2017 animos
1838 1976 1899 2016 ad

253 2061 364 2089 vere
385 2048 603 2090 studendi
621 2050 810 2090 modum
827 2050 1080 2101 pelliciant.
1100 2049 1288 2102 Optima
1304 2055 1461 2089 tamen
1479 2048 1631 2088 adhuc
1650 2059 1787 2100 spero
1803 2059 1898 2088 non

252 2121 404 2161 solum
439 2121 495 2161 de
525 2120 861 2162 reformatione
895 2121 1023 2162 vitae
1060 2121 1142 2161 sed
1177 2121 1321 2161 etiam
1357 2120 1621 2160 studiorum
1655 2124 1752 2159 tam
1785 2119 1900 2160 cleri

242 2204 395 2244 quam
415 2192 558 2232 totius
579 2193 754 2244 populi;
778 2193 818 2233 si
840 2205 894 2233 eo
915 2199 1197 2244 perventum
1217 2197 1341 2232 esset
1357 2197 1407 2232 ut
1429 2190 1691 2231 confratres
1713 2190 1898 2243 publice

254 2264 410 2314 legere
447 2264 731 2315 inciperent,
770 2264 1028 2304 maximum
1059 2263 1264 2304 fructum
1302 2263 1410 2303 inde
1450 2273 1714 2314 sperarem,
1754 2261 1897 2302 immo

252 2341 397 2375 totam
414 2335 709 2387 juventutem
730 2335 918 2376 Christo
939 2335 1217 2376 lucrandam
1244 2341 1486 2387 putarem,
1517 2344 1714 2386 quorum
1743 2344 1897 2374 exem-

253 2407 330 2458 plo
352 2412 564 2446 caeteros
586 2406 723 2447 facile
746 2413 1041 2458 sequuturos.

334 2477 463 2518 Haec
486 2483 594 2518 sunt
615 2489 735 2529 quae
756 2477 805 2518 P.
830 2477 889 2517 V.
914 2477 1163 2518 scribenda
1195 2482 1523 2527 occurrerunt,
1556 2481 1606 2516 ut
1636 2474 1898 2527 beneplaci-

255 2554 352 2589 tum
372 2549 422 2589 P.
450 2548 508 2589 V.
537 2549 585 2589 in
606 2550 821 2589 omnibus
848 2548 938 2589 Dei
963 2550 1119 2600 gratia
1152 2549 1450 2600 impleamus,
1482 2547 1605 2599 quod
1632 2546 1821 2586 unicum
1850 2552 1896 2586 et

253 2620 405 2661 solum
426 2620 484 2661 X.
503 2620 511 2647 i
540 2620 650 2673 Jesu
671 2632 831 2660 amore
853 2620 1010 2661 cordis
1031 2620 1180 2660 nostri
1201 2625 1271 2660 est
1293 2618 1590 2660 desiderium.

308 2805 317 2825 ¹
359 2805 421 2839 Qui
436 2806 614 2834 materiem
638 2806 804 2834 historiae
829 2810 947 2841 aptam
968 2814 1008 2833 ex
1034 2806 1074 2833 iis
1098 2806 1226 2833 litteris
1250 2804 1581 2837 ext1·ahebat,hunc,
1598 2809 1698 2837 quem
1710 2803 1894 2837 pastorem

254 2853 374 2880 Kessel
389 2853 550 2885 nominat,
568 2852 785 2888 Episcopum
801 2853 903 2881 fuisse
921 2853 1089 2887 affirmat;
1106 2853 1204 2888 quod,
1221 2853 1248 2880 si
1264 2860 1384 2880 verum
1400 2855 1468 2885 est,
1485 2858 1549 2878 non
1564 2858 1606 2877 ex
1626 2849 1680 2878 his
1695 2849 1821 2877 litteris
1835 2849 1894 2877 sed

255 2901 391 2928 aliunde
407 2901 534 2928 habere
550 2901 676 2928 debuit.

310 2949 324 2968 ἓ
361 2948 454 2976 Finis
469 2948 545 2975 huic
562 2947 753 2976 Coloniensi
766 2949 901 2984 Synodo
917 2949 980 2976 fuit
995 2949 1172 2983 impositus
1187 2969 1192 2979 .
1212 2953 1292 2975 acta
1306 2948 1444 2982 signata
1462 2950 1495 2974 et
1515 2946 1654 2974 decreta
1675 2945 1894 2980 promulgata

254 2997 308 3024 die
323 2997 367 3024 2¹³
383 2995 551 3024 Octobris.
