2074 3179
145 142 216 179 :300
663 141 744 178 LiT
755 152 889 178 rERAE
917 153 1274 184 QUADRIMESTRES

527 378 810 408 Praecedentium
831 380 971 408 Roberti
997 380 1189 416 Clayssonii
1211 381 1407 408 litterarum

707 435 727 455 a
749 427 784 456 Ρ.
807 428 956 455 Polanco
972 428 1229 455 emendatarum

643 476 832 510 exemplum
850 476 883 503 in
898 475 1100 510 Hispaniam
1115 477 1252 504 missum
1270 476 1291 503 ⁴.

919 631 1017 708 uls

227 812 391 852 Gratia
414 817 458 851 et
479 823 573 863 pax
595 810 783 850 Domini
806 810 955 850 nostri
975 811 1087 863 Jesu
1109 809 1283 850 Christi
1304 816 1391 850 etc.

227 882 328 923 Rfle
355 883 401 923 in
422 883 544 934 Xpo.
569 882 730 922 Pater:

230 955 290 996 Ut
323 955 479 1006 aliqua
514 954 561 994 in
594 959 728 1006 parte
756 954 924 993 saltem
951 953 1150 994 satisfiat
1187 953 1478 994 obedientiae
1509 960 1701 994 sanctae
1735 953 1791 994 de

147 1026 499 1066 conscribendis
517 1025 575 1065 ad
592 1037 680 1065 Vos
696 1025 863 1065 litteris
881 1025 1066 1076 singulo
1082 1026 1428 1077 quadrimestri,
1444 1036 1533 1077 ego
1552 1025 1608 1066 ob
1627 1025 1787 1066 adver-

147 1109 248 1137 sam
281 1097 600 1137 valetudinem
635 1095 788 1136 Patris
822 1096 976 1136 nostri
1011 1097 1251 1149 Baptistae
1285 1097 1472 1137 Violaei
1502 1102 1546 1137 et
1575 1097 1788 1147 aliorum,

146 1169 314 1220 quibus
334 1169 452 1208 haec
472 1168 637 1208 fuisset
666 1168 996 1208 commendata
1017 1179 1147 1219 cura,
1181 1167 1416 1209 scribendi
1443 1179 1560 1208 onus
1587 1168 1790 1219 suscepi.

148 1240 379 1291 Quoniam
400 1251 514 1279 vero
536 1251 631 1279 non
661 1239 838 1290 omnia,
864 1251 984 1291 quae
1005 1246 1139 1291 gesta
1162 1246 1284 1292 sunt,
1309 1239 1550 1291 sigillatim
1578 1239 1710 1290 novi,
1735 1240 1790 1279 de

148 1312 303 1352 multis
324 1323 476 1362 pauca
497 1311 720 1360 referam;
741 1311 944 1363 illudque
962 1311 1166 1363 primum
1183 1311 1308 1363 quod
1323 1311 1507 1351 Rev.d11S
1532 1311 1791 1363 Episcopus

147 1382 549 1423 Claramontensis
570 1382 786 1434 promisit
816 1393 865 1422 se
888 1382 1108 1422 daturum
1130 1382 1319 1423 domum
1341 1382 1564 1423 Societati
1586 1383 1724 1423 sitam
1746 1383 1792 1422 in

148 1455 260 1495 urbe
282 1454 481 1505 Biliomi‚
508 1465 628 1506 quae
654 1454 766 1494 urbs
794 1459 864 1494 est
890 1460 937 1494 et
968 1453 1256 1495 universitas
1287 1455 1334 1494 in
1361 1454 1621 1505 Auvernia,
1654 1454 1791 1494 modo

149 1526 198 1566 P.
222 1526 273 1566 T.
299 1526 480 1578 aliquos
502 1538 561 1566 ex
581 1525 803 1566 fratribus
826 1525 940 1566 velit
961 1537 1016 1566 eo
1047 1525 1252 1577 mittere,
1283 1526 1558 1578 promittens
1586 1526 1786 1576 interim,

151 1598 261 1638 dum
282 1598 393 1637 urbs
416 1598 518 1649 ipsa
541 1597 739 1648 collegio
760 1596 1020 1648 providerit
1041 1597 1098 1637 de
1118 1597 1415 1649 necessariis,
1446 1609 1496 1637 se
1518 1598 1609 1637 illis
1636 1597 1793 1637 omnia

154 1669 575 1721 suppeditaturum.
613 1667 663 1708 Ρ.
701 1668 914 1720 Baptista
949 1668 1060 1720 quid
1097 1668 1363 1709 faciendum
1392 1681 1446 1708 ea
1482 1669 1528 1708 in
1555 1681 1605 1709 re
1641 1669 1723 1709 abs
1749 1675 1793 1708 te

149 1752 291 1781 nosse
313 1741 455 1793 cupit.

229 1813 393 1853 Invisit
415 1824 500 1852 nos
523 1811 646 1852 idem
667 1811 931 1864 Episcopus
958 1812 1042 1852 sub
1070 1811 1240 1852 festum
1267 1811 1575 1852 Ascensionis
1602 1811 1793 1852 Domini

149 1896 204 1924 ac
225 1895 309 1935 per
324 1884 491 1923 horam
508 1895 615 1923 cum
632 1883 824 1923 dimidia
842 1883 1108 1934 alloquutus
1125 1889 1195 1923 est
1211 1882 1401 1923 Patrem
1417 1883 1681 1935 Baptistam
1695 1889 1793 1922 tam

146 1954 204 1996 de
220 1955 306 2006 his,
327 1966 447 2007 quae
464 1955 512 1994 in
528 1954 751 1994 universa
769 1953 1019 2006 Societate,
1039 1965 1180 2005 quam
1198 1954 1253 1994 de
1271 1954 1358 2003 his,
1379 1966 1498 2006 quae
1516 1954 1575 1994 ad
1591 1954 1790 1994 salutem

149 2033 194 2067 et
217 2026 594 2067 aedificationem
615 2026 801 2066 animae
822 2037 936 2066 suae
964 2025 1157 2066 faciunt.
1186 2025 1360 2066 Omnes
1390 2025 1612 2077 epistolas
1641 2024 1793 2066 Socie-

148 2099 259 2138 tatis
280 2104 487 2149 nostrae,
513 2110 632 2149 quae
655 2097 714 2137 ad
735 2109 821 2137 nos
844 2096 1132 2147 deferuntur,
1160 2097 1339 2149 primus
1360 2097 1476 2149 petit
1497 2102 1542 2137 et
1561 2097 1793 2148 benignis—

148 2169 264 2210 sime
292 2169 466 2220 excipit
489 2167 710 2221 jubetque
733 2181 816 2220 per
845 2169 1134 2209 sacellanum
1157 2180 1292 2209 suum
1312 2169 1359 2208 in
1387 2169 1608 2208 volumen
1629 2167 1792 2219 redigi,

149 2241 289 2293 quod,
313 2241 360 2281 ni
380 2241 534 2291 fallor,
559 2240 772 2281 excrevit
800 2240 847 2280 in
870 2240 1244 2291 magnitudinem
1277 2240 1582 2292 epistolarum
1613 2239 1794 2280 Cicero-

149 2313 224 2352 nis
244 2312 563 2352 familiarium.

233 2383 442 2424 Clericus
464 2382 711 2434 cujusdam
733 2383 1010 2434 consiliarii,
1033 2384 1107 2424 cui
1128 2384 1371 2435 negotium
1391 2383 1628 2436 privilegii
1648 2383 1795 2423 nostri

151 2455 456 2495 commissum
485 2454 652 2505 fuerat,
684 2455 765 2495 ubi
793 2455 995 2506 perlegit
1014 2455 1280 2496 Institutum
1312 2454 1562 2496 Societati's
1590 2460 1793 2505 nostrae,

150 2538 238 2567 nos
272 2526 408 2566 unice
445 2526 608 2566 dilexit
644 2525 761 2566 adeo
800 2531 851 2566 ut
891 2526 1081 2566 omnino
1119 2527 1287 2577 spiritu
1326 2525 1575 2567 Societatis
1607 2531 1796 2565 nostrae

152 2597 260 2638 duci
291 2597 523 2637 videatur.
554 2597 598 2637 Is
632 2596 766 2637 brevi
793 2597 1019 2637 exercitia
1054 2598 1371 2648 aggredietur.
1408 2596 1719 2637 Tantumdem
1753 2602 1797 2637 et

155 2668 288 2720 alius,
314 2679 452 2720 quem
474 2668 574 2720 ipse
595 2667 641 2708 in
669 2667 1040 2708 familiaritatem
1069 2675 1284 2709 nostram
1313 2668 1478 2719 traxit;
1503 2668 1581 2708 ubi
1612 2668 1721 2719 quid
1742 2668 1798 2708 de

153 2739 268 2791 ipsis
290 2739 520 2779 Dominus
542 2739 761 2791 disponat
789 2739 1066 2780 videbimus.
1090 2739 1292 2790 Quidam
1313 2740 1433 2779 alius
1450 2737 1638 2790 juvenis
1670 2750 1798 2779 exer-

153 2811 266 2851 citia
287 2811 410 2862 fecit,
434 2810 512 2862 qui
531 2810 578 2850 in
596 2810 663 2850 eis
679 2810 906 2851 intellexit
929 2822 956 2850 a
977 2810 1116 2850 Chro.
1136 2823 1186 2851 se
1203 2811 1261 2851 ab
1283 2810 1372 2851 hoc
1393 2809 1568 2850 mundo
1587 2810 1796 2850 avocari.

211 2970 220 2989 ί
263 2969 342 2997 Cod.
360 2969 439 3004 1551,
455 2970 511 2997 sol.
529 2970 561 2997 19
575 2971 628 2997 v.⁰
643 2974 676 2997 et
692 2970 736 2997 20.
