2074 3179
877 186 960 223 AN.
992 185 1083 223 1552
1721 185 1792 221 705

161 296 328 324 norum
348 285 588 324 erroribus·
607 284 785 324 involvi
805 284 885 324 sed
908 284 1024 323 alios
1044 294 1225 334 quoque
1247 293 1397 321 novos
1419 293 1499 332 per
1522 293 1570 321 se
1599 282 1789 322 invene-

162 356 255 396 rint
276 355 571 406 excogitatos
592 356 680 406 vel,
706 354 828 406 quod
850 355 1000 405 magis
1021 354 1078 393 sit
1100 353 1372 403 verisimile,
1404 364 1430 392 a
1459 353 1685 403 magistro
1714 354 1790 392 illo

161 426 393 466 mendacii
426 431 560 477 patre
596 426 819 476 ingestos.
852 425 1007 476 Alius,
1037 425 1144 465 licet
1168 423 1342 475 judicio
1370 430 1412 463 et
1451 423 1663 463 doctrina
1688 435 1790 481 ‚non

160 509 309 548 parva
336 497 598 548 praeditus,
631 497 837 537 animam
871 497 1123 536 humanam
1149 507 1242 535 non
1270 495 1422 534 minus
1451 506 1591 546 quam
1622 506 1792 545 corpus

160 568 470 607 immortalem
493 567 609 617 (sic)
643 579 745 607 esse
780 568 868 607 sibi
894 572 1205 618 persuaserat.
1235 565 1331 605 Nec
1363 564 1505 605 defuit
1535 577 1676 614 unus,
1713 566 1789 616 qui

160 638 364 678 absurda
385 639 524 689 plane
547 645 591 678 et
613 638 921 678 intolerabilia
943 638 1166 688 dogmata
1188 643 1427 688 tamquam
1448 636 1709 676 certissima
1729 644 1789 676 te-

160 715 307 759 neret,
327 715 487 760 utpote
500 720 680 759 negans
696 721 799 748 cum
814 707 1101 749 Sadducaeis
1118 708 1308 758 spiritus
1320 708 1438 747 ullos
1454 718 1556 747 6556
1576 708 1647 746 vel
1664 718 1791 746 ener-

158 790 401 830 gumenos.
428 779 628 830 Quidam
658 779 864 828 advena,
893 779 1038 818 variis
1069 779 1195 818 circa
1221 778 1358 818 fidem
1389 777 1540 817 dubiis
1569 778 1790 828 agitatus,

158 851 203 890 in
224 851 563 890 monasterium
583 850 817 901 quoddam
838 851 968 901 prius
989 861 1038 889 56
1060 849 1326 898 conferens,
1352 850 1598 900 quemdam
1626 861 1789 889 consu-

159 922 256 961 lens
276 921 463 961 Patrem
484 920 806 961 venerandum
828 933 888 960 an
910 921 1061 960 hostia
1084 927 1361 960 consecrata
1383 926 1505 959 esset
1533 920 1788 967 adoranda,

157 992 337 1032 audivit
358 992 673 1032 idololatriam
695 1004 810 1032 6556.
837 991 1072 1043 Quotquot
1103 998 1425 1042 accesserunt,
1459 1003 1542 1042 per
1568 991 1657 1031 Dei
1685 1002 1787 1042 gra-

156 1063 269 1103 tiam
290 1064 449 1103 intime
470 1063 782 1114 resipuerunt.

235 1133 442 1173 Maxima
464 1134 671 1174 omnium
691 1134 777 1174 fuit
807 1134 1076 1173 colluctatio
1107 1145 1212 1173 cum
1243 1134 1445 1184 quodam
1475 1134 1788 1184 anabaptista,

153 1204 324 1256 J'uvene
346 1205 520 1255 alioqui
542 1205 754 1255 corporis
777 1211 820 1244 et
842 1205 1026 1244 animae
1057 1205 1265 1255 dotibus,
1299 1211 1348 1244 ut
1377 1216 1490 1255 prae
1519 1216 1568 1244 se
1594 1204 1786 1253 ferebat,

157 1276 272 1316 satis
293 1282 570 1326 exornatus,
593 1276 640 1315 in
661 1288 764 1316 eam
786 1288 897 1315 vero
919 1276 1217 1327 phraenesim
1237 1275 1456 1316 redactus
1477 1282 1598 1323 erat,
1621 1283 1669 1315 ut
1690 1288 1787 1316 sen-

160 1347 304 1386 tentia
325 1346 556 1398 pertinaci
578 1354 774 1397 negaret
795 1347 1086 1386 divinitatem
1107 1346 1281 1386 Christi
1310 1353 1353 1386 et
1384 1346 1547 1387 Matris
1575 1347 1672 1398 ejus
1700 1348 1787 1387 vir-

157 1417 422 1467 ginitatem,
456 1428 510 1456 ac
540 1417 685 1456 ullum
717 1428 819 1456 esse
853 1417 1149 1457 daemonium
1183 1424 1369 1468 praeter
1403 1418 1559 1457 carnis
1592 1419 1788 1468 pruden-

157 1488 293 1538 tiam,
325 1499 579 1538 omnesque
615 1494 851 1538 postremo
888 1493 1108 1527 externos
1135 1489 1286 1527 cultus
1314 1494 1358 1527 et
1384 1488 1500 1528 ritus
1527 1496 1786 1539 execraret,

157 1558 274 1598 adeo
297 1565 345 1599 ut
367 1571 424 1599 ne
446 1559 601 1599 crucis
622 1559 806 1611 quidem
828 1559 962 1609 signo
990 1559 1170 1598 munire
1203 1570 1251 1598 se
1281 1560 1371 1598 ullo
1400 1565 1537 1610 pacto
1566 1560 1788 1599 monenti-

157 1630 241 1669 bus
263 1636 307 1670 et
328 1630 679 1681 increpantibus
700 1630 1026 1680 assentiretur;
1049 1636 1098 1669 ut
1120 1630 1285 1681 reliqui
1312 1636 1556 1670 taceantur
1587 1642 1786 1681 errores,

155 1713 273 1752 quos
289 1702 415 1741 nullo
434 1701 632 1741 adactus
649 1707 775 1741 metu
791 1701 1056 1752 relinquere
1079 1701 1285 1747 volebat,
1307 1702 1521 1752 quamvis
1550 1702 1608 1741 ad
1632 1703 1787 1752 ignem

154 1772 367 1823 proxime
402 1771 742 1823 adjudicandus
773 1778 917 1822 esset,
951 1779 995 1812 et
1022 1771 1221 1812 fortasse
1249 1772 1295 1812 id
1321 1781 1443 1812 esset
1473 1784 1664 1823 passus,
1699 1773 1788 1812 nisi

155 1843 316 1882 morbo
337 1844 478 1894 gravi
506 1849 752 1894 correptus
786 1850 908 1883 esset
941 1855 994 1882 ac
1022 1850 1269 1894 propterea
1299 1855 1358 1883 ex
1387 1855 1600 1894 carcere,
1634 1844 1787 1895 fideju-

153 1913 370 1953 bentibus
390 1914 680 1964 propinquis,
703 1914 933 1965 tantisper
954 1914 1187 1963 dimissus,
1212 1913 1361 1954 donec
1383 1915 1699 1954 valetudinem
1720 1927 1786 1955 re—

155 1985 343 2035 ciperet.
364 1983 601 2024 Multoties
623 1996 650 2024 a
671 1984 806 2024 nobis
828 1990 872 2023 et
893 1985 996 2024 aliis
1018 1985 1199 2024 invisus
1214 1984 1314 2034 fuit,
1335 1991 1379 2024 et
1400 1986 1614 2035 benignis
1632 1987 1788 2026 verbis

155 2055 444 2105 admonitus,
483 2055 728 2106 longisque
763 2055 904 2094 etiam
941 2055 1334 2106 disputationibus
1363 2056 1627 2103 convictus,
1660 2065 1704 2096 et
1731 2070 1786 2097 eo

154 2126 407 2177 perductus
434 2132 483 2165 ut
513 2126 656 2165 semel
686 2137 869 2165 errores
904 2137 1014 2165 suos
1042 2137 1325 2176 agnoscens,
1355 2125 1571 2177 abjurare
1604 2128 1787 2178 publice

153 2197 342 2236 eosdem
366 2204 410 2236 et
430 2202 628 2247 peccata
657 2208 741 2236 sua
768 2196 977 2236 confiteri
1008 2202 1134 2236 certo
1164 2198 1399 2248 statuerit,
1430 2210 1594 2238 verum
1622 2200 1786 2249 postri-

153 2267 226 2307 die
248 2273 329 2308 aut
350 2267 570 2317 perendie
592 2267 743 2306 denuo
774 2267 976 2317 inviSUS,
1008 2273 1057 2307 ut
1085 2268 1240 2307 animo
1271 2268 1334 2308 ita
1363 2268 1636 2309 confirmato
1665 2271 1787 2320 quod

152 2339 432 2389 promiserat
452 2343 735 2389 praestaret,
768 2337 900 2389 pejus
928 2350 976 2378 se
1006 2338 1180 2378 habere
1206 2338 1525 2390 deprehensus
1552 2347 1621 2380 est
1648 2352 1788 2391 quam

150 2421 357 2460 unquam
377 2414 536 2459 antea,
560 2408 771 2458 graviter
793 2408 849 2448 de
876 2409 1009 2448 nobis
1037 2421 1326 2461 conquerens
1353 2410 1477 2460 quod
1506 2422 1555 2450 se
1583 2412 1642 2451 ad
1674 2412 1787 2451 divi-

150 2491 260 2519 nam
289 2479 502 2519 veritatis
535 2479 664 2518 viam
698 2479 1004 2519 deserendam
1040 2480 1330 2530 argumentis
1363 2480 1494 2521 falsis
1531 2482 1784 2533 impulisse-

151 2562 268 2590 mus.
293 2550 426 2590 Unde
448 2548 601 2600 ajebat
623 2548 776 2589 Deum
797 2550 883 2590 sibi
904 2557 1045 2590 noctu
1066 2562 1172 2590 cum
1193 2557 1372 2591 terrore
1403 2552 1613 2592 horribili
1647 2553 1786 2603 signi-

150 2622 330 2661 ficasse.
362 2620 468 2673 Jam
501 2621 656 2672 itaque
685 2632 771 2661 nos
797 2633 883 2661 1166
910 2621 1070 2661 videre
1104 2634 1190 2661 nec
1225 2622 1386 2662 audire
1420 2624 1700 2674 sustinebat,
1739 2625 1782 2664 in

151 2692 349 2744 quodvis
369 2692 533 2732 mortis
554 2702 703 2742 genus
723 2703 808 2743 pro
830 2692 1042 2732 doctrina
1065 2704 1150 2732 sua
1178 2704 1313 2732 ruere
1342 2700 1550 2744 paratus.
1580 2694 1643 2734 At
1670 2707 1785 2735 vero

150 2762 539 2803 clementissimus
570 2761 801 2802 Dominus
841 2774 942 2802 sese
979 2763 1224 2803 ostendere
1257 2765 1421 2803 volens
1460 2764 1645 2804 diabolo
1683 2778 1784 2806 esse

152 2833 407 2883 fortiorem,
426 2833 491 2873 ita
506 2833 696 2873 tandem
716 2833 811 2884 egit
832 2841 880 2873 ut
902 2845 1095 2873 securus
1117 2834 1189 2884 sit,
1209 2834 1285 2885 qui
1303 2835 1670 2887 desiderabatur,
1690 2838 1784 2878 exi-

153 2910 241 2955 tus,
266 2903 480 2956 publicae
501 2904 680 2944 scilicet
703 2904 1009 2956 abjurationis
1028 2906 1200 2956 populo
1220 2906 1532 2956 gratissimae.

229 2975 316 3015 Vir
337 2974 541 3025 quidam,
574 2975 772 3026 insignis
799 2982 952 3024 notae,
991 2976 1299 3016 concubinam
1326 2977 1449 3017 domi
1483 2990 1631 3019 annos
1663 2992 1784 3021 com—

341 3048 391 3085 Τ.
415 3059 441 3084 1.
1549 3065 1594 3101 45
