2074 3179
194 164 263 201 400
708 163 932 200 LITTERAE
959 173 1316 205 QUADRIMESTRES

191 260 445 301 refectione
460 260 671 310 corporis
682 259 1005 309 observamus
1020 259 1109 299 illis
1126 266 1386 312 perspecta,
1403 261 1505 301 aliis
1524 272 1706 312 quoque
1718 267 1831 300 nota

191 332 282 372 fiat.
315 331 365 371 Id
388 330 541 370 adhuc
564 342 708 381 nuper
732 329 843 370 fecit
870 330 1009 381 paulo
1033 336 1141 370 ante
1162 342 1302 382 quam
1336 343 1442 372 cum
1469 331 1688 372 Serenam
1701 331 1830 382 Rege

189 402 236 442 in
255 401 529 442 Bohemiam
551 406 673 459 esset
695 400 927 451 abiturus,
953 406 997 440 et
1019 401 1215 441 adduxit
1236 413 1396 442 secum
1417 402 1651 443 Abbatem
1676 414 1828 454 quem-

193 473 302 513 dam
328 473 563 513 maximae
597 471 895 512 authoritatis
922 483 1125 523 moxque
1146 471 1355 513 futurum
1373 473 1672 526 Episcopum,
1697 485 1828 525 prae-

191 551 319 584 terea
359 543 681 584 doctissimum
720 543 889 592 Virum,
927 542 1005 594 qui
1039 555 1066 582 a
1100 543 1394 584 multitudine
1430 556 1671 594 curarum,
1714 556 1830 596 quas

190 616 237 655 in
255 615 393 655 rebus
409 614 743 655 Universitatis
759 614 896 664 gerit,
912 614 1301 665 superintendens
1316 621 1529 656 vocatur.
1546 616 1720 666 Quibus
1738 628 1830 656 non

194 693 291 726 tam
306 692 445 737 grata
461 685 648 725 fuerunt
663 685 950 725 ferculorum
970 685 1161 737 vinique
1182 685 1371 726 diversa
1393 697 1570 738 genera
1589 687 1724 738 (quae
1744 687 1831 739 ipsi

189 757 502 807 contulerant)
526 768 667 808 quam
689 768 744 796 ea
766 768 885 808 quae
907 768 934 796 a
956 756 1130 797 nostris
1152 757 1522 809 apponebantur,
1549 758 1830 799 Germanica

191 829 370 869 scilicet
393 834 436 868 et
457 839 633 878 graeca
654 828 813 867 brevis
835 828 1015 878 concio,
1038 827 1293 879 disputatio
1315 828 1362 868 in
1377 829 1565 879 graecis
1589 829 1768 880 litteris,
1787 830 1833 869 in

192 900 441 940 dialectica
470 905 514 938 et
548 899 799 950 theologia.
834 898 964 949 Quae
1000 900 1157 939 omnia
1185 900 1401 951 quamvis
1430 900 1834 952 impraemeditate

194 972 288 1012 scre
310 971 487 1022 fierent,
512 971 576 1010 illi
598 976 756 1011 tamen
773 971 830 1010 iis
852 971 917 1011 ita
940 970 1276 1022 afficiebantur,
1300 977 1350 1012 ut
1379 973 1597 1023 neglecto
1621 971 1832 1023 prandiO,

194 1043 309 1083 nihil
343 1041 470 1082 aliud
505 1047 701 1092 agerent
734 1053 875 1093 quam
915 1041 1076 1082 audire
1108 1048 1153 1082 et
1183 1049 1414 1094 spectare.
1448 1042 1576 1083 Rara
1607 1043 1750 1094 enim,
1787 1049 1835 1083 ut

192 1113 446 1154 contestati
472 1118 600 1163 sunt,
624 1112 741 1153 haec
764 1113 877 1164 ipsis
893 1113 1188 1154 videbantur.
1210 1114 1355 1154 Multa
1376 1115 1539 1166 paucis
1563 1114 1730 1154 dicam.
1754 1115 1834 1154 Be-

193 1184 538 1235 nignissimum‚
564 1183 963 1235 sapientissimum
982 1184 1457 1237 liberalissimumque
1474 1191 1676 1225 tutorem
1697 1191 1741 1225 et
1758 1197 1834 1237 pa-

193 1263 382 1296 tronum
401 1255 535 1295 RmuS
552 1255 598 1295 in
619 1254 802 1295 CHRO.
827 1254 1057 1295 Dominus
1079 1256 1402 1308 Laybacensis
1426 1256 1560 1297 nobis
1582 1267 1684 1296 sese
1705 1268 1833 1308 prae-

195 1328 285 1368 bet.
310 1327 540 1367 Dominus
559 1327 697 1379 Jesus
719 1327 777 1367 sit
800 1327 866 1366 illi
886 1322 1068 1367 merces
1091 1328 1441 1379 copiosissima.

274 1398 427 1439 Venio
450 1398 641 1438 tandem
663 1397 720 1437 ad
741 1398 923 1449 regiam
944 1398 991 1438 in
1006 1410 1092 1439 nos
1114 1398 1342 1450 pietatem
1363 1405 1505 1451 atque
1523 1399 1834 1440 clementiam.

198 1470 327 1521 Quae
346 1482 401 1510 eo
423 1469 640 1522 ampliori
666 1470 803 1510 laude
826 1469 969 1521 digna
999 1476 1089 1521 est,
1123 1482 1213 1522 quo
1242 1472 1396 1511 minus
1418 1471 1475 1511 iis
1498 1471 1652 1522 cessit,
1677 1471 1754 1523 qui
1774 1471 1837 1510 ni-

197 1542 261 1581 hil
282 1541 496 1581 utilitatis
517 1553 576 1581 ex
597 1541 688 1581 hoc
709 1540 918 1592 Collegio
940 1541 1240 1593 proditurum
1261 1542 1521 1594 credentes,
1546 1543 1603 1583 ab
1626 1541 1722 1594 ejus
1745 1554 1839 1582 ere-

197 1613 351 1653 ctione
379 1612 612 1652 dehortati
640 1619 762 1652 sunt.
790 1613 896 1665 Jam
924 1613 1047 1652 enim
1076 1613 1132 1653 ab
1164 1613 1295 1654 initio
1323 1614 1461 1654 valde
1490 1615 1767 1654 clementem
1796 1619 1840 1653 et

196 1684 449 1736 propitiam
469 1695 519 1723 se
540 1683 673 1723 nobis
695 1683 918 1724 exhibuit.
945 1683 1094 1735 Quem
1116 1685 1343 1736 animum,
1367 1697 1462 1725 non
1484 1686 1637 1725 solum
1657 1697 1751 1725 non
1773 1697 1838 1725 re-

197 1755 343 1807 misit,
369 1755 451 1795 sed
479 1754 774 1795 confirmavit
802 1755 1024 1807 auxitque
1052 1755 1318 1807 plurimum.
1349 1756 1473 1797 Dum
1502 1757 1622 1796 enim
1658 1756 1706 1796 in
1739 1755 1839 1808 Sty-

197 1826 318 1866 riam
339 1826 427 1866 iter
448 1826 656 1876 haberet,
681 1826 801 1866 inter
821 1826 1121 1877 gravissima,
1148 1839 1266 1878 quae
1288 1833 1399 1867 tunc
1427 1828 1677 1878 tractabat,
1701 1838 1838 1878 nego-

198 1898 282 1948 tia,
306 1898 456 1937 nostri
487 1897 762 1937 memoriam
793 1903 930 1948 atque
952 1909 1116 1938 curam
1137 1898 1254 1938 adeo
1283 1911 1377 1938 non
1400 1899 1633 1950 seposuit,
1659 1904 1707 1938 ut
1729 1899 1838 1938 assi-

197 1974 364 2019 gnaret
381 1968 590 2008 redditus
609 1967 836 2019 Collegio,
857 1980 1031 2020 eosque
1048 1969 1238 2010 minime
1260 1974 1439 2021 ten'ues,
1465 1970 1589 2010 mille
1607 1976 1651 2010 et
1673 1970 1836 2010 ducen-

197 2047 270 2080 tos
292 2040 468 2080 scilicet
490 2039 692 2080 florenos
711 2051 718 2091 ;
742 2040 820 2080 ubi
841 2040 983 2080 etiam
1005 2041 1130 2081 misit
1160 2041 1341 2082 litteras
1363 2041 1423 2081 ad
1444 2042 1607 2082 varios
1628 2041 1839 2082 consilia-

196 2111 294 2152 rios
315 2123 440 2162 suos,
466 2112 512 2151 in
533 2111 700 2162 quibus
722 2111 843 2151 serio
868 2111 1120 2152 admodum
1148 2113 1484 2165 praecipiebat,
1509 2119 1558 2153 ut
1579 2113 1684 2153 illae
1706 2124 1839 2164 pecu-

197 2182 303 2223 niae
338 2183 533 2223 fideliter
569 2188 947 2233 numerarentur3
986 2184 1341 2234 praescribebat
1376 2185 1520 2225 etiam
1553 2196 1643 2236 quo
1679 2183 1839 2224 ordine

196 2254 456 2305 quibusque
486 2254 596 2294 anni
617 2254 906 2305 temporibus
935 2254 1257 2296 redderentur.
1285 2255 1524 2296 Reversus
1546 2261 1701 2296 autem
1722 2255 1837 2305 Rex,

197 2336 305 2365 cum
334 2325 639 2365 intellexisset
667 2325 800 2365 nobis
818 2325 980 2366 deesse
1001 2326 1285 2367 vestimenta
1306 2327 1385 2367 illa
1407 2338 1561 2378 sacra,
1588 2326 1755 2378 quibus
1776 2326 1838 2366 in-

200 2396 277 2435 dui
299 2397 449 2436 solent
476 2396 746 2436 sacerdotes
773 2396 943 2437 facturi
965 2409 1125 2449 sacra,
1158 2398 1350 2438 immisit
1380 2410 1434 2438 ea
1456 2398 1660 2450 duplicia
1684 2397 1839 2438 omnia

196 2473 243 2507 et
278 2467 490 2518 pallium.
520 2473 570 2507 ut
598 2474 795 2519 vocant,
829 2475 1106 2520 sumptuosa
1138 2470 1392 2510 admodum
1430 2482 1486 2510 ac
1520 2470 1657 2521 plane
1691 2469 1839 2519 regia.

199 2537 381 2579 Paucos
403 2539 542 2579 etiam
565 2544 671 2590 post
694 2539 792 2579 dies
814 2540 942 2580 venit
970 2540 1071 2581 Rex
1098 2541 1197 2592 ipse
1222 2541 1281 2581 ad
1304 2541 1495 2581 domum
1516 2546 1742 2590 nostram,
1767 2551 1838 2580 co-

199 2610 391 2650 mitatus
412 2616 510 2650 tota
533 2610 630 2650 fere
652 2611 774 2661 aula,
806 2617 854 2650 ut
876 2612 1017 2652 situm
1037 2612 1151 2663 loci,
1185 2612 1515 2662 habitationes,
1540 2611 1840 2651 refectorium

198 2687 244 2721 et
265 2681 356 2721 alia
384 2681 578 2732 videret,
603 2681 680 2721 ubi
702 2694 760 2721 ex
780 2682 938 2722 vultus
960 2683 1308 2734 constitutione,
1333 2694 1472 2734 quem
1502 2693 1616 2734 erga
1637 2693 1723 2722 nos
1745 2682 1840 2722 ani-

200 2763 327 2792 mum
348 2758 553 2803 gereret,
578 2752 714 2792 facile
736 2752 821 2793 fuit
843 2753 1207 2805 deprehendere.
1245 2753 1454 2794 Acturus
1483 2759 1639 2794 autem
1660 2753 1840 2805 gratias

200 2834 305 2863 cum
327 2829 449 2863 esset
469 2823 590 2864 Rdus
611 2823 660 2864 P.
686 2823 910 2864 Claudius
931 2825 988 2864 ob
1010 2824 1133 2864 hanc
1150 2825 1489 2876 benignitatem
1507 2830 1550 2865 et
1573 2824 1840 2876 assignatos

201 2894 424 2945 redditus,
448 2894 530 2934 vix
552 2894 597 2934 id
619 2895 811 2945 ferebat,
836 2895 1052 2947 serioque
1080 2895 1264 2936 dicebat
1294 2896 1343 2936 P.
1371 2895 1591 2937 Claudio:
1615 2896 1655 2935 si
1677 2907 1767 2947 qua
1790 2905 1840 2934 re

199 2976 318 3016 opus
343 2965 474 3004 vobis
502 2966 581 3012 sit,
605 2968 712 3006 nolo
740 2967 991 3017 reticeatis3
1021 2978 1109 3018 ego
1137 2968 1260 3008 enim
1281 2975 1521 3020 protector
1542 2972 1700 3007 vester
1722 2977 1838 3005 sem-
