2074 3179
894 197 974 233 Ax.
1007 195 1093 233 1551
1738 193 1801 230 321

179 294 442 337 certissima
476 292 696 332 bonitatis
729 292 924 341 indicia,
962 291 1098 331 fidem
1132 290 1265 330 nobis
1293 289 1403 329 fecit
1430 289 1684 328 maximam
1712 289 1810 340 ejus

184 366 303 418 spei.
331 375 470 416 quam
497 371 540 403 et
567 363 655 414 ipsi
685 362 741 402 de
766 363 839 402 his
867 362 1166 413 concepimus
1199 366 1243 400 et
1276 360 1379 400 aliis
1415 360 1689 411 praedicare
1718 372 1811 400 non

186 435 512 477 dubitavimus.
537 432 703 473 Carnis
725 439 768 473 et
789 433 1006 484 propriae
1026 431 1280 472 voluntatis
1310 432 1374 479 (ut
1404 430 1467 470 ita
1497 430 1665 480 dicam)
1696 442 1812 470 mor-

186 505 427 547 tificationi
447 511 491 544 et
523 504 824 555 abnegationi
854 504 919 543 sic
948 516 1006 543 ex
1040 503 1194 542 animo
1226 507 1398 542 vacant
1429 507 1472 541 et
1510 501 1733 551 hilariter,
1766 508 1814 541 ut

188 577 401 617 omnibus
441 575 760 624 admirationi,
797 575 931 614 nobis
965 585 1079 614 vero
1115 573 1255 613 etiam
1286 572 1453 623 pudori
1492 572 1596 611 sint.
1634 572 1815 612 Praeci-

188 659 276 699 pue
310 658 424 686 vero
460 646 639 696 stupori
674 651 756 690 est,
791 651 835 684 et
870 656 1018 695 paene
1053 643 1208 684 multis
1242 655 1334 683 non
1368 642 1554 683 videtur
1587 644 1814 693 naturale,

189 718 312 770 quod
333 717 539 757 omnium
561 717 925 756 domesticorum
946 726 1137 755 suorum
1156 720 1287 754 tanta
1308 726 1389 754 eos
1409 714 1529 765 cepit
1551 714 1746 762 oblivio,
1770 720 1818 754 ut

190 802 247 829 ne
284 800 445 829 eorum
471 788 677 838 quidem,
708 798 827 838 quae
856 786 1105 837 aliquando
1132 786 1221 837 ipsi
1256 785 1381 825 domi
1408 784 1634 835 fecerunt,
1668 797 1818 825 recor-

192 861 379 900 dentur:
418 865 462 898 et
502 859 540 898 si
572 858 645 897 cui
679 857 798 897 forte
831 863 909 896 aut
943 857 1102 896 fratris
1141 862 1221 896 aut
1260 857 1450 896 alterius
1484 856 1821 906 consanguinei

193 942 319 970 mors
352 929 597 969 nuncietur
634 930 757 975 (nam
793 928 881 967 hoc
915 927 1090 967 factum
1125 927 1441 978 superioribus
1471 926 1633 967 diebus
1662 933 1711 967 ut
1744 927 1822 966 uni

192 1002 356 1050 frater,
387 999 465 1051 qui
497 997 719 1038 sacerdos
750 1004 865 1048 erat,
897 998 1030 1037 alteri
1057 1009 1304 1047 germana,
1334 998 1412 1038 alii
1434 998 1574 1038 etiam
1594 1010 1653 1038 ex
1674 1004 1822 1038 matre

193 1072 302 1111 avia
329 1076 513 1110 mortua
550 1069 623 1116 sit)
653 1080 747 1108 non
774 1069 923 1108 solum
945 1080 1040 1108 non
1068 1069 1354 1109 commoveri
1380 1070 1651 1120 quicquam,
1677 1070 1759 1109 sed
1780 1075 1822 1109 et

194 1142 331 1182 hilari
358 1141 510 1182 fronte
541 1141 755 1190 accipere
782 1140 1054 1190 videantur,
1088 1139 1291 1191 illudque
1318 1152 1460 1180 unum
1494 1140 1822 1192 respondeant,

196 1219 358 1265 optare
379 1224 428 1252 se
449 1218 498 1252 ut
528 1221 689 1251 eorum
720 1211 876 1250 anima
896 1210 1161 1261 requiescat
1194 1211 1242 1251 in
1262 1223 1392 1262 pace.
1417 1211 1552 1262 Quod
1579 1212 1618 1252 si
1639 1212 1825 1263 quando

197 1287 322 1333 (nam
360 1284 449 1322 hoc
487 1293 594 1322 raro
640 1281 931 1331 conceditur,
973 1292 1122 1332 neque
1158 1281 1332 1332 absque
1372 1283 1462 1321 alio
1496 1284 1730 1327 nostrum)
1767 1283 1826 1322 ad

196 1366 308 1394 suos
337 1354 445 1393 dum
473 1352 654 1403 aegroti
681 1351 962 1392 decumbunt
982 1351 1272 1403 invisendos,
1304 1353 1459 1403 rogati
1486 1366 1511 1392 a
1539 1354 1824 1404 parentibus,

193 1437 274 1465 eos
302 1424 594 1474 dimittimus,
624 1423 788 1463 videas
812 1423 932 1463 inter
961 1423 1175 1463 virorum
1201 1423 1536 1475 mulierumque
1557 1426 1827 1476 lachrymas

195 1496 593 1536 adolescentulum
626 1494 764 1534 siccis
797 1494 954 1545 genis,
998 1494 1123 1533 virili
1161 1500 1351 1545 pectore
1391 1496 1615 1547 senilique
1656 1503 1823 1545 mente,

197 1567 412 1619 quamvis
431 1578 549 1606 voce
569 1566 748 1617 puerili,
779 1564 1108 1605 adhortantem
1130 1577 1324 1616 aegrum
1338 1565 1665 1618 jubentemque
1688 1567 1744 1607 de
1765 1567 1825 1607 di-

198 1639 309 1678 vina
330 1637 652 1677 misericordia
669 1637 785 1676 bene
807 1648 1012 1688 sperare,
1037 1642 1315 1688 caeteraque
1338 1636 1685 1689 admonentem,
1711 1650 1829 1689 quae

199 1716 308 1749 tunc
347 1709 571 1759 temporis
600 1709 748 1748 solent
777 1720 877 1747 esse
916 1708 1183 1758 utilissima,
1215 1714 1258 1748 et
1285 1708 1470 1748 demum
1498 1709 1661 1748 eodem
1699 1710 1829 1749 vultu

201 1786 337 1831 atque
360 1779 501 1819 animi
540 1779 706 1819 robore
745 1779 934 1819 domum
956 1779 1014 1818 ad
1035 1791 1119 1818 nos
1149 1779 1342 1829 reverti,
1368 1791 1457 1830 quo
1480 1787 1586 1820 ante
1608 1781 1829 1820 discesse-

197 1857 320 1902 rant,
345 1850 779 1902 obstupescentibus
800 1856 844 1890 et
861 1850 993 1901 quasi
1010 1851 1401 1901 conquerentibus
1425 1852 1588 1891 amicis
1613 1852 1668 1891 de
1688 1852 1831 1891 nimia

200 1922 368 1962 duritie
405 1922 487 1970 (sic
526 1921 649 1961 enim
682 1921 795 1972 ipsis
831 1921 1109 1972 appellanda
1143 1921 1344 1971 videtur)
1379 1928 1422 1961 et
1453 1922 1692 1973 impietate
1724 1923 1831 1963 ado-

202 1993 437 2043 lescentis,
475 2004 582 2032 cum
612 1998 767 2032 tamen
797 1992 933 2032 unica
964 1992 1021 2032 sit
1047 1992 1196 2042 pietas
1218 1992 1264 2031 in
1292 1993 1379 2032 hoc
1408 2004 1580 2044 genere
1608 2005 1710 2034 esse
1740 2006 1831 2034 non

202 2065 343 2115 pium.

282 2134 535 2174 Proficiunt
556 2139 600 2173 et
621 2133 685 2173 illi
706 2134 752 2173 in
774 2133 959 2183 studiis,
984 2139 1028 2173 et
1049 2145 1108 2173 ex
1129 2133 1202 2174 his
1223 2146 1319 2185 sex,
1345 2135 1424 2186 qui
1445 2135 1600 2175 latinis
1627 2136 1763 2175 simul
1792 2142 1835 2175 et

203 2206 390 2256 graecis
428 2205 593 2245 litteris
635 2210 827 2254 vacant,
870 2205 1162 2256 quadruplici
1201 2206 1536 2257 compositione
1571 2207 1837 2248 alternatim

204 2281 498 2327 exercentur,
523 2275 745 2316 metricae
767 2275 945 2315 scilicet
967 2282 1011 2316 et
1032 2277 1211 2316 solutae
1233 2277 1458 2317 orationis
1486 2278 1726 2330 utriusque
1755 2279 1837 2318 lin—

205 2358 343 2398 guae.
368 2347 473 2397 His,
497 2347 617 2387 sicut
638 2352 682 2386 et
703 2346 856 2393 nobis,
879 2347 954 2386 lex
975 2352 1064 2397 est,
1097 2353 1146 2387 ut
1173 2347 1300 2387 domi
1327 2349 1468 2388 latine
1496 2350 1761 2401 loquantur,
1794 2358 1838 2390 et

208 2418 378 2458 habent
400 2429 510 2457 suas
531 2417 833 2469 repetitiones
854 2417 1039 2457 statutis
1061 2418 1209 2468 horis,
1234 2425 1279 2459 et
1306 2431 1660 2471 nonnumquam
1687 2421 1839 2473 dispu-

206 2489 423 2529 tationes
449 2487 539 2529 Sed
556 2487 653 2539 jam
673 2488 729 2528 de
750 2488 1031 2528 domesticis.

287 2559 590 2611 Reliquorum
609 2559 999 2599 scholasticorum
1021 2560 1209 2611 quidam
1230 2567 1416 2612 octavo,
1442 2562 1630 2613 quidam
1660 2562 1840 2603 decimo

207 2630 368 2681 quinto
391 2641 572 2681 quoque
594 2629 667 2669 die
689 2629 992 2670 confitentur:
1016 2636 1123 2671 sunt
1144 2631 1285 2671 etiam
1307 2633 1473 2683 quibus
1495 2633 1608 2673 satis
1630 2639 1700 2674 est
1721 2646 1843 2674 com-

209 2712 396 2741 munem
416 2701 684 2741 scholarum
705 2706 972 2742 nostrarum
994 2702 1124 2753 sequi
1145 2704 1548 2755 consuetudinem,
1574 2711 1624 2744 ut
1649 2705 1844 2756 singulis

209 2772 447 2812 mensibus
470 2772 529 2812 ad
550 2772 790 2811 minimum
811 2773 1134 2813 confiteantur.
1158 2773 1355 2826 Jamque
1377 2775 1543 2815 horum
1564 2776 1753 2826 quidam
1781 2777 1844 2816 ita

214 2842 532 2893 profecerunt,
564 2854 657 2882 non
678 2843 831 2883 dicam
857 2843 904 2883 in
932 2844 1195 2884 litterarum
1225 2846 1399 2896 studio,
1432 2858 1542 2886 nam
1569 2846 1657 2886 hoc
1685 2853 1730 2886 et
1759 2848 1845 2899 ipsi

212 2919 491 2964 agnoscunt,
516 2913 597 2954 sed
615 2914 662 2953 in
683 2914 1016 2965 spiritualibus,
1037 2921 1087 2956 ut
1103 2916 1219 2956 alios
1236 2917 1378 2956 etiam
1395 2923 1639 2968 venentur,
1664 2930 1780 2969 quos
1800 2919 1847 2958 in

213 2983 338 3023 idem
357 2989 455 3024 rete
476 2995 636 3024 secum
656 2984 860 3032 trahant,
886 2986 1186 3038 succeditque
1207 2987 1298 3027 illis
1320 2988 1407 3028 hoc
1425 2999 1542 3039 opus
1560 2988 1685 3029 haud
1702 2989 1845 3029 infeli-

408 3058 457 3097 T.
489 3070 515 3097 1.

1617 3076 1655 3098 ’.“[
