2074 3179
827 226 908 262 AN.
942 226 1026 263 1551
1253 197 1257 202 ’
1672 225 1742 261 119

117 325 316 365 caeteris
343 324 645 372 antecellunt,
675 335 814 375 quam
845 323 923 374 qui
943 322 1068 362 facili
1096 322 1298 373 quadam
1319 321 1642 372 tractabilique
1666 333 1741 361 na-

117 401 222 435 tura
237 394 450 446 praediti,
469 393 615 434 divini
631 395 782 434 cultus
799 394 976 434 incensi
991 393 1237 442 desiderio,
1258 403 1419 432 sacras
1435 392 1588 443 potius
1605 403 1741 443 quam

116 466 340 518 profanas
362 467 542 506 litteras
572 467 930 517 amplectuntur:
950 477 1008 505 ex
1025 465 1190 515 quibus
1202 469 1307 503 sunt
1322 463 1454 503 multi
1470 463 1547 514 qui
1564 474 1743 502 summo

118 549 268 587 mane,
292 539 564 589 priusquam
585 537 807 577 lectiones
829 536 1033 576 audituri
1050 536 1236 575 scholas
1252 540 1428 586 petant,
1452 534 1499 573 in
1520 534 1577 573 D.
1601 533 1742 573 Anto-

117 609 194 659 nii,
225 620 249 648 e
277 608 600 648 remotissimis
622 608 761 648 etiam
784 608 989 648 civitatis
1010 607 1235 658 partibus,
1265 612 1315 646 ut
1335 606 1404 645 rei
1422 617 1586 645 sacrae
1608 605 1744 645 inter-

116 691 217 719 esse
246 680 439 731 possint,
472 681 734 720 accelerato
765 679 927 719 itinere
954 679 1228 728 convolant,
1254 684 1297 717 et
1319 677 1481 717 diebus
1501 675 1746 716 dominicis·

119 751 414 801 concionem,
441 763 558 802 quae
586 751 633 790 in
667 750 830 790 eadem
861 750 974 789 aede
1010 761 1034 788 a
1064 749 1267 788 Domino
1296 748 1434 788 Petro
1462 747 1518 787 de
1548 746 1744 787 Rivade-

120 822 265 871 neira,
290 833 463 873 magna
489 822 728 861 hominum
756 822 897 861 etiam
925 821 1204 860 nobiliorum
1232 819 1508 871 frequentia,
1532 818 1744 865 habetur,

121 893 403 933 avidissimis
426 893 615 932 auribus
635 905 729 933 non
749 899 845 932 tam
864 891 1080 932 Videntur
1103 892 1367 931 auscultare
1384 902 1524 942 quam
1541 889 1744 929 haurire.

123 963 295 1004 Omnes
318 964 513 1015 singulis
535 964 786 1013 mensibUS,
810 963 941 1003 multi
958 963 1099 1002 etiam
1116 962 1317 1013 saepius,
1342 961 1634 1011 confitentum
1654 961 1748 1012 qui—

119 1034 204 1073 bus
226 1035 461 1074 exercitiis
482 1046 686 1085 eousque
708 1034 947 1084 progressi
969 1039 1090 1083 sunt,
1114 1038 1163 1072 ut
1183 1032 1391 1073 nonnulli
1412 1031 1547 1083 hujus
1569 1031 1749 1071 fallacis

119 1106 278 1145 mundi
306 1105 497 1145 delicias
525 1111 569 1145 et
604 1105 847 1144 illecebras
882 1105 1058 1156 perosi,
1092 1104 1151 1144 ad
1185 1109 1335 1143 tutum
1369 1114 1679 1154 securumque
1706 1109 1750 1142 et

119 1177 254 1216 unice
289 1177 590 1228 tranquillum
620 1176 860 1227 religionis
895 1182 1080 1227 portum
1115 1175 1431 1225 confugerint,
1470 1181 1513 1214 et
1548 1180 1749 1214 mentem

122 1247 427 1297 obedientiae,
452 1247 684 1287 castitatis
703 1253 747 1286 et
768 1246 1059 1298 paupertatis
1080 1246 1302 1285 anchoris
1323 1245 1563 1285 fundarint
1584 1257 1640 1285 ac
1661 1250 1750 1284 sta-

120 1318 340 1368 bilierint;
365 1318 443 1358 alii
464 1318 530 1358 sic
548 1329 706 1358 amore
724 1318 964 1368 religionis
985 1317 1208 1368 flagrant,
1234 1317 1301 1356 sic
1322 1316 1686 1367 inflammantur,
1703 1322 1752 1355 ut

123 1389 237 1429 nihil
266 1395 507 1440 expetant,
547 1388 661 1428 nihil
695 1389 921 1438 cogitent,
952 1388 1066 1427 nihil
1100 1387 1373 1437 moliantur,
1412 1399 1552 1439 quam
1586 1387 1752 1438 quibus

122 1460 210 1500 viis
233 1466 312 1500 aut
333 1460 484 1500 modis
501 1472 603 1499 sese
624 1460 670 1499 in
686 1464 955 1499 nostrorum
971 1459 1151 1510 possint
1169 1458 1407 1498 insinuare
1423 1458 1642 1508 gratiam,
1662 1470 1753 1509 quo

122 1531 306 1571 facilius
324 1532 370 1571 in
391 1530 674 1571 Societatem
695 1535 987 1581 cooptentur,
1013 1535 1056 1569 et
1083 1535 1131 1568 ut
1158 1529 1431 1569 Horatianis
1452 1529 1608 1569 verbis
1630 1535 1750 1568 utar:

314 1684 399 1721 illis
419 1683 544 1721 tarda
562 1684 700 1721 fluunt
718 1683 981 1730 ingrataque
1000 1688 1212 1729 tempora,
1234 1692 1347 1729 quae
1368 1692 1490 1728 spem

314 1749 630 1796 consiliumque
660 1754 889 1785 morantur
920 1746 1079 1794 agendi
1111 1747 1328 1794 gnaviter,
1362 1747 1405 1784 id
1437 1747 1553 1794 quod

315 1824 453 1861 aeque
473 1814 737 1860 pauperibus
757 1812 950 1860 prodest,
973 1812 1266 1860 locupletibus
1287 1822 1429 1859 aeque
1447 1813 1470 1858 ¹,

127 1957 191 1997 ita
213 1963 262 1997 ut
283 1958 418 2008 quasi
440 1957 728 2008 importunis,
752 1957 840 2008 piis
861 1963 1018 1997 tamen
1040 1963 1083 1996 et
1103 1956 1254 2007 gratis
1274 1956 1509 2006 precibus,
1528 1962 1578 1995 ut
1597 1956 1757 1995 admit-

112 2026 286 2068 tantur
308 2028 605 2068 contendant.
628 2028 869 2068 Hactenus
891 2028 946 2067 de
968 2027 1222 2078 discipulis.

208 2099 341 2139 Nunc
363 2099 660 2139 sacerdotum
682 2099 729 2139 in
750 2100 1002 2138 multorum
1032 2098 1401 2138 confessionibus
1423 2097 1665 2137 audiendis
1688 2109 1759 2137 oc-

130 2170 407 2221 cupationes
442 2170 661 2220 intellige.
700 2169 816 2210 Cum
844 2169 1062 2210 Summus
1096 2168 1313 2209 Pontifex
1343 2169 1556 2208 omnibus
1590 2169 1668 2220 qui
1702 2168 1761 2207 ab

132 2241 304 2291 animo,
329 2241 431 2280 labe
453 2241 660 2280 omnium
679 2241 905 2280 vitiorum
926 2246 970 2280 et
991 2246 1293 2292 peccatorum
1315 2251 1399 2291 per
1421 2239 1763 2279 confessionem

131 2318 333 2363 purgata
370 2318 414 2351 et
450 2312 634 2362 penitus
668 2312 901 2361 abstersa,
931 2316 1286 2351 sacrosanctam
1314 2311 1534 2362 synaxim
1561 2310 1762 2361 recepis—

133 2389 250 2432 sent,
290 2382 497 2422 omnium
529 2388 832 2434 peccatorum
862 2382 1199 2431 remissionem,
1237 2393 1376 2432 quam
1400 2380 1654 2432 jubilaeum
1683 2392 1761 2420 vo-

133 2460 255 2504 cant,
280 2453 569 2504 indulsisset,
594 2458 751 2493 tantus
777 2453 1116 2504 poenitentium
1142 2463 1366 2492 numerus
1394 2451 1453 2491 ad
1479 2463 1566 2492 nos
1593 2451 1763 2491 conflu-

131 2524 199 2564 xit
220 2530 270 2565 ut
289 2525 399 2564 totis
419 2524 684 2575 quindecim
712 2523 874 2564 diebus
901 2523 961 2564 ad
991 2524 1187 2564 multam
1215 2535 1362 2574 usque
1384 2529 1569 2563 noctem
1591 2523 1637 2562 in
1659 2534 1765 2562 con-

132 2595 411 2635 fessionibus
434 2595 678 2635 audiendis
707 2594 931 2635 fuerimus
965 2595 1202 2645 occupati,
1234 2595 1297 2634 ita
1329 2600 1379 2634 ut
1409 2599 1592 2645 tempus
1622 2594 1765 2633 ullum

132 2666 275 2706 libere
297 2665 561 2717 respirandi
581 2671 625 2704 et
647 2665 853 2705 animum
875 2665 1126 2716 colligendi
1141 2665 1277 2704 nobis
1297 2677 1393 2705 non
1414 2664 1765 2712 concederetur;

135 2742 179 2776 et
201 2747 307 2776 cum
326 2736 415 2788 piis
436 2736 643 2776 omnium
665 2735 907 2776 desideriis
929 2735 1203 2776 satisfacere
1224 2747 1317 2775 non
1336 2746 1592 2787 possemus,
1618 2735 1767 2783 multi,

136 2807 352 2858 quamvis
384 2817 548 2857 aegre,
586 2819 612 2846 a
647 2807 781 2847 nobis
808 2813 1005 2858 urgente
1031 2807 1313 2846 necessitate
1343 2806 1529 2856 divulsi,
1554 2806 1644 2845 alio
1667 2817 1769 2846 sese

137 2883 333 2928 peccata
355 2877 615 2918 confessuri
636 2878 938 2930 recipiebant3
975 2889 1197 2918 numerus
1226 2888 1403 2927 eorum,
1434 2877 1511 2928 qui
1541 2889 1568 2916 a
1595 2877 1771 2917 nostris

194 3039 203 3058 ¹
246 3038 387 3067 HoRA'r..
407 3038 573 3072 Epist.,1.
590 3045 610 3071 1,
627 3039 724 3072 epist.
742 3040 766 3066 1.
