2074 3179
930 196 1012 233 AN.
1045 196 1131 233 1551
1775 195 1845 231 343

219 293 559 344 singularitate.
580 293 683 333 Non
699 299 891 333 cantant
912 293 957 333 in
979 293 1178 344 templis;
1197 303 1358 332 corum
1380 291 1605 331 exercitia
1626 302 1720 331 non
1741 303 1848 331 con·

219 364 365 404 tinent
386 374 584 414 magnas
605 365 916 415 poenitentias
937 370 982 404 et
1002 364 1194 414 similia;
1219 363 1301 403 sed
1329 362 1481 403 omnia
1512 362 1849 413 propemodum

219 440 326 474 sunt
347 435 611 475 communia
633 441 677 476 et
699 436 885 476 interim
910 436 1171 487 perducunt
1201 434 1259 474 ad
1287 433 1509 474 maxima.
1538 433 1673 473 Nova
1700 433 1848 484 profe-

221 511 294 545 cto
311 511 356 544 et
372 506 579 546 inaudita
601 507 989 558 sanctissimaque
1008 512 1114 546 sunt
1131 507 1261 557 haee,
1287 506 1405 545 sicut
1422 514 1467 544 et
1483 505 1658 545 dictum
1674 515 1849 543 novum

219 575 294 615 X.i
320 577 605 617 mandatum.
636 577 739 618 Non
767 578 890 629 quod
920 578 1129 618 habitum
1157 584 1201 618 et
1230 577 1343 626 alia,
1376 587 1494 627 quae
1522 575 1847 626 religiosorum

220 653 349 697 sunt,
385 647 658 688 damnemus
694 649 740 688 in
774 649 861 699 eis,
897 649 1062 700 quibus
1096 649 1213 688 haec
1247 654 1353 687 sunt
1387 646 1653 686 necessaria
1688 652 1731 685 et
1765 646 1847 685 uti-

220 718 303 769 lia,
337 725 423 759 etc.
449 718 584 770 Quod
613 720 672 760 ad
693 727 805 760 vota
827 719 961 771 hujus
981 732 1133 760 novae
1154 725 1438 770 sanctaeque
1469 717 1717 758 Societatis
1747 718 1846 757 atti-

219 795 317 840 net,
342 797 514 830 vovent
536 791 763 842 imprimis
784 791 875 831 tria
896 797 1006 830 vota
1028 790 1378 840 substantialia,
1403 800 1531 829 more
1553 789 1759 828 omnium
1779 800 1845 828 re-

218 861 506 912 ligiosorum,
531 862 611 901 sed
627 863 765 913 longe
782 862 1064 914 perfectiori,
1085 862 1224 902 immo
1244 860 1583 913 perfectissimo
1604 859 1759 910 modo,
1784 859 1845 898 ita

217 937 266 971 ut
288 931 495 982 ipsorum
514 933 613 972 vita
634 933 788 984 potius
809 934 1024 973 coelestis
1051 945 1107 973 ac
1133 933 1293 973 divina
1321 943 1461 984 quam
1482 932 1686 971 humana
1707 930 1766 970 sit
1784 930 1845 970 di-

217 1002 365 1042 cenda
386 1003 500 1042 vita.
524 1003 713 1043 Vovent
734 1004 857 1044 enim
877 1004 1132 1044 secundum
1152 1004 1303 1043 bullas
1324 1009 1369 1043 et
1390 1002 1746 1042 constitutiones
1767 1000 1844 1041 So-

217 1072 399 1112 cietatis
419 1072 638 1123 ejusdem.
663 1074 713 1114 In
733 1080 1008 1126 paupertate
1030 1086 1191 1114 omnes
1212 1074 1481 1125 religiosos,
1506 1073 1646 1113 etiam
1678 1072 1846 1112 franci-

217 1154 400 1195 scanos,
422 1145 667 1185 excedunt.
692 1146 759 1185 Illi
779 1157 979 1196 namque
997 1145 1119 1185 bona
1135 1145 1401 1185 communia
1418 1156 1557 1196 saepe
1578 1144 1764 1194 habent,
1784 1151 1844 1191 et,

217 1226 301 1266 pro
322 1214 478 1255 Missis
499 1217 821 1267 eleemosynas
842 1217 1129 1267 accipiendo,
1154 1217 1200 1256 in
1221 1222 1495 1268 paupertate
1525 1216 1845 1264 sublevantur,

218 1285 333 1325 haec
350 1297 463 1325 vero
484 1293 646 1326 sancta
665 1286 876 1327 Societas
896 1299 982 1327 nec
1003 1288 1096 1327 ulla
1118 1287 1382 1327 communia
1397 1299 1483 1327 nec
1499 1287 1686 1338 privata
1708 1287 1847 1326 habet

217 1356 359 1406 bona,
390 1368 477 1396 nec
505 1369 589 1408 pro
616 1357 774 1397 Missis
803 1365 882 1398 aut
910 1358 1012 1398 aliis
1041 1358 1285 1398 charitatis
1313 1357 1474 1398 officiis
1501 1359 1844 1409 eleemosynam

218 1427 358 1467 ullam
381 1427 642 1479 admittunt,
667 1428 787 1468 X.um
808 1429 1045 1468 dominum
1061 1429 1267 1480 perfecte
1285 1434 1546 1479 sequentes,
1566 1429 1644 1480 qui
1660 1440 1753 1468 non
1769 1429 1845 1468 ha-

218 1498 315 1538 buit
336 1499 414 1538 ubi
434 1506 575 1551 caput
596 1500 858 1539 reclinaret.
882 1499 1131 1540 Scholares
1158 1500 1345 1551 quidem
1365 1498 1570 1550 ejusdem
1598 1499 1846 1539 Societatls

217 1581 301 1609 sua
322 1570 493 1610 habent
514 1571 732 1621 collegia,
756 1570 894 1622 idque
914 1571 961 1610 in
982 1570 1378 1611 Universitatibus
1398 1570 1518 1619 fere,
1550 1577 1599 1610 ut
1631 1571 1847 1610 videlicet

217 1640 388 1680 ibidem
408 1641 625 1681 studeant
647 1648 1078 1693 praeparenturque
1099 1642 1159 1681 ad
1179 1641 1537 1693 professionem;
1572 1641 1653 1680 sed
1683 1652 1741 1681 ex
1769 1641 1846 1680 hu-

213 1711 415 1762 jusmodi
434 1712 567 1752 bonis
587 1718 666 1752 aut
688 1713 899 1764 collegiis
919 1713 1007 1765 ipsi
1028 1713 1227 1764 professi
1247 1713 1361 1752 nihil
1381 1718 1577 1764 possunt
1607 1713 1654 1752 in
1681 1712 1848 1752 utilita-

217 1789 310 1823 tem
332 1794 467 1823 suam
482 1789 770 1824 convertere.
790 1784 841 1824 In
863 1789 1027 1824 sancta
1048 1796 1230 1836 quoque
1253 1784 1514 1824 obedientia
1537 1795 1697 1823 omnes
1717 1795 1846 1835 supe-

217 1859 344 1904 rant,
369 1854 476 1906 quia
505 1855 603 1894 sine
631 1855 725 1895 ulla
751 1855 1143 1906 tergiversatione
1174 1855 1398 1907 implicita
1424 1855 1500 1895 vel
1526 1855 1749 1905 explicita
1775 1866 1847 1895 co-

216 1930 391 1975 guntur
418 1936 560 1976 agere
595 1931 640 1965 et
667 1926 735 1966 ire
766 1926 825 1966 ad
854 1926 1181 1978 quodcumque
1210 1937 1328 1977 opus
1355 1933 1399 1966 et
1429 1937 1721 1977 quocumque
1748 1926 1847 1965 mit-

216 2002 390 2046 tantur,
410 1996 511 2036 sive
533 1996 591 2036 ad
613 1995 761 2047 indos,
781 1997 881 2036 sive
903 1996 961 2036 ad
978 1997 1256 2048 haereticos,
1277 1998 1376 2037 sive
1394 1997 1453 2037 ad
1474 2002 1647 2046 turcas
1673 1997 1772 2036 sive
1790 1997 1847 2036 ad

217 2067 578 2107 barbarissimas
599 2079 807 2119 quasque
827 2068 1065 2118 nationes,
1089 2068 1229 2108 etiam
1259 2068 1296 2107 si
1324 2079 1549 2119 praesens
1577 2068 1742 2108 mortis
1768 2068 1848 2107 im-

217 2139 412 2178 mineret
432 2139 706 2191 periculum.
731 2139 863 2190 Quod
892 2139 1047 2190 itaque
1078 2145 1269 2179 sanctus
1296 2139 1578 2179 Franciscus
1606 2151 1665 2178 ex
1692 2149 1847 2190 super-

218 2209 475 2250 abundanti
496 2210 584 2249 Dei
604 2211 702 2250 zelo
723 2211 867 2250 semel
887 2211 1100 2259 tentavit,
1125 2210 1183 2249 ad
1205 2210 1292 2250 hoc
1314 2210 1361 2250 hi
1382 2210 1534 2250 sancti
1554 2209 1632 2249 filii
1661 2221 1710 2249 se
1738 2216 1848 2250 voto

219 2281 442 2332 obligant,
467 2282 505 2321 si
526 2293 580 2321 eo
601 2281 858 2332 mittantur,
883 2288 927 2322 et
946 2282 1101 2333 potius
1121 2282 1241 2321 mori
1257 2293 1397 2333 quam
1419 2282 1588 2333 quovis
1608 2281 1746 2321 modo
1762 2293 1849 2332 pro

219 2353 490 2392 reversione
511 2353 777 2393 sollicitare.
802 2352 936 2393 Hanc
959 2364 1140 2404 quoque
1158 2353 1409 2404 specialem
1431 2352 1742 2392 obedientiam
1768 2364 1847 2392 vo-

221 2429 329 2463 vent
355 2422 546 2464 Summo
579 2423 793 2464 Pontifici
827 2436 912 2475 pro
947 2430 1156 2476 tempore
1190 2424 1423 2464 existenti.
1462 2424 1667 2464 Castitas
1699 2423 1849 2475 major

217 2506 319 2534 esse
338 2506 432 2534 non
462 2500 615 2546 potest
643 2506 783 2546 quam
812 2495 886 2535 cui
913 2507 1075 2536 omnes
1102 2496 1311 2547 religiosi
1338 2507 1388 2535 se
1422 2496 1735 2547 adstringunt.
1766 2495 1848 2535 Po-

219 2571 391 2605 stremo
414 2572 587 2605 vovent
608 2566 858 2617 specialem
879 2578 1041 2606 curam
1068 2578 1319 2618 puerorum
1350 2567 1397 2606 in
1424 2567 1699 2607 rudimentis
1726 2566 1846 2606 fidei.

218 2635 361 2676 Recte
382 2648 494 2676 sane
511 2636 744 2688 praevidit
760 2637 967 2689 ipsorum
983 2638 1161 2689 primus
1178 2638 1430 2689 institutor,
1448 2638 1701 2678 modernus
1717 2650 1847 2689 prae-

217 2707 396 2758 positus
416 2707 647 2758 IgnatiUS,
671 2719 766 2747 non
787 2720 926 2759 posse
946 2709 1169 2749 mundum
1200 2708 1469 2757 reformari,
1499 2708 1590 2748 nisi
1615 2709 1749 2760 pueri
1776 2720 1846 2748 ru-

217 2777 464 2829 dioresque
486 2778 533 2817 in
553 2778 867 2819 fundamentis
887 2779 1101 2831 Xpianae
1122 2780 1363 2830 religionis
1384 2779 1500 2819 bene
1528 2779 1845 2819 instituantur.

219 2848 312 2888 Alii
333 2855 574 2900 exponunt
594 2850 841 2900 evangelia
861 2856 941 2890 aut
962 2851 1207 2902 epistolam
1229 2851 1433 2902 aliquam
1455 2856 1499 2890 et
1517 2850 1632 2890 bene
1652 2850 1844 2890 faciunt.

215 2919 306 2959 Sed
337 2920 385 2959 hi
407 2920 558 2960 sancti
580 2920 659 2960 filii
680 2926 725 2960 et
745 2921 920 2962 domini
940 2922 986 2962 in
1008 2923 1146 2974 longe
1168 2922 1404 2962 humiliori
1425 2934 1480 2962 ac
1510 2922 1661 2973 magis
1688 2934 1844 2962 neces—

217 2990 343 3030 sario
363 2997 615 3030 versantur
644 2991 818 3042 officio,
848 3005 952 3033 cum
980 2994 1026 3032 in
1055 2993 1192 3033 dictis
1219 2993 1510 3033 documentis
1538 2999 1842 3045 occupantur.
