2074 3179
838 172 921 209 AN.
954 172 1042 208 1552
1685 173 1756 209 6¹27

210 270 412 310 Domum
439 269 664 309 habemus
691 281 913 321 capacem
945 270 1070 309 illam
1099 268 1283 320 quidem
1313 274 1357 308 et
1383 269 1521 308 'sitam
1556 270 1753 309 celeber-

130 341 246 381 rimo
269 342 386 391 loco,
410 341 457 380 in
477 341 577 392 ipso
594 340 812 380 nimirum
829 340 1032 380 civitatis
1049 339 1318 390 meditullio,
1337 345 1381 379 et
1398 340 1570 389 templo
1590 339 1754 391 majori

131 413 221 452 situ
256 412 531 463 proximam.
567 411 687 451 Huic
723 410 1021 462 conjunctum
1058 417 1126 450 est
1168 411 1412 460 sacellum,
1459 411 1754 450 commodum

133 483 259 531 satis,
284 494 448 522 verum
474 482 684 522 modicae
714 482 1004 534 capacitatis.
1029 481 1130 521 Hac
1158 481 1299 532 igitur
1326 482 1549 521 exercitio
1577 482 1754 521 schola-

131 553 246 593 stico
268 558 517 604 utcumque
539 552 908 600 accommodata,
932 552 1203 603 evulgatum
1224 558 1293 591 est
1315 551 1572 603 Collegium
1603 552 1754 592 Socie-

133 624 241 663 tatis
260 624 370 676 Jesu
391 623 577 674 linguas
604 624 650 663 in
670 624 847 675 primis,
873 623 1038 663 deinde
1063 622 1155 662 alia
1176 623 1346 673 omnia,
1376 634 1494 674 quae
1522 623 1568 662 in
1597 624 1755 663 huma-

132 706 219 734 nae
255 695 526 745 disciplinae
562 694 713 734 studio
748 694 956 745 praelegi
991 693 1126 734 solita
1161 699 1291 744 sunt,
1328 693 1674 744 professurum;
1712 701 1755 734 et

133 765 256 817 quod
278 766 428 816 magis
445 764 605 805 forsan
622 766 792 817 populo
809 765 1038 816 placebat,
1058 764 1340 816 ipsissimam
1356 763 1477 804 hanc
1495 764 1755 805 doctrinam

132 847 306 887 parvos
327 848 496 887 pueros
524 836 782 876 docturum.
809 835 986 887 Quippe
1008 842 1184 882 tamen,
1215 842 1465 886 antequam
1488 836 1573 875 has
1600 836 1754 876 lectio-

131 920 213 947 nes
248 908 554 957 adoriremur,
586 908 739 947 visum
769 907 853 947 fuit
874 906 1148 958 prudentiae
1181 906 1373 946 Patrum
1407 912 1674 947 nostrorum
1710 914 1757 946 ut

133 977 353 1017 Nicolaus
384 976 393 996 ¹
421 984 579 1018 noster
606 978 935 1017 dilectissimus
962 989 1103 1017 unam
1137 977 1339 1029 aliquam
1369 978 1629 1018 orationem
1657 977 1756 1018 Col—

132 1049 241 1099 legii
268 1047 403 1099 hujus
433 1049 678 1088 consilium
708 1054 1018 1100 exponentem
1046 1049 1387 1099 praemitteret,
1419 1047 1541 1099 quod
1572 1048 1758 1089 indubie

131 1119 265 1159 docte
287 1130 342 1158 ac
369 1119 546 1158 erudite
569 1120 626 1158 ab
653 1119 817 1159 eodem
843 1118 1038 1159 Nicolao
1066 1118 1210 1159 fratre
1240 1125 1400 1159 nostro
1428 1119 1643 1160 effectum
1671 1127 1754 1160 est.

132 1190 264 1230 Alter
284 1190 423 1229 etiam
444 1190 632 1241 quidam
654 1202 711 1229 ex
733 1189 953 1229 fratribus
974 1189 987 1207 '³
1009 1190 1171 1230 eodem
1198 1196 1431 1230 momento
1460 1190 1756 1231 declamatio·
1779 1221 1782 1224 -

133 1272 238 1300 nem
273 1261 320 1300 in
344 1260 530 1300 laudem
556 1261 821 1311 linguarum
850 1261 1028 1309 habuit3
1059 1267 1102 1300 et
1131 1272 1185 1300 ea
1214 1261 1478 1312 linguarum
1511 1262 1753 1312 varietate,

131 1343 219 1383 qua
242 1332 501 1371 luculenter
522 1331 636 1371 satis
656 1331 842 1378 fluebat,
868 1331 1022 1371 multis
1049 1332 1217 1371 mirum
1239 1332 1285 1371 in
1306 1332 1494 1372 modum
1526 1334 1758 1384 placuisse

129 1414 222 1442 non
243 1403 432 1442 dubium
452 1402 661 1442 facimus.

210 1473 467 1524 Studiosos,
491 1475 740 1526 gymnasia
768 1480 925 1514 nostra
956 1473 1319 1525 frequentantes,
1349 1476 1395 1515 in
1418 1482 1616 1527 quatuor
1642 1477 1754 1516 clas-

131 1556 206 1584 ses
226 1545 397 1596 primo;
417 1556 554 1595 nunc,
575 1544 840 1585 auditorum
858 1545 1164 1595 multitudine,
1188 1546 1235 1585 in
1250 1546 1450 1597 quinque
1467 1546 1631 1598 partiri
1653 1558 1756 1586 coa-

131 1616 194 1655 cti
223 1627 404 1667 sumus3
437 1627 634 1667 quarum
666 1615 858 1656 inferior
885 1615 1127 1667 cujusdam
1159 1616 1385 1656 Pelisonis
1415 1616 1757 1658 Grammatices

133 1687 375 1737 elementa,
413 1686 612 1726 disticha
648 1687 860 1736 Catonis,
899 1687 1161 1727 doctrinam
1195 1688 1500 1728 christianam
1529 1689 1758 1729 hactenus

129 1757 336 1798 tradidit.
359 1757 581 1797 Proxima
597 1757 704 1797 huic
721 1758 915 1797 moralia
934 1757 1137 1809 Sulpitii,
1156 1770 1330 1809 genera
1352 1771 1407 1799 ac
1424 1759 1758 1800 declinationes

130 1828 429 1880 Despauterii
456 1829 616 1879 docet;
648 1829 1053 1880 disputationibus,
1084 1829 1203 1870 sicut
1232 1830 1278 1869 in
1306 1831 1503 1870 caeteris
1531 1830 1758 1871 classibus

129 1900 231 1939 fieri
266 1905 448 1951 semper
482 1899 741 1949 consuevit,
778 1899 938 1939 sedulo
966 1907 1121 1940 vacat.
1157 1901 1314 1940 Tertia
1342 1902 1530 1952 syntaxi
1563 1901 1783 1954 Joannis·

130 1969 382 2020 Ninivitae,
420 1969 654 2010 Bucolicis
680 1969 830 2010 Publii
857 1970 1079 2021 Maronis,
1110 1970 1418 2011 familiaribus
1444 1971 1593 2012 Marci
1620 1972 1757 2013 Tullii

131 2041 351 2092 epistolis,
377 2041 702 2092 compositioni
724 2041 920 2093 denique
941 2042 1179 2093 epistolari
1201 2054 1381 2082 summo
1403 2043 1556 2083 studio
1584 2043 1755 2084 incum-

129 2112 209 2152 bit.
242 2111 389 2152 Porro
422 2112 575 2163 quarti
595 2111 771 2151 ordinis
792 2112 988 2152 studiosi
1015 2111 1225 2153 Aeneida
1253 2112 1455 2164 Virgilii,
1487 2112 1758 2155 Amicitiam

129 2183 369 2223 Ciceronis
390 2188 435 2222 et
455 2183 676 2234 pleraque
698 2183 788 2222 alia
810 2183 1018 2233 audiunt,
1043 2184 1263 2235 quoniam
1280 2186 1442 2226 eadem
1458 2185 1576 2227 haec
1592 2186 1758 2228 classis

128 2265 222 2293 non
239 2254 443 2304 segniter
455 2254 500 2293 in
518 2254 844 2293 altercationes
862 2254 1182 2305 scholasticas,
1203 2255 1249 2295 in
1266 2256 1630 2298 declamationes
1650 2258 1757 2298 etin

127 2324 298 2364 similia
315 2324 540 2364 exercitia
562 2335 755 2375 operam
776 2325 919 2375 ponit.
943 2324 1117 2365 Ultima
1138 2326 1324 2377 linguis,
1348 2338 1465 2378 quas
1481 2329 1756 2380 peregrinas

128 2401 315 2445 vocant,
355 2395 588 2435 indefesso
625 2395 778 2435 animo
814 2401 857 2435 et
891 2396 1044 2436 studio
1081 2397 1280 2448 insudat,
1319 2397 1755 2447 Lectionesautem

129 2465 265 2517 hujus
296 2466 460 2506 classis
481 2470 586 2505 sunt
616 2465 844 2517 principia
865 2467 1052 2517 linguae
1072 2478 1296 2519 graecae,
1328 2470 1494 2521 quibus
1520 2482 1632 2516 mox
1651 2472 1752 2511 sul}

122 2536 332 2588 jungitur
354 2537 626 2588 opusculum
652 2536 843 2576 Hesiodi
871 2537 993 2588 quod
1015 2544 1085 2588 περὶ
1107 2543 1205 2590 ’ἐρ-,νου
1224 2545 1278 2577 καὶ
1293 2545 1417 2591 ἡμέρας
1437 2539 1451 2559 ⁵
1469 2541 1750 2589 inscribitur;

182 2788 190 2807 1
231 2787 338 2821 Hujus
353 2794 536 2820 cognomen
551 2793 610 2813 nec
627 2787 802 2819 Polancus,
819 2795 878 2815 nec
895 2787 1115 2821 Orlandinus,
1133 2795 1192 2815 nee
1205 2788 1281 2821 ulli,
1298 2796 1381 2822 quos
1396 2788 1552 2824 viffiffls,
1566 2791 1753 2826 scriptores

129 2835 266 2861 habent.

179 2881 193 2900 ἒ
232 2882 327 2909 Hunc
343 2881 556 2908 Theodorum
569 2881 679 2916 ipsum
692 2881 881 2914 Peltanum,
898 2882 1018 2909 harum
1030 2882 1221 2909 litterarum
1238 2886 1423 2916 auctorem,
1439 2883 1553 2918 fuisse,
1568 2891 1588 2912 a
1604 2883 1753 2914 Polanco

126 2930 329 2963 accepimus.
348 2928 482 2962 Clzron„
497 2932 521 2955 t.
537 2936 570 2961 11,
586 2935 664 2963 pag.
680 2928 742 2961 518,
755 2936 785 2955 n.
801 2929 861 2956 253.

180 2976 193 2996 5
231 2976 354 3003 Verius
372 2970 451 3016 ἔργα
469 2971 523 3002 καὶ
542 2969 671 3015 ἡμέραι.
