2074 3179
941 183 1023 219 Ax.
1056 183 1141 218 1:331
1788 184 1866 220 3111

233 280 333 318 loco
364 279 611 329 plusquam
637 278 760 318 mille
789 285 831 318 et
862 278 1202 329 quinquaginta
1229 278 1410 317 rosaria
1444 284 1599 328 empta
1634 278 1854 319 intellexi.

231 348 638 389 Animadvertitur
671 349 811 388 etiam
844 349 969 388 vitae
997 349 1192 388 mutatio
1227 348 1330 388 aliis
1357 360 1417 387 ex
1451 348 1611 399 signis.
1651 348 1856 389 Primum

231 425 315 469 est,
339 419 461 471 quod
482 419 684 470 quotidie
705 419 764 459 ad
786 420 1059 459 concionem
1081 420 1288 467 veniunt,
1312 419 1453 458 etiam
1473 419 1651 459 feriatis
1679 420 1856 469 diebus,

230 501 372 541 quum
392 490 519 542 prius
540 502 598 530 ne
616 502 873 541 campanae
891 502 1059 531 sonum
1075 490 1401 541 intelligerent.
1422 489 1708 540 Secundum,
1733 491 1857 542 quod

230 572 366 600 nemo
396 561 455 600 ab
482 562 682 601 ecclesia
712 573 784 601 me
813 562 942 612 prius
967 561 1155 612 recedit,
1189 573 1275 601 nec
1303 573 1390 610 me,
1424 560 1573 600 donec
1602 562 1660 601 ab
1695 573 1858 600 eorum

229 631 344 671 locis
366 631 549 682 recedo,
579 632 811 683 relinquit.
836 632 1057 682 Tertium,
1089 632 1213 683 quod
1240 632 1447 672 nonnulli
1476 632 1534 671 ad
1562 632 1654 671 alia
1684 632 1855 683 oppida

230 703 433 742 audituri
465 702 661 742 verbum
694 702 781 742 Dei
812 704 1078 753 convolant,
1111 703 1188 754 qui
1215 703 1344 754 prius
1379 703 1461 742 vix
1490 703 1855 753 praedicationis

228 785 398 813 nomen
425 773 775 813 intellexissent.
809 772 1051 824 Quartum,
1082 774 1204 825 quod
1235 785 1307 813 me
1334 786 1428 813 non
1460 774 1590 825 prius
1616 774 1856 825 patiuntur

224 845 445 884 recedere
465 856 605 895 quam
627 844 681 883 de
709 843 873 893 reditu,
905 844 1025 895 quod
1056 845 1101 884 in
1128 857 1199 884 me
1221 851 1304 893 est,
1328 844 1637 896 promiserim.
1669 844 1851 894 Omnia,

231 915 372 966 ajunt,
397 916 435 954 si
456 915 633 954 deseris
653 926 753 964 nos,
776 921 966 966 propter
992 915 1218 955 factiones
1247 922 1394 955 ruent.
1425 915 1661 966 Quintum,
1694 927 1853 955 occur-

226 992 334 1026 runt
354 985 467 1025 mihi
487 985 577 1024 viri
598 991 641 1024 et
656 985 902 1035 foeminae,
926 986 1131 1036 grandes
1152 992 1195 1026 et
1212 987 1348 1038 parvi
1364 992 1492 1033 natu,
1517 986 1786 1026 sacerdotes
1808 992 1854 1026 et

225 1057 346 1107 laici,
372 1067 514 1107 quum
535 1056 595 1096 ad
614 1056 824 1107 ipsorum
853 1057 956 1096 loca
984 1068 1056 1096 me
1087 1057 1249 1096 venire
1276 1058 1554 1107 intelligunt.
1583 1057 1640 1097 Et
1668 1057 1857 1109 quidem

224 1139 283 1167 ex
304 1127 626 1167 sacerdotibus
646 1128 856 1168 nonnulli
876 1140 934 1167 ex
955 1128 1147 1168 remotis
1166 1129 1283 1168 locis
1304 1129 1481 1168 oraturi
1502 1129 1695 1168 veniunt
1724 1135 1772 1167 ut
1794 1128 1856 1168 ad

225 1210 386 1238 eorum
407 1198 644 1249 ecclesias,
670 1210 788 1250 quae
810 1204 916 1238 sunt
945 1205 1080 1238 extra
1108 1199 1373 1249 dioecesim,
1399 1199 1635 1248 accedam,
1661 1199 1784 1250 quod
1805 1199 1851 1238 li-

225 1270 387 1309 benter
406 1269 544 1320 facio,
568 1281 716 1321 neque
738 1269 784 1310 id
805 1270 1037 1321 Episcopo
1061 1281 1146 1309 nec
1168 1270 1246 1309 alii
1268 1270 1485 1321 cuiquam
1508 1271 1733 1322 displicet.
1757 1270 1851 1310 Ma-

225 1352 319 1391 gna
349 1351 455 1379 cum
477 1341 655 1380 laetitia
677 1341 834 1391 animi,
859 1347 902 1380 et
924 1352 1064 1392 quam
1090 1341 1172 1381 vix
1192 1352 1379 1392 possem
1401 1342 1677 1392 exprimere,
1702 1341 1852 1381 officio

225 1423 328 1451 meo
349 1411 586 1462 fungerer,
609 1412 699 1451 nisi
720 1424 778 1452 ex
799 1418 931 1463 parte
958 1412 1269 1463 quorumdam
1297 1412 1592 1452 sacerdotum
1623 1413 1854 1452 contradi-

224 1483 402 1523 ctiones
418 1484 630 1523 occultae
644 1495 747 1523 eam
762 1489 1093 1534 temperarent.
1110 1483 1399 1523 Placatiores
1416 1489 1460 1522 et
1477 1489 1632 1523 tamen
1648 1483 1737 1534 ipsi
1753 1483 1853 1523 red-

225 1554 410 1603 duntur,
448 1565 590 1605 quum
624 1554 1005 1594 animadvertunt
1039 1554 1085 1594 in
1117 1554 1379 1594 animarum
1418 1555 1621 1605 puritate
1657 1556 1854 1594 salutem

223 1630 434 1664 nostram
464 1625 742 1679 consistere,
773 1624 832 1664 ad
866 1636 1006 1676 quam
1038 1637 1121 1676 per
1155 1625 1445 1676 frequentem
1481 1626 1856 1665 communionem

225 1702 267 1735 et
291 1695 632 1735 confessionem
653 1696 939 1747 pervenitur.
959 1695 1093 1747 Quod
1115 1696 1174 1735 ad
1195 1696 1475 1736 exteriorem
1493 1696 1657 1736 attinet
1678 1695 1852 1736 mundi-

226 1767 338 1806 tiem
366 1766 412 1805 in
439 1766 800 1817 supellectilibus
830 1767 978 1807 sacris
1014 1772 1059 1806 et
1093 1766 1233 1806 rebus
1267 1767 1494 1806 ecclesiae
1536 1766 1721 1806 mundis
1750 1767 1856 1806 reti-

222 1836 401 1885 nendis,
427 1843 470 1876 et
491 1837 880 1877 instaurationem
895 1838 1164 1877 earumdem
1183 1844 1227 1877 et
1244 1837 1476 1885 decorem,
1497 1837 1756 1877 dealbando
1775 1844 1854 1877 aut

225 1907 532 1959 depingendo,
557 1919 717 1948 omnes
739 1908 971 1949 obediunt.

304 1978 431 2018 Intra
452 1979 643 2019 biduum
670 1979 905 2019 rediturus
926 1991 1027 2019 sum
1054 1979 1298 2019 Mutinam.
1328 1979 1470 2019 Cibus
1495 1986 1653 2020 noster
1683 1987 1753 2020 est
1773 1992 1852 2031 pa-

222 2050 295 2089 nis
322 2050 537 2090 fabarum
558 2056 603 2090 et
633 2056 975 2090 castanearum.
1006 2050 1268 2090 Laboratur
1297 2051 1421 2090 enim
1448 2051 1627 2101 ingenti
1654 2052 1851 2102 penuria

224 2121 269 2160 in
291 2120 364 2160 his
385 2121 500 2160 locis
527 2120 616 2161 hoc
646 2121 885 2172 temporis,
916 2127 960 2161 et
989 2121 1250 2172 Episcopus
1279 2121 1465 2173 quidem
1492 2121 1687 2161 libenter
1717 2134 1854 2173 pecu-

221 2192 349 2231 niam
368 2192 686 2232 necessariam
706 2193 819 2232 mihi
840 2193 1172 2243 suppeditaret;
1192 2192 1273 2234 sed
1291 2192 1405 2232 mihi
1426 2192 1737 2232 aedificationi
1757 2205 1854 2233 ma-

223 2263 297 2314 gis
328 2264 572 2302 consulere
607 2262 768 2303 videor
795 2275 889 2303 non
923 2263 1227 2303 admittendo.
1258 2262 1360 2303 Non
1388 2264 1511 2304 enim
1538 2264 1651 2304 mihi
1678 2271 1722 2304 et
1750 2265 1855 2304 aliis

221 2333 503 2385 pauperibus
525 2334 801 2375 sufficerent.
826 2334 960 2386 Quod
988 2335 1041 2386 si,
1066 2335 1309 2385 egentibus
1330 2335 1411 2386 eis,
1436 2347 1524 2386 ego
1546 2335 1851 2386 abundarem,

222 2416 373 2444 essem
404 2399 682 2445 offendiculo
717 2405 933 2446 fortassis
969 2406 1085 2446 aliis.
1122 2401 1254 2450 Multi
1289 2405 1411 2446 fame
1447 2406 1736 2457 interierunt:
1775 2407 1851 2446 alii

222 2475 375 2515 inedia
396 2487 541 2527 usque
566 2476 681 2516 adeo
703 2477 943 2517 extenuati
973 2483 1094 2527 sunt,
1118 2476 1167 2516 ut
1188 2477 1351 2517 mortis
1372 2476 1541 2517 faciem
1567 2489 1680 2529 prae
1711 2490 1760 2517 se
1791 2477 1853 2517 fe-

220 2552 340 2586 rant.
366 2546 533 2587 Omnia
554 2547 763 2598 peccatis
783 2547 957 2588 nostris
977 2536 1340 2588 adscribendum
1367 2560 1551 2588 censeo.
1585 2548 1852 2588 Illuminare

219 2629 304 2657 nos
325 2617 544 2669 dignetur
565 2617 810 2669 Dominus,
831 2618 890 2659 ad
906 2618 1038 2670 cujus
1057 2618 1244 2659 laudem
1266 2619 1352 2659 hoc
1376 2619 1516 2659 etiam
1538 2618 1706 2666 dicam,
1727 2620 1847 2671 quod

218 2689 415 2729 multum
430 2689 617 2729 sudoris
638 2695 682 2729 et
702 2689 917 2730 laborum
937 2690 1075 2730 hilari
1097 2691 1254 2730 animo
1276 2691 1479 2730 tolerare
1501 2691 1748 2731 concessit.

298 2759 507 2800 Patimur
523 2760 648 2800 sitim
664 2765 708 2800 et
723 2760 894 2801 famem
909 2761 1243 2812 gravissimam
1259 2761 1507 2810 interdum,
1527 2761 1853 2801 lassitudinem

218 2830 358 2870 etiam
380 2843 435 2871 ac
457 2831 756 2880 debilitatem,
781 2838 825 2872 et
845 2843 990 2883 usque
1013 2833 1128 2872 adeo
1149 2844 1322 2872 raucus
1343 2844 1446 2872 sum
1467 2838 1632 2872 contra
1652 2839 1851 2884 peccata

219 2901 480 2952 clamando,
505 2909 549 2942 et
576 2902 762 2954 saepius
783 2902 830 2942 in
850 2903 923 2943 die
953 2903 1180 2953 sudando,
1213 2909 1257 2943 et
1289 2909 1452 2954 postea
1479 2902 1845 2953 refrigescendo,

218 2977 267 3011 ut
287 2983 345 3011 ne
365 2972 490 3023 loqui
511 2973 696 3024 quidem
715 2984 821 3013 cum
840 2973 957 3014 duce
978 2985 1081 3014 meo
1102 2974 1292 3026 possim.
1316 2973 1406 3014 Sed
1426 2980 1675 3026 postquam
1703 2974 1848 3025 pulpi-
