<?xml version="1.0" encoding="UTF-8"?>
<!DOCTYPE html PUBLIC "-//W3C//DTD XHTML 1.0 Transitional//EN"
    "http://www.w3.org/TR/xhtml1/DTD/xhtml1-transitional.dtd">
<html xmlns="http://www.w3.org/1999/xhtml" xml:lang="en" lang="en">
 <head>
  <title>
</title>
<meta http-equiv="Content-Type" content="text/html;charset=utf-8" />
  <meta name='ocr-system' content='tesseract 3.04.00' />
  <meta name='ocr-capabilities' content='ocr_page ocr_carea ocr_par ocr_line ocrx_word'/>
</head>
<body>
  <div class='ocr_page' id='page_1' title='image "./litteraequadrime13lain_0736.png"; bbox 0 0 2074 3179; ppageno 0'>
   <div class='ocr_carea' id='block_1_1' title="bbox 247 176 1375 221">
    <p class='ocr_par' dir='ltr' id='par_1_1' title="bbox 247 176 1375 221">
     <span class='ocr_line' id='line_1_1' title="bbox 247 176 1375 221; baseline 0.002 -8"><span class='ocrx_word' id='word_1_1' title='bbox 247 178 317 213; x_wconf 73' lang='lat'>732</span> <span class='ocrx_word' id='word_1_2' title='bbox 761 176 988 215; x_wconf 79' lang='lat' dir='ltr'>LITTERAE</span> <span class='ocrx_word' id='word_1_3' title='bbox 1016 188 1375 221; x_wconf 80' lang='lat' dir='ltr'><strong>QUADRIMESTRES</strong></span> 
     </span>
    </p>
   </div>
   <div class='ocr_carea' id='block_1_2' title="bbox 240 273 1897 3042">
    <p class='ocr_par' dir='ltr' id='par_1_2' title="bbox 240 273 1897 1540">
     <span class='ocr_line' id='line_1_2' title="bbox 246 273 1893 328; baseline 0.002 -16"><span class='ocrx_word' id='word_1_4' title='bbox 246 273 518 324; x_wconf 88' lang='lat' dir='ltr'>repellendo</span> <span class='ocrx_word' id='word_1_5' title='bbox 540 274 598 314; x_wconf 91' lang='lat' dir='ltr'>ab</span> <span class='ocrx_word' id='word_1_6' title='bbox 620 285 675 314; x_wconf 89' lang='lat' dir='ltr'>ea</span> <span class='ocrx_word' id='word_1_7' title='bbox 696 274 897 326; x_wconf 89' lang='lat' dir='ltr'>diabolo,</span> <span class='ocrx_word' id='word_1_8' title='bbox 922 281 1199 327; x_wconf 80' lang='lat' dir='ltr'>praestaret,</span> <span class='ocrx_word' id='word_1_9' title='bbox 1222 276 1331 316; x_wconf 89' lang='lat' dir='ltr'>licet</span> <span class='ocrx_word' id='word_1_10' title='bbox 1350 276 1492 316; x_wconf 89' lang='lat' dir='ltr'>etiam</span> <span class='ocrx_word' id='word_1_11' title='bbox 1512 285 1724 316; x_wconf 83' lang='lat' dir='ltr'>extrema</span> <span class='ocrx_word' id='word_1_12' title='bbox 1753 288 1893 328; x_wconf 75' lang='lat' dir='ltr'>quae-</span> 
     </span>
     <span class='ocr_line' id='line_1_3' title="bbox 246 345 1887 398; baseline 0.002 -14"><span class='ocrx_word' id='word_1_13' title='bbox 246 355 335 395; x_wconf 92' lang='lat' dir='ltr'>que</span> <span class='ocrx_word' id='word_1_14' title='bbox 357 345 489 385; x_wconf 90' lang='lat' dir='ltr'>multi</span> <span class='ocrx_word' id='word_1_15' title='bbox 510 346 590 386; x_wconf 91' lang='lat' dir='ltr'>alii</span> <span class='ocrx_word' id='word_1_16' title='bbox 611 351 886 398; x_wconf 84' lang='lat' dir='ltr'>tentassent3</span> <span class='ocrx_word' id='word_1_17' title='bbox 910 347 1100 387; x_wconf 91' lang='lat' dir='ltr'>minime</span> <span class='ocrx_word' id='word_1_18' title='bbox 1121 352 1278 387; x_wconf 89' lang='lat' dir='ltr'>tamen</span> <span class='ocrx_word' id='word_1_19' title='bbox 1295 347 1543 388; x_wconf 91' lang='lat' dir='ltr'>deterritus</span> <span class='ocrx_word' id='word_1_20' title='bbox 1560 353 1645 398; x_wconf 92' lang='lat' dir='ltr'>est,</span> <span class='ocrx_word' id='word_1_21' title='bbox 1664 346 1746 387; x_wconf 91' lang='lat' dir='ltr'>sed</span> <span class='ocrx_word' id='word_1_22' title='bbox 1762 346 1887 388; x_wconf 59' lang='lat' dir='ltr'>Chri«</span> 
     </span>
     <span class='ocr_line' id='line_1_4' title="bbox 245 417 1890 470; baseline 0.002 -15"><span class='ocrx_word' id='word_1_23' title='bbox 245 421 371 456; x_wconf 88' lang='lat' dir='ltr'>stum</span> <span class='ocrx_word' id='word_1_24' title='bbox 395 428 642 457; x_wconf 90' lang='lat' dir='ltr'>assumens</span> <span class='ocrx_word' id='word_1_25' title='bbox 663 417 894 469; x_wconf 89' lang='lat' dir='ltr'>comitem,</span> <span class='ocrx_word' id='word_1_26' title='bbox 929 417 1089 458; x_wconf 89' lang='lat' dir='ltr'>fidenti</span> <span class='ocrx_word' id='word_1_27' title='bbox 1118 418 1275 458; x_wconf 88' lang='lat' dir='ltr'>animo</span> <span class='ocrx_word' id='word_1_28' title='bbox 1305 419 1432 459; x_wconf 85' lang='lat' dir='ltr'>illam</span> <span class='ocrx_word' id='word_1_29' title='bbox 1461 419 1677 470; x_wconf 88' lang='lat' dir='ltr'>accessit,</span> <span class='ocrx_word' id='word_1_30' title='bbox 1710 423 1755 459; x_wconf 93' lang='lat' dir='ltr'>et</span> <span class='ocrx_word' id='word_1_31' title='bbox 1783 425 1890 470; x_wconf 86' lang='lat' dir='ltr'>post</span> 
     </span>
     <span class='ocr_line' id='line_1_5' title="bbox 248 487 1893 542; baseline 0.002 -16"><span class='ocrx_word' id='word_1_32' title='bbox 248 487 534 539; x_wconf 85' lang='lat' dir='ltr'>colloquium</span> <span class='ocrx_word' id='word_1_33' title='bbox 554 500 648 528; x_wconf 93' lang='lat' dir='ltr'>non</span> <span class='ocrx_word' id='word_1_34' title='bbox 671 489 736 529; x_wconf 89' lang='lat' dir='ltr'>ita</span> <span class='ocrx_word' id='word_1_35' title='bbox 758 489 1043 539; x_wconf 91' lang='lat' dir='ltr'>diuturnum,</span> <span class='ocrx_word' id='word_1_36' title='bbox 1066 501 1295 541; x_wconf 88' lang='lat' dir='ltr'>persuasa</span> <span class='ocrx_word' id='word_1_37' title='bbox 1315 490 1405 541; x_wconf 90' lang='lat' dir='ltr'>ipsi</span> <span class='ocrx_word' id='word_1_38' title='bbox 1434 490 1686 542; x_wconf 89' lang='lat' dir='ltr'>auditaque</span> <span class='ocrx_word' id='word_1_39' title='bbox 1715 489 1893 530; x_wconf 77' lang='lat' dir='ltr'>confes-</span> 
     </span>
     <span class='ocr_line' id='line_1_6' title="bbox 247 558 1890 621; baseline 0.002 -23"><span class='ocrx_word' id='word_1_40' title='bbox 247 558 395 610; x_wconf 71' lang='lat' dir='ltr'>sione,</span> <span class='ocrx_word' id='word_1_41' title='bbox 419 559 509 599; x_wconf 92' lang='lat' dir='ltr'>hoc</span> <span class='ocrx_word' id='word_1_42' title='bbox 530 559 746 611; x_wconf 82' lang='lat' dir='ltr'><strong>profecit,</strong></span> <span class='ocrx_word' id='word_1_43' title='bbox 769 566 820 601; x_wconf 93' lang='lat' dir='ltr'>ut</span> <span class='ocrx_word' id='word_1_44' title='bbox 840 572 933 601; x_wconf 91' lang='lat' dir='ltr'>non</span> <span class='ocrx_word' id='word_1_45' title='bbox 963 562 1114 621; x_wconf 86' lang='lat' dir='ltr'>solum</span> <span class='ocrx_word' id='word_1_46' title='bbox 1140 561 1479 613; x_wconf 85' lang='lat' dir='ltr'>valetudinem,</span> <span class='ocrx_word' id='word_1_47' title='bbox 1502 573 1559 601; x_wconf 84' lang='lat' dir='ltr'>ex</span> <span class='ocrx_word' id='word_1_48' title='bbox 1581 561 1758 602; x_wconf 88' lang='lat' dir='ltr'>diutina</span> <span class='ocrx_word' id='word_1_49' title='bbox 1785 573 1890 601; x_wconf 90' lang='lat' dir='ltr'>cum</span> 
     </span>
     <span class='ocr_line' id='line_1_7' title="bbox 247 619 1891 684; baseline 0.002 -15"><span class='ocrx_word' id='word_1_50' title='bbox 247 629 434 670; x_wconf 86' lang='lat' dir='ltr'>diabolo</span> <span class='ocrx_word' id='word_1_51' title='bbox 459 631 809 672; x_wconf 86' lang='lat' dir='ltr'>conflictatione</span> <span class='ocrx_word' id='word_1_52' title='bbox 830 619 1043 683; x_wconf 86' lang='lat' dir='ltr'>graviter</span> <span class='ocrx_word' id='word_1_53' title='bbox 1064 631 1307 683; x_wconf 89' lang='lat' dir='ltr'>afflictam,</span> <span class='ocrx_word' id='word_1_54' title='bbox 1330 632 1565 684; x_wconf 87' lang='lat' dir='ltr'>integram</span> <span class='ocrx_word' id='word_1_55' title='bbox 1585 633 1816 684; x_wconf 91' lang='lat' dir='ltr'>reciperet</span> <span class='ocrx_word' id='word_1_56' title='bbox 1843 639 1891 673; x_wconf 91' lang='lat' dir='ltr'>ut</span> 
     </span>
     <span class='ocr_line' id='line_1_8' title="bbox 248 701 1892 756; baseline 0.002 -16"><span class='ocrx_word' id='word_1_57' title='bbox 248 701 385 741; x_wconf 80' lang='lat' dir='ltr'>domo</span> <span class='ocrx_word' id='word_1_58' title='bbox 424 708 531 754; x_wconf 89' lang='lat' dir='ltr'>post</span> <span class='ocrx_word' id='word_1_59' title='bbox 571 714 747 743; x_wconf 90' lang='lat' dir='ltr'>nonum</span> <span class='ocrx_word' id='word_1_60' title='bbox 782 704 969 755; x_wconf 89' lang='lat' dir='ltr'>quidem</span> <span class='ocrx_word' id='word_1_61' title='bbox 1010 716 1219 744; x_wconf 90' lang='lat' dir='ltr'>mensem</span> <span class='ocrx_word' id='word_1_62' title='bbox 1262 704 1420 744; x_wconf 90' lang='lat' dir='ltr'>statim</span> <span class='ocrx_word' id='word_1_63' title='bbox 1453 705 1514 744; x_wconf 88' lang='lat' dir='ltr'>ad</span> <span class='ocrx_word' id='word_1_64' title='bbox 1547 705 1770 756; x_wconf 89' lang='lat' dir='ltr'>templum</span> <span class='ocrx_word' id='word_1_65' title='bbox 1813 715 1892 744; x_wconf 85' lang='lat' dir='ltr'>no-</span> 
     </span>
     <span class='ocr_line' id='line_1_9' title="bbox 246 774 1887 827; baseline 0.002 -15"><span class='ocrx_word' id='word_1_66' title='bbox 246 778 398 813; x_wconf 85' lang='lat' dir='ltr'>strum</span> <span class='ocrx_word' id='word_1_67' title='bbox 418 774 738 826; x_wconf 76' lang='lat' dir='ltr'>egrederetur,</span> <span class='ocrx_word' id='word_1_68' title='bbox 762 775 917 827; x_wconf 87' lang='lat' dir='ltr'>ibique</span> <span class='ocrx_word' id='word_1_69' title='bbox 943 776 1242 816; x_wconf 88' lang='lat' dir='ltr'>sanctissimo</span> <span class='ocrx_word' id='word_1_70' title='bbox 1268 775 1443 816; x_wconf 83' lang='lat' dir='ltr'>Christi</span> <span class='ocrx_word' id='word_1_71' title='bbox 1470 775 1657 827; x_wconf 85' lang='lat' dir='ltr'>corpori</span> <span class='ocrx_word' id='word_1_72' title='bbox 1687 787 1887 815; x_wconf 90' lang='lat' dir='ltr'>commu-</span> 
     </span>
     <span class='ocr_line' id='line_1_10' title="bbox 246 843 1892 899; baseline 0.001 -16"><span class='ocrx_word' id='word_1_73' title='bbox 246 843 443 895; x_wconf 90' lang='lat' dir='ltr'>nicaret,</span> <span class='ocrx_word' id='word_1_74' title='bbox 466 857 633 885; x_wconf 88' lang='lat' dir='ltr'>verum</span> <span class='ocrx_word' id='word_1_75' title='bbox 654 846 797 886; x_wconf 88' lang='lat' dir='ltr'>etiam</span> <span class='ocrx_word' id='word_1_76' title='bbox 823 858 851 886; x_wconf 86' lang='lat' dir='ltr'>a</span> <span class='ocrx_word' id='word_1_77' title='bbox 880 847 1078 887; x_wconf 88' lang='lat' dir='ltr'>molesta</span> <span class='ocrx_word' id='word_1_78' title='bbox 1108 847 1302 898; x_wconf 80' lang='lat' dir='ltr'>maligni</span> <span class='ocrx_word' id='word_1_79' title='bbox 1332 846 1523 899; x_wconf 83' lang='lat' dir='ltr'>spiritus</span> <span class='ocrx_word' id='word_1_80' title='bbox 1554 847 1805 887; x_wconf 86' lang='lat' dir='ltr'>vexatione</span> <span class='ocrx_word' id='word_1_81' title='bbox 1835 846 1892 886; x_wconf 83' lang='lat' dir='ltr'>ad</span> 
     </span>
     <span class='ocr_line' id='line_1_11' title="bbox 246 915 1893 969; baseline 0.002 -15"><span class='ocrx_word' id='word_1_82' title='bbox 246 915 417 956; x_wconf 88' lang='lat' dir='ltr'>multos</span> <span class='ocrx_word' id='word_1_83' title='bbox 440 915 538 956; x_wconf 89' lang='lat' dir='ltr'>dies</span> <span class='ocrx_word' id='word_1_84' title='bbox 561 917 781 957; x_wconf 88' lang='lat' dir='ltr'>immunis</span> <span class='ocrx_word' id='word_1_85' title='bbox 803 923 940 958; x_wconf 87' lang='lat' dir='ltr'>esset.</span> <span class='ocrx_word' id='word_1_86' title='bbox 965 917 1097 968; x_wconf 87' lang='lat' dir='ltr'>Quae</span> <span class='ocrx_word' id='word_1_87' title='bbox 1117 929 1194 958; x_wconf 89' lang='lat' dir='ltr'>res</span> <span class='ocrx_word' id='word_1_88' title='bbox 1214 929 1450 958; x_wconf 89' lang='lat' dir='ltr'>summum</span> <span class='ocrx_word' id='word_1_89' title='bbox 1476 918 1703 969; x_wconf 88' lang='lat' dir='ltr'>gaudium</span> <span class='ocrx_word' id='word_1_90' title='bbox 1722 917 1806 957; x_wconf 87' lang='lat' dir='ltr'>toti</span> <span class='ocrx_word' id='word_1_91' title='bbox 1829 917 1893 957; x_wconf 94' lang='lat' dir='ltr'>illi</span> 
     </span>
     <span class='ocr_line' id='line_1_12' title="bbox 246 986 1892 1040; baseline 0.002 -15"><span class='ocrx_word' id='word_1_92' title='bbox 246 986 452 1027; x_wconf 86' lang='lat' dir='ltr'>familiae</span> <span class='ocrx_word' id='word_1_93' title='bbox 464 988 661 1040; x_wconf 88' lang='lat' dir='ltr'>peperit,</span> <span class='ocrx_word' id='word_1_94' title='bbox 676 988 805 1029; x_wconf 89' lang='lat' dir='ltr'>Patri</span> <span class='ocrx_word' id='word_1_95' title='bbox 817 1000 932 1029; x_wconf 88' lang='lat' dir='ltr'>vero</span> <span class='ocrx_word' id='word_1_96' title='bbox 949 989 1156 1040; x_wconf 89' lang='lat' dir='ltr'>Canisio,</span> <span class='ocrx_word' id='word_1_97' title='bbox 1171 990 1282 1040; x_wconf 92' lang='lat' dir='ltr'>quin</span> <span class='ocrx_word' id='word_1_98' title='bbox 1293 989 1435 1029; x_wconf 92' lang='lat' dir='ltr'>etiam</span> <span class='ocrx_word' id='word_1_99' title='bbox 1446 987 1671 1029; x_wconf 85' lang='lat' dir='ltr'>Societati</span> <span class='ocrx_word' id='word_1_100' title='bbox 1684 994 1892 1038; x_wconf 84' lang='lat' dir='ltr'>nostrae,</span> 
     </span>
     <span class='ocr_line' id='line_1_13' title="bbox 248 1049 1894 1112; baseline 0.001 -15"><span class='ocrx_word' id='word_1_101' title='bbox 248 1058 501 1109; x_wconf 80' lang='lat' dir='ltr'>plurimam</span> <span class='ocrx_word' id='word_1_102' title='bbox 517 1059 852 1101; x_wconf 88' lang='lat' dir='ltr'>authoritatem</span> <span class='ocrx_word' id='word_1_103' title='bbox 869 1060 1153 1101; x_wconf 84' lang='lat' dir='ltr'>conciliavit.</span> <span class='ocrx_word' id='word_1_104' title='bbox 1173 1060 1317 1101; x_wconf 86' lang='lat' dir='ltr'>Venit</span> <span class='ocrx_word' id='word_1_105' title='bbox 1329 1059 1427 1112; x_wconf 89' lang='lat' dir='ltr'>jam</span> <span class='ocrx_word' id='word_1_106' title='bbox 1444 1049 1693 1111; x_wconf 82' lang='lat' dir='ltr'>diligenter</span> <span class='ocrx_word' id='word_1_107' title='bbox 1711 1059 1770 1100; x_wconf 91' lang='lat' dir='ltr'>ad</span> <span class='ocrx_word' id='word_1_108' title='bbox 1788 1071 1894 1100; x_wconf 82' lang='lat' dir='ltr'>con-</span> 
     </span>
     <span class='ocr_line' id='line_1_14' title="bbox 249 1129 1894 1184; baseline 0.002 -16"><span class='ocrx_word' id='word_1_109' title='bbox 249 1129 413 1170; x_wconf 86' lang='lat' dir='ltr'>ciones</span> <span class='ocrx_word' id='word_1_110' title='bbox 432 1129 484 1170; x_wconf 90' lang='lat' dir='ltr'>P.</span> <span class='ocrx_word' id='word_1_111' title='bbox 507 1131 684 1172; x_wconf 87' lang='lat' dir='ltr'>Canisii</span> <span class='ocrx_word' id='word_1_112' title='bbox 710 1131 876 1172; x_wconf 90' lang='lat' dir='ltr'>mulier</span> <span class='ocrx_word' id='word_1_113' title='bbox 903 1132 1003 1184; x_wconf 88' lang='lat' dir='ltr'>illa,</span> <span class='ocrx_word' id='word_1_114' title='bbox 1033 1144 1127 1173; x_wconf 91' lang='lat' dir='ltr'>una</span> <span class='ocrx_word' id='word_1_115' title='bbox 1157 1143 1264 1172; x_wconf 91' lang='lat' dir='ltr'>cum</span> <span class='ocrx_word' id='word_1_116' title='bbox 1294 1131 1465 1172; x_wconf 90' lang='lat' dir='ltr'>marito</span> <span class='ocrx_word' id='word_1_117' title='bbox 1496 1139 1540 1171; x_wconf 90' lang='lat' dir='ltr'>et</span> <span class='ocrx_word' id='word_1_118' title='bbox 1572 1138 1739 1178; x_wconf 89' lang='lat' dir='ltr'>matre,</span> <span class='ocrx_word' id='word_1_119' title='bbox 1775 1143 1894 1183; x_wconf 84' lang='lat' dir='ltr'>quae</span> 
     </span>
     <span class='ocr_line' id='line_1_15' title="bbox 240 1201 1894 1255; baseline 0.001 -15"><span class='ocrx_word' id='word_1_120' title='bbox 240 1201 469 1242; x_wconf 79' lang='lat' dir='ltr'>confessa</span> <span class='ocrx_word' id='word_1_121' title='bbox 491 1214 675 1255; x_wconf 92' lang='lat' dir='ltr'>quoque</span> <span class='ocrx_word' id='word_1_122' title='bbox 697 1209 768 1244; x_wconf 91' lang='lat' dir='ltr'>est</span> <span class='ocrx_word' id='word_1_123' title='bbox 789 1203 940 1244; x_wconf 90' lang='lat' dir='ltr'>eidem</span> <span class='ocrx_word' id='word_1_124' title='bbox 960 1203 1011 1244; x_wconf 90' lang='lat' dir='ltr'>P.</span> <span class='ocrx_word' id='word_1_125' title='bbox 1029 1203 1219 1244; x_wconf 87' lang='lat' dir='ltr'>Canisio</span> <span class='ocrx_word' id='word_1_126' title='bbox 1238 1209 1283 1243; x_wconf 93' lang='lat' dir='ltr'>et</span> <span class='ocrx_word' id='word_1_127' title='bbox 1299 1203 1668 1244; x_wconf 83' lang='lat' dir='ltr'>communicavit</span> <span class='ocrx_word' id='word_1_128' title='bbox 1686 1203 1733 1242; x_wconf 92' lang='lat' dir='ltr'>in</span> <span class='ocrx_word' id='word_1_129' title='bbox 1750 1204 1894 1242; x_wconf 89' lang='lat' dir='ltr'>eccle-</span> 
     </span>
     <span class='ocr_line' id='line_1_16' title="bbox 251 1273 1892 1327; baseline 0.001 -15"><span class='ocrx_word' id='word_1_130' title='bbox 251 1273 320 1313; x_wconf 84' lang='lat' dir='ltr'>sia</span> <span class='ocrx_word' id='word_1_131' title='bbox 342 1279 522 1325; x_wconf 88' lang='lat' dir='ltr'>nostra,</span> <span class='ocrx_word' id='word_1_132' title='bbox 546 1275 902 1326; x_wconf 83' lang='lat' dir='ltr'>elegantemque</span> <span class='ocrx_word' id='word_1_133' title='bbox 924 1286 1122 1327; x_wconf 91' lang='lat' dir='ltr'>puerum</span> <span class='ocrx_word' id='word_1_134' title='bbox 1143 1274 1278 1315; x_wconf 86' lang='lat' dir='ltr'>offert</span> <span class='ocrx_word' id='word_1_135' title='bbox 1298 1273 1537 1326; x_wconf 87' lang='lat' dir='ltr'>Societati,</span> <span class='ocrx_word' id='word_1_136' title='bbox 1562 1274 1719 1325; x_wconf 86' lang='lat' dir='ltr'>filium,</span> <span class='ocrx_word' id='word_1_137' title='bbox 1743 1274 1791 1314; x_wconf 90' lang='lat' dir='ltr'>ni</span> <span class='ocrx_word' id='word_1_138' title='bbox 1812 1273 1892 1314; x_wconf 86' lang='lat' dir='ltr'>fal-</span> 
     </span>
     <span class='ocr_line' id='line_1_17' title="bbox 250 1344 1892 1398; baseline 0.001 -14"><span class='ocrx_word' id='word_1_139' title='bbox 250 1345 336 1395; x_wconf 89' lang='lat' dir='ltr'>lor,</span> <span class='ocrx_word' id='word_1_140' title='bbox 360 1356 511 1397; x_wconf 87' lang='lat' dir='ltr'>suum,</span> <span class='ocrx_word' id='word_1_141' title='bbox 534 1346 643 1386; x_wconf 90' lang='lat' dir='ltr'>licet</span> <span class='ocrx_word' id='word_1_142' title='bbox 664 1347 803 1398; x_wconf 89' lang='lat' dir='ltr'>paulo</span> <span class='ocrx_word' id='word_1_143' title='bbox 820 1345 1053 1398; x_wconf 89' lang='lat' dir='ltr'>juniorem</span> <span class='ocrx_word' id='word_1_144' title='bbox 1080 1358 1222 1398; x_wconf 92' lang='lat' dir='ltr'>quam</span> <span class='ocrx_word' id='word_1_145' title='bbox 1250 1346 1329 1398; x_wconf 91' lang='lat' dir='ltr'>qui</span> <span class='ocrx_word' id='word_1_146' title='bbox 1355 1346 1505 1398; x_wconf 80' lang='lat' dir='ltr'>possit</span> <span class='ocrx_word' id='word_1_147' title='bbox 1534 1345 1733 1386; x_wconf 88' lang='lat' dir='ltr'>admitti.</span> <span class='ocrx_word' id='word_1_148' title='bbox 1766 1344 1892 1386; x_wconf 89' lang='lat' dir='ltr'>Chri-</span> 
     </span>
     <span class='ocr_line' id='line_1_18' title="bbox 249 1416 1897 1470; baseline 0.001 -15"><span class='ocrx_word' id='word_1_149' title='bbox 249 1421 345 1468; x_wconf 92' lang='lat' dir='ltr'>sto,</span> <span class='ocrx_word' id='word_1_150' title='bbox 370 1417 522 1457; x_wconf 91' lang='lat' dir='ltr'>omnis</span> <span class='ocrx_word' id='word_1_151' title='bbox 544 1417 651 1458; x_wconf 92' lang='lat' dir='ltr'>boni</span> <span class='ocrx_word' id='word_1_152' title='bbox 672 1418 898 1470; x_wconf 88' lang='lat' dir='ltr'>primario</span> <span class='ocrx_word' id='word_1_153' title='bbox 919 1417 1125 1470; x_wconf 89' lang='lat' dir='ltr'>authori,</span> <span class='ocrx_word' id='word_1_154' title='bbox 1151 1418 1209 1458; x_wconf 90' lang='lat' dir='ltr'>sit</span> <span class='ocrx_word' id='word_1_155' title='bbox 1236 1418 1387 1458; x_wconf 91' lang='lat' dir='ltr'>omnis</span> <span class='ocrx_word' id='word_1_156' title='bbox 1413 1418 1563 1458; x_wconf 89' lang='lat' dir='ltr'>honor</span> <span class='ocrx_word' id='word_1_157' title='bbox 1594 1423 1639 1457; x_wconf 93' lang='lat' dir='ltr'>et</span> <span class='ocrx_word' id='word_1_158' title='bbox 1668 1416 1819 1468; x_wconf 85' lang='lat' dir='ltr'>gloria</span> <span class='ocrx_word' id='word_1_159' title='bbox 1849 1417 1897 1456; x_wconf 89' lang='lat' dir='ltr'>in</span> 
     </span>
     <span class='ocr_line' id='line_1_19' title="bbox 252 1495 545 1540; baseline -0.003 -12"><span class='ocrx_word' id='word_1_160' title='bbox 252 1495 545 1540; x_wconf 90' lang='lat' dir='ltr'>perpetuum.</span> 
     </span>
    </p>

    <p class='ocr_par' dir='ltr' id='par_1_3' title="bbox 248 1559 1897 3042">
     <span class='ocr_line' id='line_1_20' title="bbox 333 1559 1894 1613; baseline -0.001 -13"><span class='ocrx_word' id='word_1_161' title='bbox 333 1559 464 1600; x_wconf 89' lang='lat' dir='ltr'>Patri</span> <span class='ocrx_word' id='word_1_162' title='bbox 484 1559 729 1601; x_wconf 85' lang='lat' dir='ltr'>Victoriae</span> <span class='ocrx_word' id='word_1_163' title='bbox 751 1561 941 1601; x_wconf 87' lang='lat' dir='ltr'>offertur</span> <span class='ocrx_word' id='word_1_164' title='bbox 963 1573 1049 1601; x_wconf 85' lang='lat' dir='ltr'>sua</span> <span class='ocrx_word' id='word_1_165' title='bbox 1070 1572 1252 1613; x_wconf 92' lang='lat' dir='ltr'>quoque</span> <span class='ocrx_word' id='word_1_166' title='bbox 1274 1561 1464 1611; x_wconf 85' lang='lat' dir='ltr'>messis,</span> <span class='ocrx_word' id='word_1_167' title='bbox 1495 1572 1581 1600; x_wconf 91' lang='lat' dir='ltr'>nec</span> <span class='ocrx_word' id='word_1_168' title='bbox 1610 1559 1780 1600; x_wconf 86' lang='lat' dir='ltr'>sterilis</span> <span class='ocrx_word' id='word_1_169' title='bbox 1801 1560 1894 1611; x_wconf 80' lang='lat' dir='ltr'>qui-</span> 
     </span>
     <span class='ocr_line' id='line_1_21' title="bbox 253 1631 1897 1684; baseline 0 -13"><span class='ocrx_word' id='word_1_170' title='bbox 253 1632 359 1671; x_wconf 88' lang='lat' dir='ltr'>dem</span> <span class='ocrx_word' id='word_1_171' title='bbox 382 1632 474 1674; x_wconf 91' lang='lat' dir='ltr'>illa.</span> <span class='ocrx_word' id='word_1_172' title='bbox 498 1632 535 1672; x_wconf 83' lang='lat' dir='ltr'>F</span> <span class='ocrx_word' id='word_1_173' title='bbox 540 1639 789 1684; x_wconf 90' lang='lat' dir='ltr'>requentes</span> <span class='ocrx_word' id='word_1_174' title='bbox 810 1633 949 1672; x_wconf 89' lang='lat' dir='ltr'>habet</span> <span class='ocrx_word' id='word_1_175' title='bbox 969 1632 1210 1684; x_wconf 89' lang='lat' dir='ltr'>Hispanos</span> <span class='ocrx_word' id='word_1_176' title='bbox 1236 1632 1414 1684; x_wconf 88' lang='lat' dir='ltr'>pariter</span> <span class='ocrx_word' id='word_1_177' title='bbox 1443 1639 1487 1672; x_wconf 91' lang='lat' dir='ltr'>et</span> <span class='ocrx_word' id='word_1_178' title='bbox 1514 1631 1658 1672; x_wconf 85' lang='lat' dir='ltr'>Italos</span> <span class='ocrx_word' id='word_1_179' title='bbox 1684 1631 1897 1683; x_wconf 89' lang='lat' dir='ltr'>interpel-</span> 
     </span>
     <span class='ocr_line' id='line_1_22' title="bbox 250 1703 1896 1756; baseline -0.001 -14"><span class='ocrx_word' id='word_1_180' title='bbox 250 1703 440 1752; x_wconf 89' lang='lat' dir='ltr'>latores,</span> <span class='ocrx_word' id='word_1_181' title='bbox 465 1715 582 1755; x_wconf 89' lang='lat' dir='ltr'>quos</span> <span class='ocrx_word' id='word_1_182' title='bbox 604 1704 730 1744; x_wconf 90' lang='lat' dir='ltr'>omni</span> <span class='ocrx_word' id='word_1_183' title='bbox 752 1716 844 1756; x_wconf 91' lang='lat' dir='ltr'>qua</span> <span class='ocrx_word' id='word_1_184' title='bbox 864 1709 1018 1756; x_wconf 90' lang='lat' dir='ltr'>potest</span> <span class='ocrx_word' id='word_1_185' title='bbox 1046 1704 1287 1754; x_wconf 89' lang='lat' dir='ltr'>diligentia</span> <span class='ocrx_word' id='word_1_186' title='bbox 1322 1703 1381 1743; x_wconf 89' lang='lat' dir='ltr'>ad</span> <span class='ocrx_word' id='word_1_187' title='bbox 1408 1703 1630 1755; x_wconf 90' lang='lat' dir='ltr'>pietatem</span> <span class='ocrx_word' id='word_1_188' title='bbox 1660 1703 1896 1743; x_wconf 83' lang='lat' dir='ltr'>informat.</span> 
     </span>
     <span class='ocr_line' id='line_1_23' title="bbox 250 1774 1897 1827; baseline 0 -13"><span class='ocrx_word' id='word_1_189' title='bbox 250 1774 427 1814; x_wconf 89' lang='lat' dir='ltr'>Visitat</span> <span class='ocrx_word' id='word_1_190' title='bbox 462 1781 506 1815; x_wconf 90' lang='lat' dir='ltr'>et</span> <span class='ocrx_word' id='word_1_191' title='bbox 542 1776 640 1827; x_wconf 89' lang='lat' dir='ltr'>ipse</span> <span class='ocrx_word' id='word_1_192' title='bbox 669 1775 863 1815; x_wconf 89' lang='lat' dir='ltr'>subinde</span> <span class='ocrx_word' id='word_1_193' title='bbox 892 1775 1164 1815; x_wconf 87' lang='lat' dir='ltr'>earumdem</span> <span class='ocrx_word' id='word_1_194' title='bbox 1186 1775 1431 1815; x_wconf 87' lang='lat' dir='ltr'>nationum</span> <span class='ocrx_word' id='word_1_195' title='bbox 1453 1774 1666 1814; x_wconf 88' lang='lat' dir='ltr'>homines</span> <span class='ocrx_word' id='word_1_196' title='bbox 1694 1780 1743 1814; x_wconf 91' lang='lat' dir='ltr'>ut</span> <span class='ocrx_word' id='word_1_197' title='bbox 1772 1774 1897 1814; x_wconf 85' lang='lat' dir='ltr'>Vitae</span> 
     </span>
     <span class='ocr_line' id='line_1_24' title="bbox 249 1845 1897 1898; baseline -0.001 -12"><span class='ocrx_word' id='word_1_198' title='bbox 249 1846 630 1887; x_wconf 87' lang='lat' dir='ltr'>emendationem</span> <span class='ocrx_word' id='word_1_199' title='bbox 651 1847 766 1898; x_wconf 89' lang='lat' dir='ltr'>ipsis</span> <span class='ocrx_word' id='word_1_200' title='bbox 787 1846 1084 1898; x_wconf 86' lang='lat' dir='ltr'>persuadeat.</span> <span class='ocrx_word' id='word_1_201' title='bbox 1107 1845 1275 1886; x_wconf 87' lang='lat' dir='ltr'>Tradit</span> <span class='ocrx_word' id='word_1_202' title='bbox 1291 1845 1388 1897; x_wconf 83' lang='lat' dir='ltr'>jam</span> <span class='ocrx_word' id='word_1_203' title='bbox 1417 1845 1643 1886; x_wconf 86' lang='lat' dir='ltr'>exercitia</span> <span class='ocrx_word' id='word_1_204' title='bbox 1669 1845 1897 1885; x_wconf 75' lang='lat' dir='ltr'>nobilissi-</span> 
     </span>
     <span class='ocr_line' id='line_1_25' title="bbox 250 1916 1895 1969; baseline -0.001 -11"><span class='ocrx_word' id='word_1_205' title='bbox 250 1929 355 1958; x_wconf 85' lang='lat' dir='ltr'>mae</span> <span class='ocrx_word' id='word_1_206' title='bbox 387 1917 452 1957; x_wconf 88' lang='lat' dir='ltr'>illi</span> <span class='ocrx_word' id='word_1_207' title='bbox 486 1917 733 1969; x_wconf 81' lang='lat' dir='ltr'>Dominae,</span> <span class='ocrx_word' id='word_1_208' title='bbox 771 1918 950 1958; x_wconf 85' lang='lat' dir='ltr'>Mariae</span> <span class='ocrx_word' id='word_1_209' title='bbox 984 1917 1231 1969; x_wconf 88' lang='lat' dir='ltr'>Manrique</span> <span class='ocrx_word' id='word_1_210' title='bbox 1261 1917 1317 1957; x_wconf 91' lang='lat' dir='ltr'>de</span> <span class='ocrx_word' id='word_1_211' title='bbox 1344 1917 1494 1968; x_wconf 91' lang='lat' dir='ltr'>Lara,</span> <span class='ocrx_word' id='word_1_212' title='bbox 1525 1928 1644 1968; x_wconf 90' lang='lat' dir='ltr'>quae</span> <span class='ocrx_word' id='word_1_213' title='bbox 1670 1916 1895 1968; x_wconf 83' lang='lat' dir='ltr'>primaria</span> 
     </span>
     <span class='ocr_line' id='line_1_26' title="bbox 248 1988 1893 2040; baseline 0 -12"><span class='ocrx_word' id='word_1_214' title='bbox 248 1989 489 2040; x_wconf 85' lang='lat' dir='ltr'>praefecta</span> <span class='ocrx_word' id='word_1_215' title='bbox 511 1995 581 2030; x_wconf 93' lang='lat' dir='ltr'>est</span> <span class='ocrx_word' id='word_1_216' title='bbox 603 1989 925 2030; x_wconf 88' lang='lat' dir='ltr'>cubiculorum</span> <span class='ocrx_word' id='word_1_217' title='bbox 954 1988 1292 2029; x_wconf 83' lang='lat' dir='ltr'>Serenissimae</span> <span class='ocrx_word' id='word_1_218' title='bbox 1323 1988 1534 2040; x_wconf 88' lang='lat' dir='ltr'>Reginae</span> <span class='ocrx_word' id='word_1_219' title='bbox 1562 1988 1893 2035; x_wconf 82' lang='lat' dir='ltr'>Bohemorum,</span> 
     </span>
     <span class='ocr_line' id='line_1_27' title="bbox 248 2059 1895 2102; baseline -0.001 -2"><span class='ocrx_word' id='word_1_220' title='bbox 248 2060 510 2101; x_wconf 86' lang='lat' dir='ltr'>traditurus</span> <span class='ocrx_word' id='word_1_221' title='bbox 531 2073 641 2101; x_wconf 79' lang='lat' dir='ltr'>mox</span> <span class='ocrx_word' id='word_1_222' title='bbox 664 2068 707 2102; x_wconf 95' lang='lat' dir='ltr'>et</span> <span class='ocrx_word' id='word_1_223' title='bbox 729 2061 807 2101; x_wconf 86' lang='lat' dir='ltr'>alii</span> <span class='ocrx_word' id='word_1_224' title='bbox 836 2061 1068 2101; x_wconf 90' lang='lat' dir='ltr'>Dominae</span> <span class='ocrx_word' id='word_1_225' title='bbox 1098 2072 1193 2101; x_wconf 89' lang='lat' dir='ltr'>non</span> <span class='ocrx_word' id='word_1_226' title='bbox 1219 2060 1365 2100; x_wconf 90' lang='lat' dir='ltr'>multo</span> <span class='ocrx_word' id='word_1_227' title='bbox 1392 2060 1588 2100; x_wconf 89' lang='lat' dir='ltr'>minoris</span> <span class='ocrx_word' id='word_1_228' title='bbox 1616 2059 1895 2100; x_wconf 76' lang='lat' dir='ltr'>conditionis</span> 
     </span>
     <span class='ocr_line' id='line_1_28' title="bbox 252 2131 1893 2184; baseline 0 -13"><span class='ocrx_word' id='word_1_229' title='bbox 252 2133 297 2172; x_wconf 91' lang='lat' dir='ltr'>in</span> <span class='ocrx_word' id='word_1_230' title='bbox 318 2133 441 2172; x_wconf 90' lang='lat' dir='ltr'>aula.</span> <span class='ocrx_word' id='word_1_231' title='bbox 467 2132 676 2183; x_wconf 84' lang='lat' dir='ltr'>Quarum</span> <span class='ocrx_word' id='word_1_232' title='bbox 697 2133 912 2184; x_wconf 80' lang='lat' dir='ltr'>exemplo</span> <span class='ocrx_word' id='word_1_233' title='bbox 934 2132 1123 2172; x_wconf 89' lang='lat' dir='ltr'>minime</span> <span class='ocrx_word' id='word_1_234' title='bbox 1144 2131 1424 2182; x_wconf 89' lang='lat' dir='ltr'>dubitamus,</span> <span class='ocrx_word' id='word_1_235' title='bbox 1448 2131 1487 2172; x_wconf 91' lang='lat' dir='ltr'>si</span> <span class='ocrx_word' id='word_1_236' title='bbox 1518 2143 1611 2171; x_wconf 87' lang='lat' dir='ltr'>non</span> <span class='ocrx_word' id='word_1_237' title='bbox 1642 2136 1789 2171; x_wconf 87' lang='lat' dir='ltr'>totam</span> <span class='ocrx_word' id='word_1_238' title='bbox 1818 2142 1893 2171; x_wconf 46' lang='lat' dir='ltr'>au*</span> 
     </span>
     <span class='ocr_line' id='line_1_29' title="bbox 249 2202 1894 2256; baseline 0 -14"><span class='ocrx_word' id='word_1_239' title='bbox 249 2204 358 2255; x_wconf 89' lang='lat' dir='ltr'>lam,</span> <span class='ocrx_word' id='word_1_240' title='bbox 381 2211 567 2256; x_wconf 89' lang='lat' dir='ltr'>partem</span> <span class='ocrx_word' id='word_1_241' title='bbox 588 2210 715 2245; x_wconf 91' lang='lat' dir='ltr'>certe</span> <span class='ocrx_word' id='word_1_242' title='bbox 735 2204 1041 2256; x_wconf 87' lang='lat' dir='ltr'>praecipuam</span> <span class='ocrx_word' id='word_1_243' title='bbox 1067 2215 1161 2244; x_wconf 88' lang='lat' dir='ltr'>non</span> <span class='ocrx_word' id='word_1_244' title='bbox 1182 2209 1364 2243; x_wconf 90' lang='lat' dir='ltr'>tantum</span> <span class='ocrx_word' id='word_1_245' title='bbox 1384 2202 1631 2244; x_wconf 88' lang='lat' dir='ltr'>mulierum</span> <span class='ocrx_word' id='word_1_246' title='bbox 1652 2202 1733 2242; x_wconf 83' lang='lat' dir='ltr'>sed</span> <span class='ocrx_word' id='word_1_247' title='bbox 1754 2202 1894 2243; x_wconf 90' lang='lat' dir='ltr'>etiam</span> 
     </span>
     <span class='ocr_line' id='line_1_30' title="bbox 252 2273 1894 2326; baseline -0.001 -11"><span class='ocrx_word' id='word_1_248' title='bbox 252 2275 466 2316; x_wconf 74' lang='lat' dir='ltr'>virorum</span> <span class='ocrx_word' id='word_1_249' title='bbox 488 2276 545 2316; x_wconf 87' lang='lat' dir='ltr'>iri</span> <span class='ocrx_word' id='word_1_250' title='bbox 567 2276 835 2326; x_wconf 89' lang='lat' dir='ltr'>adductam,</span> <span class='ocrx_word' id='word_1_251' title='bbox 859 2282 908 2315; x_wconf 92' lang='lat' dir='ltr'>ut</span> <span class='ocrx_word' id='word_1_252' title='bbox 930 2287 1017 2315; x_wconf 92' lang='lat' dir='ltr'>usu</span> <span class='ocrx_word' id='word_1_253' title='bbox 1039 2275 1372 2315; x_wconf 84' lang='lat' dir='ltr'>exercitiorum</span> <span class='ocrx_word' id='word_1_254' title='bbox 1387 2274 1536 2314; x_wconf 89' lang='lat' dir='ltr'>vitam</span> <span class='ocrx_word' id='word_1_255' title='bbox 1553 2285 1686 2314; x_wconf 91' lang='lat' dir='ltr'>suam</span> <span class='ocrx_word' id='word_1_256' title='bbox 1702 2274 1750 2314; x_wconf 91' lang='lat' dir='ltr'>in</span> <span class='ocrx_word' id='word_1_257' title='bbox 1766 2273 1894 2314; x_wconf 90' lang='lat' dir='ltr'>Chri-</span> 
     </span>
     <span class='ocr_line' id='line_1_31' title="bbox 253 2345 1895 2399; baseline -0.002 -12"><span class='ocrx_word' id='word_1_258' title='bbox 253 2354 326 2387; x_wconf 72' lang='lat' dir='ltr'>sto</span> <span class='ocrx_word' id='word_1_259' title='bbox 348 2348 424 2399; x_wconf 90' lang='lat' dir='ltr'>pie</span> <span class='ocrx_word' id='word_1_260' title='bbox 447 2348 687 2388; x_wconf 78' lang='lat' dir='ltr'>innovent.</span> <span class='ocrx_word' id='word_1_261' title='bbox 714 2347 837 2399; x_wconf 86' lang='lat' dir='ltr'>Quin</span> <span class='ocrx_word' id='word_1_262' title='bbox 858 2347 999 2387; x_wconf 85' lang='lat' dir='ltr'>etiam</span> <span class='ocrx_word' id='word_1_263' title='bbox 1020 2347 1076 2386; x_wconf 92' lang='lat' dir='ltr'>de</span> <span class='ocrx_word' id='word_1_264' title='bbox 1103 2346 1285 2397; x_wconf 88' lang='lat' dir='ltr'>Regina</span> <span class='ocrx_word' id='word_1_265' title='bbox 1316 2346 1418 2397; x_wconf 89' lang='lat' dir='ltr'>ipsa</span> <span class='ocrx_word' id='word_1_266' title='bbox 1446 2357 1577 2397; x_wconf 92' lang='lat' dir='ltr'>spem</span> <span class='ocrx_word' id='word_1_267' title='bbox 1602 2345 1738 2385; x_wconf 92' lang='lat' dir='ltr'>nobis</span> <span class='ocrx_word' id='word_1_268' title='bbox 1763 2356 1895 2396; x_wconf 81' lang='lat' dir='ltr'>prae-</span> 
     </span>
     <span class='ocr_line' id='line_1_32' title="bbox 252 2417 1894 2471; baseline -0.002 -11"><span class='ocrx_word' id='word_1_269' title='bbox 252 2419 362 2460; x_wconf 87' lang='lat' dir='ltr'>bent</span> <span class='ocrx_word' id='word_1_270' title='bbox 383 2420 491 2460; x_wconf 89' lang='lat' dir='ltr'>illae</span> <span class='ocrx_word' id='word_1_271' title='bbox 512 2419 759 2470; x_wconf 90' lang='lat' dir='ltr'>Dominae,</span> <span class='ocrx_word' id='word_1_272' title='bbox 785 2430 926 2471; x_wconf 89' lang='lat' dir='ltr'>quam</span> <span class='ocrx_word' id='word_1_273' title='bbox 946 2424 1113 2470; x_wconf 90' lang='lat' dir='ltr'>putant</span> <span class='ocrx_word' id='word_1_274' title='bbox 1135 2430 1184 2458; x_wconf 87' lang='lat' dir='ltr'>se</span> <span class='ocrx_word' id='word_1_275' title='bbox 1204 2417 1425 2458; x_wconf 87' lang='lat' dir='ltr'>facillime</span> <span class='ocrx_word' id='word_1_276' title='bbox 1445 2430 1500 2457; x_wconf 93' lang='lat' dir='ltr'>eo</span> <span class='ocrx_word' id='word_1_277' title='bbox 1527 2422 1825 2470; x_wconf 89' lang='lat' dir='ltr'>permoturas</span> <span class='ocrx_word' id='word_1_278' title='bbox 1845 2424 1894 2457; x_wconf 90' lang='lat' dir='ltr'>ut</span> 
     </span>
     <span class='ocr_line' id='line_1_33' title="bbox 250 2488 1895 2543; baseline -0.002 -12"><span class='ocrx_word' id='word_1_279' title='bbox 250 2503 336 2542; x_wconf 86' lang='lat' dir='ltr'>per</span> <span class='ocrx_word' id='word_1_280' title='bbox 356 2492 535 2543; x_wconf 86' lang='lat' dir='ltr'>aliquot</span> <span class='ocrx_word' id='word_1_281' title='bbox 555 2490 656 2531; x_wconf 91' lang='lat' dir='ltr'>dies</span> <span class='ocrx_word' id='word_1_282' title='bbox 676 2503 778 2531; x_wconf 88' lang='lat' dir='ltr'>sese</span> <span class='ocrx_word' id='word_1_283' title='bbox 796 2491 978 2531; x_wconf 91' lang='lat' dir='ltr'>dedicet</span> <span class='ocrx_word' id='word_1_284' title='bbox 995 2488 1361 2530; x_wconf 90' lang='lat' dir='ltr'>considerationi</span> <span class='ocrx_word' id='word_1_285' title='bbox 1378 2488 1725 2528; x_wconf 85' lang='lat' dir='ltr'>exercitiorum.</span> <span class='ocrx_word' id='word_1_286' title='bbox 1744 2488 1895 2528; x_wconf 89' lang='lat' dir='ltr'>Habe-</span> 
     </span>
     <span class='ocr_line' id='line_1_34' title="bbox 251 2560 1894 2614; baseline -0.002 -11"><span class='ocrx_word' id='word_1_287' title='bbox 251 2569 324 2602; x_wconf 83' lang='lat' dir='ltr'>ret</span> <span class='ocrx_word' id='word_1_288' title='bbox 345 2562 469 2603; x_wconf 90' lang='lat' dir='ltr'>idem</span> <span class='ocrx_word' id='word_1_289' title='bbox 489 2562 539 2602; x_wconf 87' lang='lat' dir='ltr'>P.</span> <span class='ocrx_word' id='word_1_290' title='bbox 563 2562 778 2603; x_wconf 90' lang='lat' dir='ltr'>Victoria</span> <span class='ocrx_word' id='word_1_291' title='bbox 799 2562 1025 2614; x_wconf 87' lang='lat' dir='ltr'>plurimos</span> <span class='ocrx_word' id='word_1_292' title='bbox 1048 2561 1352 2613; x_wconf 89' lang='lat' dir='ltr'>poenitentes,</span> <span class='ocrx_word' id='word_1_293' title='bbox 1376 2560 1417 2600; x_wconf 86' lang='lat' dir='ltr'>si</span> <span class='ocrx_word' id='word_1_294' title='bbox 1436 2565 1669 2611; x_wconf 87' lang='lat' dir='ltr'>potestate</span> <span class='ocrx_word' id='word_1_295' title='bbox 1690 2560 1894 2600; x_wconf 89' lang='lat' dir='ltr'>clavium</span> 
     </span>
     <span class='ocr_line' id='line_1_35' title="bbox 254 2630 1894 2686; baseline -0.002 -12"><span class='ocrx_word' id='word_1_296' title='bbox 254 2640 478 2676; x_wconf 90' lang='lat' dir='ltr'>uteretur.</span> <span class='ocrx_word' id='word_1_297' title='bbox 502 2635 606 2676; x_wconf 92' lang='lat' dir='ltr'>Non</span> <span class='ocrx_word' id='word_1_298' title='bbox 625 2634 776 2686; x_wconf 91' lang='lat' dir='ltr'>potuit</span> <span class='ocrx_word' id='word_1_299' title='bbox 795 2640 954 2674; x_wconf 90' lang='lat' dir='ltr'>tamen</span> <span class='ocrx_word' id='word_1_300' title='bbox 974 2634 1084 2685; x_wconf 92' lang='lat' dir='ltr'>quin</span> <span class='ocrx_word' id='word_1_301' title='bbox 1106 2633 1288 2673; x_wconf 88' lang='lat' dir='ltr'>audiret</span> <span class='ocrx_word' id='word_1_302' title='bbox 1309 2632 1381 2672; x_wconf 87' lang='lat' dir='ltr'>his</span> <span class='ocrx_word' id='word_1_303' title='bbox 1401 2632 1576 2683; x_wconf 85' lang='lat' dir='ltr'>elapsis</span> <span class='ocrx_word' id='word_1_304' title='bbox 1597 2630 1759 2672; x_wconf 89' lang='lat' dir='ltr'>diebus</span> <span class='ocrx_word' id='word_1_305' title='bbox 1789 2643 1894 2671; x_wconf 83' lang='lat' dir='ltr'>con-</span> 
     </span>
     <span class='ocr_line' id='line_1_36' title="bbox 252 2703 1895 2757; baseline -0.001 -12"><span class='ocrx_word' id='word_1_306' title='bbox 252 2706 507 2747; x_wconf 82' lang='lat' dir='ltr'>sessionem</span> <span class='ocrx_word' id='word_1_307' title='bbox 526 2707 663 2747; x_wconf 88' lang='lat' dir='ltr'>unius</span> <span class='ocrx_word' id='word_1_308' title='bbox 683 2705 893 2747; x_wconf 89' lang='lat' dir='ltr'>mulieris</span> <span class='ocrx_word' id='word_1_309' title='bbox 913 2705 1169 2757; x_wconf 89' lang='lat' dir='ltr'>Hispanae,</span> <span class='ocrx_word' id='word_1_310' title='bbox 1194 2715 1313 2756; x_wconf 92' lang='lat' dir='ltr'>quae</span> <span class='ocrx_word' id='word_1_311' title='bbox 1333 2704 1442 2744; x_wconf 90' lang='lat' dir='ltr'>licet</span> <span class='ocrx_word' id='word_1_312' title='bbox 1466 2703 1734 2755; x_wconf 87' lang='lat' dir='ltr'>frequenter</span> <span class='ocrx_word' id='word_1_313' title='bbox 1754 2714 1895 2754; x_wconf 83' lang='lat' dir='ltr'>passa</span> 
     </span>
     <span class='ocr_line' id='line_1_37' title="bbox 253 2774 1896 2830; baseline -0.003 -11"><span class='ocrx_word' id='word_1_314' title='bbox 253 2784 376 2818; x_wconf 85' lang='lat' dir='ltr'>esset</span> <span class='ocrx_word' id='word_1_315' title='bbox 396 2779 648 2830; x_wconf 90' lang='lat' dir='ltr'>repulsam,</span> <span class='ocrx_word' id='word_1_316' title='bbox 671 2777 854 2819; x_wconf 85' lang='lat' dir='ltr'>redibat</span> <span class='ocrx_word' id='word_1_317' title='bbox 876 2783 1033 2818; x_wconf 88' lang='lat' dir='ltr'>tamen</span> <span class='ocrx_word' id='word_1_318' title='bbox 1050 2782 1095 2817; x_wconf 91' lang='lat' dir='ltr'>et</span> <span class='ocrx_word' id='word_1_319' title='bbox 1112 2776 1310 2827; x_wconf 89' lang='lat' dir='ltr'>urgebat</span> <span class='ocrx_word' id='word_1_320' title='bbox 1328 2774 1507 2815; x_wconf 90' lang='lat' dir='ltr'>tamdiu</span> <span class='ocrx_word' id='word_1_321' title='bbox 1523 2775 1672 2815; x_wconf 91' lang='lat' dir='ltr'>donec</span> <span class='ocrx_word' id='word_1_322' title='bbox 1689 2774 1896 2815; x_wconf 91' lang='lat' dir='ltr'>animum</span> 
     </span>
     <span class='ocr_line' id='line_1_38' title="bbox 254 2845 1894 2902; baseline -0.003 -12"><span class='ocrx_word' id='word_1_323' title='bbox 254 2850 410 2890; x_wconf 87' lang='lat' dir='ltr'>Patris</span> <span class='ocrx_word' id='word_1_324' title='bbox 454 2857 764 2902; x_wconf 88' lang='lat' dir='ltr'>expugnaret.</span> <span class='ocrx_word' id='word_1_325' title='bbox 813 2849 950 2890; x_wconf 89' lang='lat' dir='ltr'>Aliae</span> <span class='ocrx_word' id='word_1_326' title='bbox 998 2849 1140 2889; x_wconf 90' lang='lat' dir='ltr'>etiam</span> <span class='ocrx_word' id='word_1_327' title='bbox 1184 2852 1428 2888; x_wconf 83' lang='lat' dir='ltr'>matronae</span> <span class='ocrx_word' id='word_1_328' title='bbox 1474 2847 1655 2887; x_wconf 88' lang='lat' dir='ltr'>nobiles</span> <span class='ocrx_word' id='word_1_329' title='bbox 1702 2845 1894 2897; x_wconf 89' lang='lat' dir='ltr'>cupiunt</span> 
     </span>
     <span class='ocr_line' id='line_1_39' title="bbox 256 2917 1893 2972; baseline -0.002 -12"><span class='ocrx_word' id='word_1_330' title='bbox 256 2921 445 2960; x_wconf 89' lang='lat' dir='ltr'>omnino</span> <span class='ocrx_word' id='word_1_331' title='bbox 468 2921 557 2972; x_wconf 89' lang='lat' dir='ltr'>ipsi</span> <span class='ocrx_word' id='word_1_332' title='bbox 578 2921 802 2962; x_wconf 89' lang='lat' dir='ltr'>confiteri.</span> <span class='ocrx_word' id='word_1_333' title='bbox 826 2920 1004 2961; x_wconf 89' lang='lat' dir='ltr'>Nobilis</span> <span class='ocrx_word' id='word_1_334' title='bbox 1025 2930 1209 2971; x_wconf 92' lang='lat' dir='ltr'>quoque</span> <span class='ocrx_word' id='word_1_335' title='bbox 1236 2918 1417 2959; x_wconf 90' lang='lat' dir='ltr'>aulicus</span> <span class='ocrx_word' id='word_1_336' title='bbox 1438 2917 1628 2969; x_wconf 90' lang='lat' dir='ltr'>quidam</span> <span class='ocrx_word' id='word_1_337' title='bbox 1654 2917 1719 2958; x_wconf 90' lang='lat' dir='ltr'>ita</span> <span class='ocrx_word' id='word_1_338' title='bbox 1745 2917 1893 2968; x_wconf 86' lang='lat' dir='ltr'>profe-</span> 
     </span>
     <span class='ocr_line' id='line_1_40' title="bbox 253 2989 1893 3042; baseline -0.002 -11"><span class='ocrx_word' id='word_1_339' title='bbox 253 2991 318 3031; x_wconf 91' lang='lat' dir='ltr'>cit</span> <span class='ocrx_word' id='word_1_340' title='bbox 354 2991 749 3033; x_wconf 90' lang='lat' dir='ltr'>admonitionibus</span> <span class='ocrx_word' id='word_1_341' title='bbox 784 2991 1244 3042; x_wconf 85' lang='lat' dir='ltr'>institutionibusque</span> <span class='ocrx_word' id='word_1_342' title='bbox 1278 2989 1454 3040; x_wconf 88' lang='lat' dir='ltr'>Patris,</span> <span class='ocrx_word' id='word_1_343' title='bbox 1491 2995 1539 3029; x_wconf 89' lang='lat' dir='ltr'>ut</span> <span class='ocrx_word' id='word_1_344' title='bbox 1573 2993 1702 3028; x_wconf 91' lang='lat' dir='ltr'>certo</span> <span class='ocrx_word' id='word_1_345' title='bbox 1737 2999 1893 3028; x_wconf 89' lang='lat' dir='ltr'>secum</span> 
     </span>
    </p>
   </div>
  </div>
 </body>
</html>
