2074 3179
866 169 948 207 AN.
980 170 1066 207 1551
1709 170 1774 208 281

153 273 238 307 set.
262 266 375 306 Illud
395 267 509 306 satis
531 272 725 312 constat,
751 277 942 317 operam
969 265 1122 306 Patris
1149 265 1284 305 huius
1312 265 1359 304 in
1388 264 1598 304 Comitiis
1624 267 1777 316 proxi-

153 338 262 388 mis,
299 343 348 377 ut
375 338 491 377 alias
518 337 889 388 perscripsimus,
913 349 1062 388 neque
1086 348 1272 388 parum,
1302 347 1451 387 neque
1479 337 1641 387 paucis
1675 348 1775 387 pro—

152 408 316 459 fuisse,
341 408 439 449 sive
461 408 767 448 confessionis
789 414 1134 448 sacramentum
1155 412 1431 458 spectemUS‚
1456 407 1503 446 in
1524 419 1614 458 quo
1637 408 1777 447 admi-

154 479 396 519 nistrando
415 490 554 530 saepe
574 480 860 530 multumque
880 484 1098 519 versatus
1120 484 1203 529 est,
1222 478 1498 530 praesertim
1516 478 1573 517 ob
1590 490 1776 518 conces-

152 561 256 589 sum
278 550 410 589 aulae
432 549 692 589 Caesareae
718 549 1000 602 jubilaeum,
1024 550 1124 589 sive
1145 549 1508 589 familiaritatem
1531 549 1653 588 illius
1673 561 1779 589 cum

153 620 449 671 Principibus
485 621 693 660 habitam
727 621 1089 661 consideremus.
1125 621 1183 660 Et
1208 632 1294 671 pro
1322 626 1483 660 nostra
1511 620 1696 671 quidem
1724 632 1778 660 ac

151 692 262 743 Jesu
282 690 514 731 Societate
536 692 582 731 in
610 691 687 731 illo
715 691 982 743 Principum
1008 697 1146 743 atque
1174 691 1515 732 Germanorum
1546 696 1780 730 conventu

153 768 334 802 tantum
355 762 610 813 praestitit,
641 757 865 813 quantum
890 774 1026 802 nemo
1054 762 1173 802 alius
1201 773 1405 813 unquam
1433 762 1479 802 in
1509 761 1778 802 Germania:

155 833 220 872 sic
243 845 432 883 nomen,
457 833 704 883 originem,
729 844 1019 884 successum,
1044 844 1348 884 progressum
1369 832 1617 873 Societatis
1639 833 1780 884 expli-

152 905 271 951 cuit,
301 905 368 944 sic
398 905 546 944 infixit
575 904 823 946 Germanis
859 905 1047 955 animis,
1084 911 1134 945 ut
1168 905 1501 945 authoritatem
1534 904 1707 944 nostris
1737 910 1780 944 et

153 974 289 1014 fidem
309 975 555 1022 invenerit,
576 988 694 1027 quae
715 976 774 1016 ad
794 977 916 1017 hanc
937 976 1124 1016 Vineam
1145 975 1330 1016 Christo
1352 975 1659 1016 excolendam
1680 981 1781 1015 erat

153 1047 503 1096 pernecessaria
537 1046 561 1086 ¹.
601 1046 774 1097 Magna
807 1047 855 1086 in
880 1047 956 1086 illo
987 1046 1262 1098 dexteritas,
1295 1059 1386 1098 qua
1421 1058 1524 1086 sese
1562 1052 1779 1098 attempe-

150 1127 256 1155 rare
291 1115 305 1135 ²
340 1118 455 1156 solet
490 1117 722 1165 omnibus,
758 1124 855 1158 tam
894 1118 1086 1157 summis
1125 1129 1263 1169 quam
1298 1117 1487 1157 infimis:
1523 1128 1696 1168 magna
1735 1117 1782 1157 in

152 1187 335 1237 agendo
364 1188 631 1239 prudentia,
662 1194 710 1228 ut
744 1189 1017 1239 quorumvis
1051 1189 1233 1228 animos
1260 1194 1486 1240 tractare,
1524 1188 1702 1239 sibique
1736 1188 1783 1228 in

153 1257 354 1298 Domino
390 1259 636 1298 conciliari
668 1259 806 1309 norit,
836 1259 953 1299 adeo
980 1266 1029 1298 ut
1070 1260 1239 1299 mirum
1273 1271 1412 1310 saepe
1439 1259 1595 1299 multis
1628 1259 1783 1298 visum

153 1329 211 1368 sit
241 1340 330 1380 quo
360 1335 498 1380 pacto
527 1329 800 1380 simplicitas
830 1335 875 1369 et
905 1329 1132 1369 modestia
1160 1330 1237 1369 illa
1266 1330 1419 1370 Patris
1447 1341 1549 1370 cum
1582 1329 1783 1370 authori-

151 1406 246 1440 tate
270 1406 313 1440 et
334 1400 472 1440 laude
491 1400 676 1451 publica
697 1399 1072 1451 conjungeretur,
1096 1407 1146 1440 ut
1166 1400 1281 1440 nihil
1311 1412 1404 1440 non
1431 1401 1682 1452 impetrare
1710 1400 1785 1440 vel

151 1470 345 1511 ridendo
366 1482 504 1522 posse
525 1471 743 1511 videatur
767 1470 795 1508 ⁵.
818 1470 909 1512 Sed
929 1471 1120 1522 spiritus
1140 1471 1229 1511 Dei
1250 1483 1386 1523 quem
1414 1472 1557 1511 semel
1588 1483 1784 1522 occupa-

152 1542 232 1593 rit,
257 1553 363 1582 eum
383 1542 540 1582 multis
562 1547 696 1582 ornat
717 1542 921 1593 dotibus,
951 1543 1228 1594 praesertim
1248 1543 1325 1582 ubi
1347 1542 1605 1582 communis
1637 1542 1682 1582 id
1709 1554 1785 1582 ex-

151 1613 303 1664 poscit
323 1613 499 1653 utilitas
521 1620 565 1653 et
586 1614 738 1664 gloria
761 1613 950 1654 Christi.
972 1613 1103 1654 Unus
1124 1625 1217 1654 non
1239 1613 1495 1654 Catholicis
1515 1613 1653 1653 modo
1681 1625 1783 1664 per-

151 1690 340 1735 gratus,
366 1690 411 1724 et
432 1685 491 1724 ad
514 1684 916 1724 confirmationem
944 1684 1051 1725 fidei
1080 1684 1354 1724 commodus
1380 1684 1655 1724 adhortator
1682 1683 1784 1734 fuit,

153 1754 397 1794 sedetiam
418 1755 707 1806 praecipuis,
740 1755 817 1806 qui
842 1761 954 1795 tunc
984 1755 1193 1806 aderant,
1230 1756 1607 1796 Lutheranorum
1637 1755 1786 1794 consi-

152 1825 318 1876 liariis,
356 1826 434 1877 qui
467 1827 596 1866 illum
631 1827 686 1866 de
714 1826 802 1866 fide
832 1827 1138 1867 disserentem
1168 1826 1420 1867 audiebant
1452 1826 1788 1876 lubentissime,

153 1896 393 1937 satisfecit.
431 1896 680 1948 Rogabant
716 1898 845 1938 illum
879 1898 935 1938 de
969 1898 1189 1938 maximis
1223 1898 1558 1938 controversiis
1593 1897 1640 1937 in
1672 1896 1790 1937 Reli-

152 1968 313 2019 gione,
343 1968 642 2019 proferebant
680 1975 957 2020 argumenta
977 1981 1085 2019 sua,
1108 1970 1386 2020 praesertim
1407 1969 1463 2008 de
1491 1968 1689 2008 materia
1716 1967 1788 2021 Ju-

151 2039 448 2079 stificationis
476 2040 617 2080 etiam
648 2040 973 2091 praesentibus
1007 2040 1284 2092 quibusdam
1312 2039 1572 2091 Episcopis.
1607 2039 1706 2089 Ille,
1742 2043 1793 2078 ut

152 2110 300 2150 mirus
321 2116 390 2151 est
412 2111 584 2151 artifex
605 2111 652 2150 in
672 2111 1011 2162 perspiciendis
1032 2117 1077 2151 et
1102 2111 1363 2151 tractandis
1394 2110 1580 2161 animis,
1610 2120 1792 2149 summa

154 2192 261 2220 cum
282 2182 511 2221 modestia
531 2172 863 2233 respondebat,
889 2182 1128 2234 aperiebat
1149 2182 1319 2232 nodos,
1344 2181 1578 2221 eximebat
1599 2191 1788 2232 scrupu-

155 2252 239 2301 los,
264 2252 481 2292 veritatis
502 2264 693 2293 causam
714 2253 997 2304 illustrabat,
1021 2259 1071 2293 ut
1097 2253 1260 2293 mirari
1291 2259 1389 2293 tum
1417 2251 1666 2302 Catholici,
1694 2238 1792 2291 tum

155 2322 380 2363 haeretici
400 2330 606 2374 possent.
632 2323 809 2375 Quare,
838 2324 915 2375 qui
941 2330 1100 2375 partes
1128 2324 1333 2374 agebant
1363 2323 1597 2364 Saxoniae
1627 2322 1788 2372 Ducis,

154 2393 277 2433 illius
328 2394 485 2434 verbis
522 2395 872 2446 rationibusque
903 2395 1121 2446 permoti,
1160 2394 1220 2434 ad
1254 2387 1555 2434 concordiam
1582 2393 1638 2433 de
1672 2392 1788 2433 Reli-

155 2465 294 2515 gione
316 2464 567 2505 ineundam
589 2465 925 2506 convertebant
946 2477 1072 2516 sese,
1096 2465 1287 2505 adibant
1308 2476 1515 2505 summos
1535 2464 1785 2515 principes,

155 2536 547 2576 commendabant
567 2535 616 2575 P.
642 2535 902 2587 Claudium,
926 2536 973 2576 id
993 2536 1195 2576 maxime
1216 2542 1458 2588 rogantes,
1482 2535 1643 2576 liceret
1659 2535 1788 2575 Patri

157 2606 204 2646 in
225 2605 481 2647 Saxoniam
501 2607 755 2658 proficisci,
779 2619 835 2647 ac
863 2608 919 2648 de
940 2608 1079 2648 rebus
1108 2608 1214 2647 fidei
1243 2619 1347 2647 cum
1374 2606 1588 2658 Philippo
1620 2605 1789 2646 Melan-

265 2743 422 2771 Canisius
437 2744 634 2778 scripserat:
651 2744 700 2771 ⁹⁶...
717 2748 750 2771 et
768 2743 867 2771 fidem
881 2744 1050 2771 invenerit
1065 2743 1108 2770 ad
1123 2743 1211 2770 hanc
1233 2743 1370 2770 vineam
1393 2743 1530 2770 Christo
1547 2743 1793 2776 excolendam„

156 2789 250 2818 Haec
265 2791 431 2818 Polancus
448 2792 642 2818 emendavit
658 2792 720 2818 hoc
736 2791 833 2818 modo
847 2792 898 2818 “et
915 2791 1012 2819 fidem
1028 2798 1117 2825 quae
1142 2791 1183 2818 ad
1209 2791 1296 2818 hanc
1319 2791 1456 2818 vineam
1474 2790 1610 2817 Christo
1636 2790 1778 2817 excolen

156 2837 233 2864 dam
254 2840 330 2864 erat
347 2839 648 2872 pernecessariam

208 2885 222 2903 ‘2
260 2884 510 2920 Attemperare
523 2886 660 2920 scripsit
677 2885 844 2913 Polancus
857 2886 913 2913 ubi
933 2886 1116 2920 applicare
1132 2885 1319 2919 scripserat
1335 2883 1502 2911 Canisius.

204 2932 219 2951 5
265 2932 454 2960 Videretur
467 2933 604 2967 scripsit
620 2934 712 2967 prius
729 2932 902 2967 Canisius,
919 2933 977 2960 sed
994 2934 1093 2960 retur
1107 2933 1218 2960 deleto
1233 2933 1266 2960 in
1280 2932 1445 2966 principio
1463 2932 1587 2963 lineae,
1603 2932 1635 2958 in
1651 2939 1794 2966 praece-

163 2981 273 3009 dentis
286 2981 394 3009 lineae
410 2980 473 3008 fine
490 2981 619 3008 addidit
635 2982 726 3008 atur.
