2074 3179
256 180 332 215 050
773 180 1001 219 LITTERAE
1028 193 1386 225 QUADRIMESTRES

261 264 524 316 animarum
547 276 784 328 profectus
805 278 864 318 sit
886 284 1217 330 consequutus.
1241 279 1361 319 Nam
1390 279 1631 320 dulcedine
1661 294 1715 321 ac
1732 278 1917 322 ‘suavi'

260 353 354 387 tate
376 348 508 387 verbi
530 347 639 397 Dei,
664 349 834 388 addam
865 349 1005 389 etiam
1031 350 1260 401 novitate,
1293 351 1357 391 ita
1387 363 1505 403 gens
1533 353 1631 403 illa,
1659 358 1898 404 quantum—

259 418 368 458 libet
389 418 546 467 effera,
572 426 615 459 et
638 431 756 471 quae
776 420 1065 460 crudelitatis
1082 421 1269 461 nomine
1287 433 1428 474 supra
1446 422 1582 474 hujus
1603 423 1782 463 insulae
1800 425 1899 464 reli-

257 501 372 540 quos·
394 491 590 541 populos
613 491 733 531 male
756 491 952 541 audiret,
977 504 1100 532 nunc
1123 492 1314 533 delinita
1336 494 1596 546 allectaque
1619 501 1701 545 est,
1723 501 1772 534 ut
1791 506 1899 535 con-

257 561 404 600 cionis
427 556 688 601 audiendae
708 562 878 613 gratia,
903 563 993 603 duo
1022 563 1173 603 triave
1201 564 1345 604 millia
1372 576 1596 616 passuum
1626 577 1731 605 cum
1760 566 1897 606 dista-

258 621 361 671 rent
382 633 614 683 permulti,
638 634 799 673 venire
821 640 998 683 tamen,
1032 647 1113 675 seu
1142 646 1391 676 accurrere
1412 636 1581 688 potius,
1606 648 1699 676 non
1721 636 1900 677 dubita-

258 709 372 743 rent.
399 703 455 743 Et
476 705 698 755 quoniam
716 706 968 746 matutinas
984 706 1126 746 horas
1143 718 1280 746 sacro
1297 707 1569 758 peragendo
1587 708 1899 760 concionique

257 775 570 826 impendebat,
595 777 930 828 pomeridianis
952 777 998 817 in
1020 777 1230 818 docenda
1253 777 1467 819 doctrina
1485 778 1742 820 christiana
1765 791 1898 820 occu-

257 846 470 896 pabatur3
495 847 573 899 qui
593 848 779 899 longius
801 848 1128 900 adveniebant,
1152 861 1210 889 ne
1226 849 1395 889 horum
1413 850 1559 890 altero
1579 862 1741 891 carere
1763 863 1898 903 coge-

257 925 431 965 rentur,
457 919 495 958 si
517 919 707 960 domum
729 921 916 971 prandii
941 921 1097 971 gratia
1127 920 1354 972 redirent,
1379 921 1508 962 cibos
1536 933 1694 962 secum
1723 922 1901 962 adfere—

255 990 380 1034 bant,
406 1002 496 1042 quo
518 997 667 1031 totum
689 992 811 1032 diem
834 991 1037 1032 Domino
1057 992 1395 1044 impenderent.
1415 993 1482 1033 Ita
1500 993 1617 1033 haec
1634 994 1759 1034 vitae
1778 995 1899 1034 ratio

256 1061 343 1101 illis
365 1062 554 1113 placuit,
579 1069 628 1102 ut
650 1074 809 1102 secum
831 1062 1096 1103 felicissime
1119 1070 1276 1104 actum
1299 1064 1471 1115 dicant,
1494 1064 1659 1116 quibus
1676 1065 1783 1105 talis
1800 1071 1898 1105 tan-

256 1140 421 1184 tusque
455 1133 618 1174 Abbas
654 1134 918 1185 contigerit,
957 1134 1088 1186 cujus
1123 1147 1265 1186 opera
1297 1135 1464 1186 ingens
1495 1135 1584 1175 hoc
1612 1136 1800 1187 bonum,
1834 1136 1901 1176 sic

256 1205 379 1244 enim
401 1205 489 1256 ipsi
510 1206 776 1256 loquuntur,
802 1206 893 1246 sint
914 1206 1169 1258 assequuti‚
1195 1205 1319 1258 quod
1339 1218 1462 1246 nunc
1480 1218 1534 1246 eo
1553 1205 1802 1258 jucundius
1825 1219 1897 1247 ac—

254 1276 433 1327 cipiunt
455 1289 545 1328 quo
568 1284 676 1317 ante
699 1277 849 1317 fuerat
871 1278 1169 1329 insperatius.
1195 1277 1355 1330 Neque
1376 1290 1490 1318 vero
1513 1279 1587 1318 vel
1608 1277 1900 1330 frequentiae

239 1348 524 1388 ‘auditorum
545 1349 621 1389 vel
643 1348 828 1389 affectui
848 1349 1027 1389 fructus
1048 1349 1199 1401 impar
1225 1349 1415 1389 exstitit.
1440 1349 1559 1389 Nam
1581 1349 1902 1390 confessiones

256 1420 318 1459 ita
342 1420 515 1460 multae
538 1420 598 1460 ibi
621 1420 808 1460 auditae
830 1426 951 1471 sunt,
976 1426 1024 1460 ut
1045 1432 1138 1461 non
1158 1420 1303 1460 festos
1320 1426 1502 1460 tantum
1524 1420 1637 1471 dics,
1663 1420 1744 1460 scd
1760 1432 1900 1472 saepe

255 1491 436 1531 duobus
458 1491 668 1532 tribusve
690 1492 852 1532 diebus
869 1492 960 1532 illic
979 1492 1155 1532 morari
1172 1492 1359 1532 Patrem
1376 1492 1499 1532 hunc
1517 1497 1772 1542 oporteret;
1791 1503 1899 1543 qua-

257 1563 551 1614 dragesimae
579 1564 888 1609 verobonam
910 1570 1091 1614 partem
1112 1564 1173 1604 ibi
1200 1564 1452 1615 transegit3
1483 1570 1526 1604 et
1549 1575 1691 1615 paces
1723 1564 1899 1615 aliquot

258 1633 518 1685 confectae,
543 1641 587 1674 et
607 1641 803 1675 revocat
825 1636 998 1685 exules,
1025 1635 1160 1682 editis
1181 1635 1323 1675 etiam
1343 1635 1389 1674 in
1411 1635 1500 1674 hoc
1522 1635 1735 1686 publicis,
1755 1640 1803 1674 ut
1820 1646 1899 1674 vo-

256 1712 378 1756 cant,
404 1706 599 1746 actibus.
626 1706 848 1757 Virgines
869 1707 1120 1746 nonnullae
1142 1705 1243 1746 Deo
1272 1718 1320 1746 se
1349 1706 1586 1746 devovere
1614 1717 1699 1746 sua
1731 1712 1898 1757 sponte

254 1778 578 1817 decreverunt.
605 1778 762 1830 Aliqui
783 1779 1066 1829 generaliter
1090 1777 1292 1818 confessi
1314 1784 1441 1828 sunt3
1468 1777 1545 1817 alii
1567 1789 1799 1817 annorum
1823 1777 1900 1816 ali-

256 1855 367 1899 quot
390 1848 708 1889 confessiones
731 1856 941 1901 repetere
970 1850 1242 1899 voluerunt,
1274 1860 1383 1888 nam
1412 1849 1499 1888 hoc
1528 1848 1780 1900 praecipue
1812 1847 1902 1899 aje-

215 1949 218 1951 .
255 1920 368 1960 bant
389 1920 568 1960 nullum
590 1932 638 1960 se
660 1921 888 1960 hactenus
903 1921 1045 1960 talem
1062 1919 1404 1978 confessarium
1420 1919 1564 1960 fuisse
1587 1924 1820 1971 expertos
1840 1919 1903 1960 Ut

257 2003 368 2031 vero
391 1992 437 2031 in
459 2003 641 2032 summa
664 1992 837 2043 dicam,
864 1993 972 2033 dum
995 1992 1052 2032 ab
1073 1991 1146 2031 his
1174 1991 1360 2031 student
1388 1991 1547 2031 sedulo
1570 2002 1755 2041 cavere,
1780 2002 1900 2042 quae

258 2064 304 2103 in
326 2063 632 2103 concionibus
654 2064 867 2104 damnari
890 2063 1098 2113 audiunt,
1122 2062 1300 2103 factum
1317 2062 1414 2114 jam
1435 2069 1484 2102 ut
1507 2062 1638 2102 multi
1665 2062 1724 2102 ad
1746 2062 1901 2102 melio-

257 2146 356 2174 rem
388 2135 514 2175 vitae
543 2147 758 2175 normam
789 2146 891 2175 sese
920 2134 1253 2175 converterint.
1285 2133 1380 2174 Nec
1409 2134 1517 2174 laici
1545 2133 1705 2185 modo,
1736 2145 1902 2173 verum

257 2205 395 2246 etiam
418 2206 683 2258 presbyteri
705 2207 879 2258 aliquot
901 2206 1087 2246 illarum
1108 2205 1369 2256 regionum,
1396 2205 1489 2256 qui,
1509 2205 1628 2245 ludis
1646 2211 1690 2245 et
1707 2204 1809 2244 aliis
1828 2203 1900 2245 de-

256 2277 354 2328 diti,
379 2289 502 2317 nunc
524 2277 773 2328 abstinent,
798 2285 841 2317 et
863 2288 959 2325 eos,
984 2277 1062 2329 qui
1084 2288 1196 2317 suae
1219 2288 1360 2317 curae
1385 2282 1492 2316 sunt
1515 2275 1775 2326 commissi,
1797 2275 1902 2315 hor-

259 2354 416 2389 tantur
451 2354 500 2388 ut
531 2349 589 2388 ad
619 2348 782 2389 Sancti
816 2348 1018 2400 Philippi
1046 2349 1237 2388 veniant
1273 2347 1525 2388 conciones
1557 2347 1775 2387 audituri.
1806 2346 1899 2398 Ipsi

259 2432 372 2460 vero
395 2420 536 2460 etiam
557 2427 786 2471 rogarunt
807 2426 857 2460 ut
877 2420 1177 2471 peculiariter
1197 2419 1251 2460 R.
1276 2418 1324 2459 Ρ.
1356 2418 1597 2470 Philippus
1625 2419 1682 2458 iis
1709 2417 1903 2458 vivendi

261 2492 492 2532 rationem
513 2492 735 2539 traderet,
762 2503 879 2543 quae
901 2491 1171 2531 sacerdotes
1193 2489 1394 2530 deceret.
1423 2489 1514 2530 Sed
1541 2495 1585 2529 et
1616 2488 1828 2529 confiteri
1858 2488 1901 2528 ei

258 2564 525 2614 voluerunt,
549 2564 675 2615 quod
696 2575 781 2603 nec
800 2563 898 2614 ipse
916 2563 1089 2603 abnuit.
1109 2562 1329 2602 Monachi
1346 2573 1529 2613 quoque
1547 2560 1723 2601 ordinis
1741 2559 1902 2601 Sancti

265 2635 434 2686 Basilii,
459 2635 537 2687 qui
555 2635 600 2675 in
624 2635 829 2675 Abbatia
846 2635 1073 2685 habitant,
1098 2633 1418 2674 lubentissime
1439 2631 1538 2684 ejus
1556 2644 1604 2672 se
1627 2632 1903 2672 submittunt

259 2706 471 2747 consiliio
494 2712 813 2759 rogaruntque
834 2712 883 2746 ut
904 2717 1039 2746 suum
1068 2705 1194 2745 vitae
1221 2705 1484 2745 institutum
1513 2703 1651 2755 (satis
1678 2703 1802 2743 enim
1828 2702 1902 2742 de-

263 2778 408 2829 flexit,
432 2784 680 2830 propterea
709 2778 833 2830 quod
855 2778 971 2818 haec
1000 2777 1203 2818 Abbatia
1226 2777 1272 2816 in
1300 2775 1649 2826 commendam,
1679 2780 1728 2814 ut
1756 2773 1899 2826 ajunt,

262 2849 464 2899 abierat)
489 2849 547 2890 ad
570 2849 667 2889 divi
694 2849 855 2889 Basilii
883 2860 1098 2889 normam
1126 2848 1366 2888 emendari
1396 2846 1518 2898 a'pud
1547 2846 1639 2887 R.m
1668 2845 1903 2886 Abbatem

260 2927 469 2971 curaret3
494 2932 543 2960 se
566 2927 723 2961 autem
743 2920 844 2960 fore
875 2921 934 2961 ad
964 2921 1120 2961 omnia
1148 2919 1544 2972 promptissimos,
1575 2917 1826 2958 dummodo
1854 2916 1902 2956 in

260 2998 361 3031 tuto
402 2992 555 3042 posita
595 2993 720 3032 salus
760 3004 921 3032 eorum
960 2991 1190 3032 videatur.
1232 2990 1353 3031 Nam
1390 2991 1621 3031 haetenus
1660 2988 1903 3029 liberiores
