2074 3179
252 144 324 181 532
769 140 998 177 LITTERAE
1025 148 1384 182 QUADRIMESTRES

250 241 460 292 recipere
484 240 710 291 coeperit,
735 238 916 287 divina,
940 244 989 276 ut
1011 247 1275 288 speramus,
1300 247 1385 286 ope
1407 234 1467 275 ad
1487 233 1745 286 perfectam
1766 233 1888 273 sani-

249 318 394 353 tatem
430 311 562 352 brevi
597 309 912 359 reducendus,
953 313 1032 347 aut
1067 313 1192 347 certe
1221 318 1248 346 a
1281 306 1508 346 bonorum
1542 304 1890 356 insigniumque

248 384 459 424 virorum
493 382 746 431 consortio,
777 392 867 432 quo
900 379 1102 420 antehac
1132 377 1424 418 familiariter
1454 388 1566 417 usus
1594 383 1684 427 est,
1718 376 1890 427 nequid

248 456 445 507 gravius
481 453 680 495 ominari
715 452 874 502 libeat,
914 462 1020 491 cum
1054 450 1208 501 potius
1241 449 1356 489 nihil
1389 460 1483 488 non
1510 448 1794 500 sperandum
1829 447 1889 487 sit

248 527 380 578 boni,
412 526 581 566 abhinc
608 523 944 576 profligandus.
981 522 1042 562 Ut
1067 527 1117 562 ut
1151 527 1308 561 tamen
1337 520 1493 568 cedat,
1528 531 1622 560 non
1648 520 1766 560 levis
1793 530 1887 558 mo—

247 599 390 639 menti
412 598 597 638 videtur
617 596 716 636 fore
735 595 859 647 quod
880 600 1036 634 actum
1052 599 1136 633 est.

327 669 499 710 Paucis
517 674 625 708 ante
642 667 804 707 diebus
821 665 949 706 venit
966 665 1026 705 ad
1048 675 1135 704 nos
1150 664 1224 704 vir
1245 669 1290 703 et
1309 662 1560 714 gravitatis
1582 668 1626 702 et
1647 662 1888 703 doctrinae

244 741 442 781 multum
471 751 583 791 prae
610 750 660 779 se
688 738 866 788 ferens,
897 737 1055 788 idque,
1087 742 1136 776 ut
1165 736 1317 776 visum
1348 740 1439 784 est,
1472 734 1685 775 tentandi
1711 735 1885 785 gratia,

244 824 351 853 cum
375 811 585 852 nonnihil
607 811 664 851 ab
687 810 817 850 initio
841 809 1090 849 cavillatus
1111 808 1191 858 sit,
1224 806 1345 847 unde
1375 805 1753 856 ludimagistrum
1784 817 1886 845 esse

243 884 479 924 hominem
501 882 726 934 suspicati
747 893 923 931 sumus,
948 880 1139 920 minime
1160 890 1274 920 vero
1295 877 1545 918 trivialem.
1569 876 1633 928 Is,
1665 877 1888 917 modestis

242 956 445 1007 primum
476 953 861 1007 responsionibus
883 952 1141 1002 demulsus,
1166 950 1331 990 deinde
1353 948 1551 989 instituti
1572 948 1720 988 nostri
1741 954 1785 988 et
1807 948 1886 988 do-

243 1027 379 1067 cendi
414 1026 598 1067 ratione
633 1035 909 1077 pe1·suaSUS,
938 1028 1035 1063 toto
1064 1034 1113 1062 se
1140 1033 1198 1062 ex
1225 1021 1381 1061 animo
1409 1020 1544 1060 nobis
1569 1019 1686 1060 bene
1717 1031 1886 1071 cupere

242 1111 299 1139 ac
320 1098 482 1139 favere
505 1097 744 1138 indicavit.
770 1096 961 1137 Utinam
982 1095 1241 1146 inspirante
1265 1092 1366 1133 Deo
1387 1091 1509 1132 idem
1531 1091 1682 1131 faxint
1703 1102 1880 1143 omnes,

241 1176 291 1210 ut
314 1176 440 1210 certe
462 1181 554 1209 non
575 1168 732 1209 facere
753 1179 847 1207 non
872 1172 1068 1218 possunt
1090 1169 1317 1217 quotquot
1338 1164 1430 1215 pia,
1456 1168 1534 1202 aut
1560 1163 1766 1214 ingenua
1796 1162 1886 1202 sal-

241 1247 350 1291 tem,
374 1247 530 1281 mente
552 1246 659 1280 sunt
681 1238 897 1291 praediti.
922 1237 1047 1278 Fieri
1070 1242 1227 1276 autem
1248 1235 1329 1275 vix
1345 1240 1498 1286 potest
1514 1234 1624 1285 quin
1652 1234 1884 1274 oblatrent

240 1313 471 1363 nonnulli,
496 1312 738 1352 autetiam
760 1311 1002 1360 insultent,
1036 1310 1112 1348 vel
1142 1307 1402 1348 catholicae
1433 1306 1677 1347 doctrinae
1706 1305 1880 1358 profes—

239 1385 420 1425 sionem
441 1384 576 1424 exosi
605 1383 680 1423 vel
708 1383 864 1434 aliquo
891 1381 1046 1421 famae
1077 1385 1155 1420 aut
1184 1379 1252 1419 rei
1279 1390 1391 1419 suae
1422 1377 1663 1429 dispendio
1696 1378 1878 1417 exulce-

238 1457 344 1496 rati.
370 1456 556 1496 Nemini
579 1453 788 1507 profecto
806 1452 959 1505 justae
981 1450 1318 1503 indignationis
1340 1461 1505 1489 ansam
1521 1449 1765 1501 porrigere
1790 1454 1883 1489 stu-

238 1528 424 1578 demus,
465 1527 546 1567 sed
583 1526 819 1577 omnibuS,
849 1531 898 1565 ut
928 1524 1012 1565 Dei
1052 1535 1106 1564 ac
1141 1521 1343 1574 proximi
1378 1521 1585 1561 charitas
1620 1526 1780 1572 urget,
1821 1532 1880 1560 ex

239 1599 396 1639 animo
415 1599 532 1638 bene
558 1599 772 1638 volumus
795 1609 849 1636 ac
872 1606 1135 1648 precamur.
1167 1594 1224 1634 Et
1251 1592 1423 1644 nequid
1448 1591 1569 1632 forte
1599 1603 1682 1644 per
1712 1592 1879 1643 impru-

240 1670 447 1710 dentiam
482 1670 575 1710 tale
609 1668 717 1721 quid
754 1667 1122 1716 committamus,
1156 1665 1333 1705 amicos
1363 1675 1502 1715 super
1532 1663 1605 1703 his
1634 1663 1807 1714 probos
1839 1668 1883 1703 et

239 1743 436 1782 solertes
465 1741 592 1781 viros
620 1752 759 1791 saepe
788 1738 1095 1787 consulimus,
1126 1736 1377 1788 praecipue
1413 1746 1528 1775 vero
1556 1734 1694 1774 R.d¹1¹1¹
1724 1734 1880 1774 Domi-

238 1825 351 1853 num
383 1812 659 1853 Antistitem
694 1817 928 1860 nostrum,
960 1809 1039 1861 qui
1065 1814 1313 1860 paternum
1347 1807 1484 1858 plane
1519 1817 1634 1857 erga
1669 1817 1753 1845 nos
1786 1805 1881 1845 ani-

237 1896 365 1924 mum
401 1883 693 1934 officiumque
730 1893 866 1921 omne
907 1880 1128 1920 exhibere
1156 1878 1330 1930 pergit,
1362 1878 1503 1917 immo
1538 1877 1680 1917 etiam
1712 1882 1878 1916 mater-

237 1967 371 2006 num,
396 1955 514 1995 adeo
537 1966 622 1995 nos
644 1960 802 1994 tenere
824 1952 994 2003 diligit,
1019 1950 1227 1991 studiose
1255 1949 1405 1999 fovet,
1430 1948 1627 1988 sollicite
1657 1947 1877 1998 custodit,

238 2034 281 2068 et
302 2027 419 2067 nihil
439 2032 679 2078 postremo
701 2023 1033 2076 praetermittit
1054 2021 1177 2074 quod
1204 2021 1437 2073 possimus
1465 2019 1754 2069 desiderare,
1789 2019 1880 2059 nisi

237 2099 559 2140 desideremus
579 2098 683 2150 plus
711 2108 851 2149 quam
872 2095 1034 2148 possit.
1074 2093 1324 2134 Studemus
1354 2097 1399 2132 et
1431 2103 1539 2142 nOS,
1563 2097 1612 2131 ut
1639 2091 1876 2141 debemus,

238 2182 424 2211 omnem
460 2169 670 2210 vicissim
698 2169 759 2208 illi
788 2167 1010 2208 exhibere
1044 2164 1402 2217 gratitudinem,
1441 2163 1793 2203 observantiam
1824 2173 1879 2201 ac

237 2242 563 2294 precationem
584 2241 724 2292 piam.

318 2313 448 2353 Haec
471 2319 599 2363 sunt,
625 2312 763 2352 Pater
790 2308 1213 2358 venerandissime,
1249 2318 1367 2359 quae
1398 2307 1444 2346 in
1474 2305 1748 2346 memoriam
1779 2315 1879 2344 suc-

239 2391 451 2434 currunt,
478 2395 603 2424 nunc
625 2382 849 2435 temporis
871 2379 1144 2430 scribenda,
1170 2379 1277 2419 licet
1297 2389 1465 2430 parum
1492 2377 1613 2417 scitu
1643 2376 1808 2427 digna,
1841 2375 1880 2415 si

239 2468 347 2496 cum
380 2456 471 2496 illis
506 2454 824 2504 conferantur,
855 2464 974 2504 quae
1007 2451 1184 2503 passim
1215 2450 1318 2490 aliis
1345 2449 1391 2489 in
1420 2447 1579 2488 mundi
1608 2447 1820 2499 partibus
1853 2459 1878 2486 a

238 2528 490 2568 Societatis
525 2525 662 2577 hujus
696 2525 943 2575 membris,
986 2524 1126 2564 etiam
1162 2521 1433 2573 postremis,
1469 2520 1572 2571 geri
1606 2518 1877 2570 accipimus.

239 2599 374 2650 Quod
398 2599 579 2639 utinam
600 2597 756 2648 nobis,
780 2606 829 2636 ut
851 2608 936 2648 par
968 2602 1057 2646 est,
1091 2606 1175 2647 pro
1204 2593 1467 2634 calcaribus
1494 2592 1573 2641 sit,
1603 2596 1652 2630 ut
1679 2589 1776 2641 jam
1806 2590 1881 2630 vel

239 2671 409 2711 abhinc
431 2671 478 2710 in
500 2671 588 2710 hac
611 2669 805 2709 salutari
826 2669 904 2708 via
927 2667 1079 2707 minus
1101 2665 1306 2717 segniter
1336 2673 1600 2713 curramus;
1633 2673 1723 2714 qua
1756 2661 1803 2701 in
1830 2672 1880 2700 re

235 2742 680 2793 providentissimae
708 2747 815 2780 tuae
838 2737 1081 2779 charitatis
1103 2735 1491 2788 reprehensiones
1512 2732 1874 2784 increpationes-

238 2825 340 2864 que,
374 2820 558 2865 praeter
596 2813 758 2853 solitas
786 2810 1131 2851 admonitiones
1159 2814 1202 2848 et
1230 2818 1409 2859 preces,
1433 2804 1682 2855 humiliter,
1715 2802 1880 2855 cupide

237 2890 281 2924 et
304 2884 475 2925 obnixe
498 2884 778 2936 expetimus,
812 2882 979 2933 quibus
1006 2892 1091 2921 nos
1122 2891 1206 2931 pro
1235 2890 1318 2918 sua
1341 2876 1629 2928 benignitate
1662 2875 1879 2926 dignetur

236 2955 514 2995 mitissimus
536 2955 686 3008 jesus.
