2074 3179
149 128 220 162 1³04
668 130 893 166 Llrrfflmss
922 141 1279 172 orabamastans

149 236 241 271 gua
279 224 613 277 confirmabat,
648 226 712 266 ita
750 232 798 266 ut
828 238 914 266 nec
950 239 1001 266 os
1038 239 1064 266 a
1095 228 1235 268 corde
1269 240 1356 269 nec
1392 241 1474 269 cor
1509 230 1567 269 ab
1608 241 1688 270 ore
1710 242 1788 270 un-

149 307 289 345 quam
317 296 602 345 dissentiret,
641 298 752 348 quin
774 297 916 337 etiam
946 304 1127 338 tantam
1167 299 1321 339 animo
1355 301 1647 352 voluptatem
1682 313 1785 341 con—

149 367 372 417 cipiebat,
415 375 463 408 ut
504 369 591 409 hoc
627 380 738 408 suas
767 379 903 419 opeS,
935 369 1153 420 delicias,
1182 370 1430 422 gaudium,
1472 372 1674 423 quietem
1714 384 1788 412 ve-

150 449 342 489 ramque
372 438 645 479 felicitatem
677 439 1003 479 arbitraretur.
1038 439 1161 490 Quid
1190 440 1246 480 de
1281 452 1441 481 amore
1470 454 1560 493 quo
1594 454 1787 495 pauper-

150 515 291 549 tatem
313 511 711 561 prosequebatur?
733 516 859 550 certe
880 510 1002 550 hanc
1027 511 1091 550 ita
1114 512 1305 562 amavit,
1330 512 1395 552 ita
1416 524 1598 565 semper
1619 515 1788 566 ample-

146 591 234 620 xus
255 586 345 631 est,
368 587 418 621 ut
440 587 659 631 matrem,
691 593 903 621 sororem
931 593 1244 634 sponsamque
1276 583 1636 625 existimaverit:
1666 585 1788 625 unde

145 663 252 691 cum
287 652 505 703 aliquem,
530 653 823 704 paupertatis
859 653 1076 704 oblitum,
1106 654 1311 705 propriis
1332 655 1471 695 rebus
1498 656 1685 696 studere
1722 658 1786 697 vi-

145 722 312 773 debat,
354 735 459 763 eum
501 724 715 774 graviter
750 724 1005 764 admodum
1041 726 1325 774 accusabat,
1362 726 1426 766 ita
1459 733 1509 766 ut
1542 738 1697 767 meum
1734 740 1788 768 ac

147 804 274 834 tuum
296 802 537 846 tamquam
564 802 745 846 pestem
776 802 1098 836 execraretur.
1132 796 1385 837 Praeterea
1406 809 1547 849 quam
1568 793 1793 838 obediens

144 866 304 917 suerit,
338 868 529 917 longum
559 872 682 907 esset
713 879 986 918 recensere:
1025 868 1339 908 obedientiam
1375 869 1603 920 siquidem
1634 869 1789 921 (quarn

142 949 238 977 non
259 938 508 988 ignorabat
535 938 664 978 viam
691 950 810 989 esse,
844 950 936 990 qua
963 944 1093 979 recto
1122 940 1308 979 tramite
1333 939 1391 979 ad
1413 941 1663 980 coelestem
1692 942 1788 992 glo-

142 1009 262 1048 riam
282 1009 555 1060 pervenitur
587 1009 855 1061 Christique
885 1010 1093 1050 amicitia
1122 1010 1308 1050 facilius
1335 1014 1651 1062 comparatur)
1683 1024 1789 1052 exa-

143 1080 348 1120 ctissime
370 1080 646 1132 observare,
671 1082 827 1132 quoad
847 1087 1052 1133 poterat,
1079 1088 1275 1122 conatus
1298 1088 1383 1122 est.
1419 1082 1553 1123 Unde
1583 1083 1630 1123 in
1657 1084 1786 1123 mini-

144 1152 230 1191 mis
260 1152 402 1191 etiam
428 1152 568 1192 rebus
596 1153 724 1192 illam
752 1153 840 1193 sibi
867 1153 1046 1204 imponi
1076 1154 1286 1205 volebat,
1318 1166 1412 1194 non
1440 1155 1636 1205 ignarus
1665 1155 1789 1206 quod

142 1223 401 1263 obediendo
430 1229 694 1274 praestaret
726 1225 849 1273 <licet
876 1224 1013 1275 parvi
1041 1231 1164 1265 esset
1193 1225 1431 1274 momenti>
1462 1226 1507 1266 id
1536 1238 1628 1266 non
1657 1227 1786 1266 mini-

143 1305 269 1334 mum
284 1293 466 1334 fructus
482 1295 790 1347 utilitatisque
809 1295 1009 1335 adferre.
1024 1295 1206 1336 Silentii
1222 1308 1420 1348 quoque,
1441 1303 1490 1337 ut
1506 1305 1607 1337 erat
1628 1309 1786 1337 aman-

142 1366 372 1417 tissimus,
398 1366 460 1406 ita
491 1372 535 1406 et
563 1379 748 1418 semper
777 1367 1224 1408 observantissimus
1253 1379 1356 1408 esse
1384 1369 1551 1420 voluit,
1583 1369 1706 1420 quod
1736 1374 1786 1409 ut

141 1437 325 1477 facilius
366 1445 751 1489 consequeretur,
790 1439 993 1490 lapidem
1023 1451 1360 1491 nonnunquam
1392 1440 1439 1480 in
1470 1452 1565 1492 ore,
1606 1441 1786 1492 antiqui

143 1509 293 1549 Patris
331 1508 601 1560 Agathonis
632 1511 863 1562 exemplo,
901 1511 1134 1562 portabat.
1170 1511 1288 1552 Cum
1317 1517 1474 1551 autem
1505 1512 1552 1551 in
1584 1513 1786 1564 aliquem

141 1592 351 1621 errorem
372 1581 492 1621 forte
513 1581 702 1622 fortuna
724 1581 946 1633 delapsus
967 1582 1411 1634 deprehenderetur,
1444 1584 1612 1623 mirum
1643 1595 1783 1635 quan,

138 1659 302 1703 topere
323 1652 582 1704 gaudebat,
606 1665 700 1693 non
723 1653 847 1704 quod
868 1654 1090 1694 delictum
1111 1655 1442 1705 commisisset,
1467 1655 1549 1695 sed
1579 1655 1689 1706 quia
1718 1667 1786 1695 re-

139 1724 401 1774 prehensus
433 1723 793 1776 admonitusque
829 1725 1199 1765 emendatiorem
1235 1737 1284 1765 se
1312 1725 1521 1766 futurum
1556 1732 1780 1778 speraret.

143 1795 269 1835 Haec
292 1807 399 1835 cum
422 1795 670 1846 diligenter
692 1795 746 1836 R.
771 1795 820 1836 P.
845 1796 1110 1848 Cornelius,
1135 1797 1215 1848 qui
1231 1797 1387 1837 domui
1404 1797 1697 1849 probationis
1715 1803 1784 1837 est

139 1866 419 1918 praefectus,
442 1868 781 1919 consideraret,
803 1880 1000 1920 eumque
1022 1880 1048 1908 a
1070 1869 1245 1909 virtute
1263 1869 1310 1909 in
1331 1869 1555 1910 virtutem
1577 1869 1784 1921 quotidie

140 1939 395 1990 procedere
423 1940 627 1991 videret,
660 1940 865 1980 omnium
897 1952 1075 1991 curam,
1109 1952 1158 1980 se
1187 1941 1378 1981 absente
1402 1941 1467 1991 (ut
1503 1941 1580 1993 qui
1608 1942 1786 1981 nullum

140 2022 288 2062 aeque
320 2010 462 2051 fidum
490 2012 723 2063 haberet),
749 2012 815 2052 illi
837 2012 1129 2052 committere
1156 2025 1250 2052 non
1284 2013 1543 2053 dubitabat.
1573 2013 1616 2053 Is
1642 2013 1786 2064 igitur

141 2082 258 2122 alios
286 2094 509 2123 exercere
536 2084 738 2134 solebat,
776 2089 981 2135 tentare,
1020 2084 1231 2124 cribrare
1253 2090 1393 2136 atque
1420 2084 1785 2136 uniuscujusque

141 2160 360 2194 naturam
388 2155 619 2206 experiri3
649 2155 828 2207 hisque,
859 2167 976 2207 quos
1002 2156 1270 2207 praeceptis
1291 2156 1586 2207 superiorum
1606 2167 1701 2196 non
1721 2162 1785 2196 at-

140 2231 293 2266 tentos
314 2226 526 2275 videbat,
550 2227 864 2279 poenitentias
886 2227 1145 2279 injungere.
1173 2227 1292 2278 Quia
1314 2239 1429 2268 vero
1450 2239 1785 2279 nonnunquam

139 2298 409 2337 severitatis
436 2299 649 2338 nonnihil
671 2299 907 2351 animique
929 2299 1169 2350 rigidioris
1196 2311 1310 2351 prae
1332 2311 1381 2340 se
1402 2299 1603 2350 ferebat,
1634 2299 1786 2351 ipsum

140 2368 306 2420 reliqui
326 2375 495 2409 natura
517 2369 680 2410 rudem
699 2370 816 2420 (erat
838 2371 962 2411 enim
983 2371 1187 2421 calaber)
1206 2377 1250 2411 et
1271 2371 1331 2411 ad
1352 2371 1399 2411 id
1420 2371 1556 2411 officii
1577 2371 1783 2421 ineptum

140 2440 505 2491 existimabant;
548 2441 657 2481 hinc
698 2442 1095 2482 murmurationes
1135 2443 1589 2494 conquestionesque
1635 2447 1782 2481 ortac-

138 2511 329 2551 tandem
351 2523 457 2552 cum
481 2524 643 2552 omnes
664 2513 802 2553 simul
823 2513 1175 2565 conspirassent
1195 2520 1245 2554 ut
1266 2512 1364 2565 ejus
1385 2513 1644 2565 periculum
1661 2512 1782 2552 face-

140 2588 263 2634 rent,
287 2583 513 2634 numquid
530 2583 594 2623 ita
617 2583 899 2624 intrinsecus
921 2585 1173 2624 virtutibus
1196 2585 1403 2625 munitus
1420 2590 1543 2624 esset
1564 2584 1686 2624 sicut
1707 2595 1783 2623 ex-

140 2654 372 2694 trinsecus
393 2654 673 2706 apparebat,
697 2655 821 2695 hunc
843 2655 896 2694 R.
921 2655 970 2695 P.
996 2654 1262 2706 Cornelius,
1282 2661 1332 2696 ut
1352 2655 1543 2695 virtutis
1564 2654 1664 2706 ejus
1681 2666 1780 2706 spe-

141 2725 293 2765 cimen
323 2725 513 2777 aliquod
541 2726 725 2777 insigne
754 2726 1044 2777 ostenderet,
1077 2727 1293 2766 omnibus
1323 2725 1683 2778 discerpendum
1711 2726 1783 2766 bis

141 2796 355 2848 tradidit,
379 2802 429 2837 ut
455 2803 767 2848 tentaremus,
800 2797 1128 2849 probaremus,
1161 2797 1298 2838 modo
1321 2796 1612 2849 juberemus,
1642 2798 1782 2837 modo

136 2867 269 2918 jussa
290 2879 638 2920 revocaremus,
660 2880 714 2908 ac
731 2874 974 2920 tamquam
991 2869 1191 2909 alterum
1207 2868 1460 2908 Protheum
1476 2868 1524 2908 in
1540 2868 1665 2908 mille
1681 2880 1784 2908 ver-

141 2945 346 2979 teremus
367 2938 557 2980 formas.
586 2939 756 2980 Mirum
787 2951 901 2980 vero
925 2951 1065 2992 quam
1096 2940 1142 2979 in
1164 2940 1236 2979 his
1265 2939 1560 2980 conflictibus
1593 2940 1784 2991 egregie
