2074 3179
183 156 254 194 458
697 158 923 195 LlTTERAE
949 169 1252 202 QUADR1MESTR
1259 170 1307 197 Es

262 253 396 294 Nunc
418 254 473 294 de
497 254 784 294 charissimis
806 255 852 294 in
869 253 1072 294 Domino
1088 255 1312 296 fratribus
1328 268 1479 308 pauca
1503 257 1677 307 dicam,
1699 269 1808 308 quo—

185 336 288 365 rum
309 336 422 364 sane
444 325 606 365 virtuti
626 331 670 365 et
692 325 955 366 incredibili
974 326 1129 366 studio
1150 326 1336 378 pietatis
1356 327 1439 367 vix
1459 339 1621 379 parem
1647 328 1813 368 oratio-

185 407 291 436 nem
312 396 513 436 inveniri
534 408 672 457 posse
689 397 906 437 existimo
923 408 930 448 3
953 402 1086 437 tanta
1103 402 1172 437 est
1191 397 1312 438 inter
1329 409 1409 438 eos
1431 398 1694 439 animorum
1711 411 1815 439 con-

181 465 373 518 junctio,
397 473 529 507 tanta
551 469 597 507 in
617 467 827 519 parendo
851 468 1066 508 omnibus
1086 467 1420 520 promptitudo,
1444 475 1600 509 tantus
1621 481 1814 521 pauper-

185 538 308 588 tatis,
334 538 661 590 simplicitatis,
693 544 737 578 et
757 539 977 590 propriae
1005 539 1376 579 mortificationis
1404 551 1550 591 amor,
1581 546 1677 580 tam
1708 552 1817 580 rara

184 609 460 650 humilitatis
481 610 710 661 exempla.
734 609 888 662 Atque
909 610 956 650 in
978 610 1050 650 his
1079 611 1294 650 omnibus
1316 612 1506 662 egregie
1536 611 1643 651 licet
1669 613 1816 652 excel—

184 681 296 731 lant,
321 681 527 732 quotidie
550 686 707 721 tamen
729 693 777 721 se
799 681 928 733 ipsos
948 682 1159 732 vincere,
1183 688 1228 721 et
1250 682 1310 722 ad
1330 681 1555 734 majorem
1575 682 1819 733 perfectio-

184 764 290 792 nem
308 752 524 803 evadere,
542 752 670 792 omni
686 764 777 804 qua
794 758 991 804 possunt
1008 752 1249 804 diligentia
1265 753 1488 793 nituntur.
1505 752 1556 793 In
1573 753 1628 793 iis
1646 760 1814 804 autem,

184 835 304 873 quae
325 823 385 863 ad
407 822 716 863 humilitatem
737 824 987 875 pertinent,
1011 835 1118 864 cum
1144 824 1307 876 primis
1328 824 1536 875 gaudent
1563 836 1612 864 se
1634 836 1818 865 exerce—

184 907 248 942 re,
273 900 321 934 ut
344 900 413 935 est
435 895 624 935 abluere
646 907 764 935 vasa
786 896 1016 936 culinaria
1035 928 1042 946 ,
1065 907 1257 936 verrere
1278 895 1489 946 domum,
1513 903 1759 947 extergere
1775 903 1819 936 et

183 966 409 1016 inungere
429 965 628 1006 fratrum
649 967 859 1018 calceos,
883 973 927 1007 et
949 967 1040 1007 alia
1061 966 1107 1007 id
1127 977 1299 1018 genus,
1330 978 1449 1019 quae
1473 975 1734 1019 praetereo,
1760 969 1818 1007 ad

184 1049 303 1088 quae
325 1037 480 1077 omnia
503 1037 567 1077 illi
588 1043 718 1078 tanto
741 1037 909 1078 ardore
929 1038 1159 1089 feruntur,
1182 1044 1232 1078 ut
1260 1049 1349 1090 ego
1370 1038 1693 1090 hujuscemodi
1721 1050 1816 1090 spe-

183 1109 379 1148 ctaculis
401 1121 739 1161 saepenumero
761 1109 808 1149 in
829 1121 903 1149 me
924 1109 1026 1161 ipso
1049 1115 1174 1149 totus
1194 1109 1470 1150 confundar.

263 1179 433 1220 Sumus
455 1179 553 1231 jam
587 1180 911 1231 duodeviginti
941 1180 988 1220 in
1015 1180 1104 1220 hoc
1135 1181 1354 1232 collegi03
1383 1180 1476 1221 Rdi
1498 1181 1619 1221 enim
1656 1180 1822 1221 Patres

182 1251 579 1302 Ingolstadienses
607 1252 834 1292 miserunt
863 1251 923 1291 ad
941 1263 1027 1292 nos
1056 1252 1172 1292 duos
1193 1251 1515 1292 adolescentes
1538 1252 1816 1303 Germanos,

185 1322 264 1374 qui
285 1334 509 1374 magnam
530 1334 643 1363 sane
666 1323 1042 1374 expectationem
1064 1323 1119 1363 de
1142 1335 1190 1363 se
1213 1323 1468 1364 concitant.
1494 1323 1679 1364 Tertius
1706 1335 1820 1364 vero

183 1406 232 1434 se
258 1394 392 1434 nobis
413 1394 488 1434 hic
510 1393 747 1446 adjunxit:
771 1394 810 1434 is
831 1399 900 1434 est
919 1392 1105 1434 Sclavo.
1130 1393 1279 1434 Callet
1299 1399 1457 1434 tamen
1478 1395 1682 1446 perfecte
1708 1395 1816 1435 idio-

184 1477 259 1505 ma
291 1465 646 1517 Germanicum,
676 1477 763 1506 nec
798 1466 942 1506 multo
970 1465 1125 1505 minus
1151 1465 1207 1505 de
1241 1465 1318 1505 illo
1352 1477 1492 1517 quam
1527 1466 1582 1506 de
1621 1467 1820 1506 caeteris

181 1548 289 1588 spes
311 1543 394 1578 est.

260 1608 394 1660 Quod
434 1609 494 1649 ad
529 1609 684 1649 studia
719 1609 908 1658 attinet,
946 1609 1150 1661 quinque
1188 1609 1413 1649 lectiones
1451 1609 1658 1661 quotidie
1694 1609 1818 1649 domi

180 1680 308 1730 fiunt,
334 1692 533 1732 quarum
562 1687 657 1721 tres
678 1681 851 1721 latinae
880 1685 1000 1731 sunt,
1031 1686 1199 1732 quarta
1219 1691 1409 1732 graeca,
1435 1680 1596 1720 ultima
1627 1680 1817 1721 Germa-

178 1752 306 1802 nica;
348 1752 516 1804 quibus
556 1752 696 1792 etiam
740 1752 1078 1804 disputationes
1125 1758 1168 1792 et
1212 1752 1512 1803 repetitiones
1552 1751 1817 1804 frequentes

179 1823 425 1864 adduntur.
451 1823 709 1864 Dominicis
737 1824 950 1875 singulis,
981 1829 1120 1875 atque
1152 1823 1293 1863 etiam
1314 1823 1446 1863 festis
1473 1835 1612 1875 saepe
1638 1823 1816 1874 diebus,

177 1895 326 1935 oratio
348 1895 493 1935 latina
515 1907 677 1935 coram
697 1895 808 1935 Rdis
829 1895 1046 1936 Patribus
1068 1900 1112 1935 et
1139 1893 1365 1935 fratribus
1398 1895 1454 1934 de
1475 1895 1551 1946 pia
1581 1906 1632 1935 re
1660 1895 1816 1946 aliqua

176 1966 416 2006 recitatur.
441 1966 754 2007 Germanicae
775 1967 917 2007 etiam
947 1967 1201 2008 conciones
1229 1966 1277 2006 in
1305 1977 1451 2006 coena
1479 1977 1817 2017 nonnunquam

176 2051 202 2077 a
241 2037 494 2079 Germanis
520 2040 627 2090 (quo
657 2039 846 2079 nomine
880 2038 1087 2079 flandros
1124 2050 1307 2090 quoque
1335 2037 1566 2088 intelligo)
1594 2037 1729 2088 fiunt,
1767 2044 1817 2078 ut

176 2110 366 2161 linguae
401 2110 536 2151 istius
571 2110 1002 2162 promptitudinem,
1036 2110 1083 2150 in
1118 2109 1422 2150 concionibus
1451 2109 1647 2160 publicis
1677 2109 1817 2160 paulo

177 2187 298 2232 post,
323 2187 373 2222 ut
395 2193 656 2233 speramus,
681 2182 786 2222 usui
806 2181 1026 2232 futuram,
1051 2181 1311 2233 acquirant.
1334 2179 1524 2220 Adeunt
1545 2180 1684 2220 etiam
1705 2192 1815 2220 non-

175 2253 289 2292 nulli
310 2252 509 2293 fratrum
525 2253 738 2305 publicas
756 2253 1073 2293 studiosorum
1089 2251 1440 2304 philosophicas
1458 2251 1813 2303 disputationeS,

176 2324 265 2375 ipsi
286 2335 470 2375 quoque
492 2324 790 2376 disputaturi,
814 2323 893 2364 ubi
920 2335 975 2363 eo
1002 2323 1219 2363 libentius
1246 2322 1512 2373 audiuntur,
1545 2333 1635 2373 quo
1661 2322 1814 2362 mode-

175 2395 291 2435 stius
326 2407 375 2435 se
403 2401 587 2446 gerunt,
622 2395 733 2435 dum
766 2395 946 2435 scilicet
981 2406 1037 2434 ea
1068 2406 1186 2446 quae
1218 2399 1485 2446 proponunt
1517 2399 1812 2445 argumenta,

175 2465 373 2506 forsitan
402 2466 586 2506 acutius
609 2466 727 2517 aliis,
759 2465 1048 2517 pertinacius
1076 2477 1169 2505 non
1191 2472 1375 2516 urgent,
1406 2476 1464 2504 ne
1492 2465 1698 2516 palmam
1720 2465 1814 2504 lau-

175 2537 375 2589 demque
397 2537 583 2578 auferre
604 2538 724 2577 vclle
745 2537 1010 2577 videantur.

255 2608 522 2649 Reverendi
542 2609 707 2649 Patres
728 2608 774 2648 in
796 2608 891 2648 suis
912 2608 1090 2648 scilicet
1112 2605 1274 2647 Sancti
1295 2607 1428 2647 Pauli
1449 2612 1494 2646 et
1514 2605 1691 2657 Mag.tri
1714 2618 1814 2646 sen·

176 2680 430 2721 tentiarum
449 2680 728 2721 lectionibus
751 2679 883 2732 (quas
905 2691 1066 2719 omnes
1086 2678 1183 2719 fere
1207 2678 1376 2718 fratres
1398 2689 1582 2729 quoque
1605 2676 1812 2725 audiunt>

176 2764 269 2792 non
290 2752 576 2792 mediocrem
596 2762 901 2803 progressum
926 2750 1159 2800 fecerunt;
1190 2750 1237 2790 in
1268 2749 1434 2801 quibus
1455 2755 1504 2789 ut
1538 2746 1816 2800 prodessent

176 2823 492 2874 auditoribus,
537 2828 822 2875 putaverunt
857 2821 1197 2873 disputationes
1234 2831 1337 2860 esse
1371 2818 1702 2869 instituendas,
1736 2819 1813 2858 ubi

175 2906 294 2945 quae
317 2900 414 2935 tota
435 2895 698 2946 septimana
716 2895 837 2934 lecta
854 2899 898 2933 et
920 2892 1095 2933 dictata
1118 2898 1239 2943 sunt,
1263 2891 1613 2932 toto'auditorio
1635 2890 1813 2942 reliquo

175 2965 426 3017 assidente,
446 2978 472 3006 a
489 2966 665 3007 nostris
684 2965 886 3017 primum
907 2964 1173 3015 exiguntur,
1198 2963 1383 3004 demum
1421 2962 1710 3014 argumentis
1732 2961 1811 3001 im-
