2074 3179
195 141 267 178 346
710 143 936 180 LITTERAE
964 154 1322 186 QUADRIMESTRES

937 560 1110 614 XCII

270 807 508 846 Marcellus
529 809 582 846 de
602 808 787 847 Salazar

317 873 437 910 Patri
456 873 626 921 ignatio
648 874 701 911 de
719 873 906 921 Loyola.

366 939 550 987 Gandia,
571 940 595 977 3
613 940 717 987 Julii
739 940 826 978 1551
849 940 874 977 ¹.

412 1005 651 1053 (Excerpta
671 1017 725 1043 ex
745 1005 919 1050 litteris)

198 1159 253 1186 Ex
267 1160 393 1188 litteris
405 1160 570 1196 Marcelli,
580 1161 779 1189 scholastici
791 1160 975 1189 societatis
989 1160 1068 1194 Jesu
1082 1161 1113 1188 in
1127 1160 1244 1188 eadem
1257 1160 1493 1188 Universitate
1508 1159 1673 1194 Gandiae,
1689 1160 1735 1187 3:0¹
1747 1160 1838 1193 Julii.

278 1304 373 1346 Sub
394 1305 565 1346 festum
594 1304 757 1346 Sancti
777 1304 979 1357 Spiritus
1000 1304 1014 1323 '²
1034 1304 1275 1356 profectus
1296 1311 1365 1345 est
1387 1305 1495 1344 hinc
1518 1304 1567 1344 P.
1591 1304 1803 1356 Baptista
1826 1303 1839 1321 ·”’

198 1388 305 1417 cum
325 1377 454 1417 socio
478 1377 726 1418 sacerdote
748 1377 795 1417 in
816 1377 1104 1417 maritimum
1126 1375 1361 1427 quoddam
1391 1375 1613 1428 oppidum
1641 1375 1749 1415 huic
1777 1375 1839 1414 vi-

197 1448 369 1499 cinum,
394 1449 582 1489 nomine
603 1448 779 1500 Denia,
802 1454 852 1488 ut
872 1448 1098 1488 inviseret
1119 1447 1340 1499 populum
1361 1447 1510 1497 illum,
1534 1447 1610 1487 cui
1631 1457 1739 1486 raro
1762 1453 1841 1486 aut

197 1530 460 1571 nunquam,
483 1526 533 1560 ut
554 1520 771 1571 arbitror,
797 1518 842 1559 id
864 1519 1084 1570 contigit,
1108 1524 1157 1559 ut
1180 1519 1238 1558 ab
1259 1517 1524 1569 hujusmodi
1554 1518 1642 1569 piis
1673 1524 1718 1558 et
1739 1518 1840 1558 reli-

197 1590 344 1641 giosis
377 1591 494 1631 viris
533 1591 781 1631 viseretur.
816 1591 900 1631 Est
934 1602 988 1630 eo
1019 1590 1066 1630 in
1102 1589 1274 1641 oppido
1302 1590 1425 1629 bona
1459 1600 1570 1641 pars
1605 1588 1841 1629 redituum

199 1661 336 1713 hujus
362 1662 513 1702 nostri
547 1662 754 1713 collegii,
786 1661 908 1702 unde
942 1673 1029 1714 par
1059 1666 1161 1701 erat
1196 1660 1463 1712 spirituales
1490 1659 1670 1700 fructus
1700 1660 1748 1700 in
1775 1660 1842 1699 eis

201 1738 386 1785 optare,
419 1745 445 1773 a
467 1733 634 1785 quibus
654 1734 939 1784 temporales
965 1732 1327 1783 accipiebamus.
1357 1731 1588 1771 Postridie
1616 1743 1758 1783 quam
1787 1743 1842 1771 eo

198 1810 529 1856 pervenerunt,
554 1805 661 1845 licet
683 1804 782 1845 dies
801 1804 952 1844 labori
969 1803 1153 1844 dicatus
1170 1809 1308 1855 esset,
1327 1802 1453 1843 dedit
1475 1809 1633 1843 tamen
1649 1815 1842 1854 operam

198 1875 247 1916 P.
271 1876 483 1928 Baptista
506 1882 554 1916 ut
574 1876 774 1928 populus
795 1876 855 1916 ad
883 1875 1133 1916 ecclesiam
1162 1886 1247 1927 per
1268 1886 1552 1926 praeconem
1572 1880 1839 1924 vocaretur,

197 1947 459 1998 ibidemque
481 1948 802 1997 concionatus,
829 1947 888 1987 ad
910 1947 1226 1987 conscientias
1247 1958 1331 1998 per
1352 1945 1664 1986 confessionis
1685 1957 1842 1986 sacra—

196 2025 405 2060 mentum
426 2019 774 2071 emundandas,
806 2025 851 2060 et
877 2018 1225 2059 sanctissimam
1258 2017 1614 2068 eucharistiam,
1648 2017 1696 2057 in
1723 2016 1843 2057 festo

195 2096 292 2131 tam
314 2091 510 2131 solemni
530 2089 691 2131 Sancti
711 2090 932 2141 Spiritus,
957 2089 1098 2141 digne
1121 2089 1489 2140 suscipiendam,
1526 2094 1575 2128 ut
1603 2088 1690 2128 Dei
1718 2088 1840 2139 lega-

195 2168 286 2213 tus,
310 2163 524 2202 hortatus
546 2167 631 2203 est.
651 2162 709 2202 Et
730 2162 947 2213 quamvis
968 2161 1014 2202 id
1036 2172 1188 2212 genus
1211 2160 1453 2200 hominum
1476 2160 1541 2210 (ut
1563 2160 1642 2211 qui
1662 2171 1756 2199 non
1778 2159 1842 2199 ita

196 2234 377 2285 pridem
399 2233 458 2274 ad
483 2233 659 2274 Christi
680 2233 818 2274 fidem
839 2245 897 2273 ex
927 2232 1182 2273 Mahometi
1203 2231 1475 2272 infidelitate
1497 2231 1716 2271 conversi
1745 2230 1842 2270 fere

196 2307 318 2353 sunt)
350 2317 443 2345 non
473 2316 641 2357 parum
672 2305 760 2345 sibi
789 2304 958 2345 fecisse
985 2303 1251 2353 videantur,
1275 2303 1314 2343 si
1345 2303 1488 2343 semel
1517 2302 1767 2354 quotannis
1797 2302 1843 2342 id

197 2376 531 2427 praestiterint,
556 2376 741 2416 illorum
763 2382 920 2416 tamen
941 2374 1086 2415 corda
1108 2375 1175 2414 sic
1197 2374 1423 2414 emollivit
1444 2374 1640 2414 verbum
1661 2373 1764 2423 Dei,
1791 2379 1840 2413 ut

196 2447 384 2499 plurimi
403 2447 559 2488 Patris
588 2447 828 2498 Baptistae
850 2445 1047 2487 consilio
1079 2446 1448 2497 acquiescerent.
1481 2444 1659 2485 Eodem
1687 2443 1781 2494 die,
1815 2455 1842 2483 a

195 2519 409 2571 prandio,
441 2519 488 2559 in
518 2519 745 2570 plateam,
776 2518 899 2570 quod
930 2530 1044 2558 sane
1076 2518 1400 2569 spectaculum
1426 2517 1723 2567 inusitatum,
1756 2527 1843 2556 nec

196 2602 404 2642 unquam
426 2590 551 2642 apud
572 2590 677 2630 illos
704 2590 858 2630 visum
887 2589 996 2640 fuit,
1030 2588 1089 2629 ad
1111 2588 1488 2629 concionandum
1513 2598 1732 2639 egressus
1755 2594 1838 2627 est.

193 2661 397 2702 Instituit
431 2661 599 2702 deinde
635 2661 760 2702 hunc
797 2661 1031 2711 ordinem,
1068 2665 1118 2700 ut
1152 2660 1251 2711 ipse
1290 2671 1427 2700 mane
1463 2659 1840 2708 concionaretur,

196 2745 398 2785 vespere
420 2739 578 2774 autem
598 2733 746 2785 ipsius
768 2732 924 2773 socius
946 2732 1252 2772 christianam
1273 2730 1539 2771 doctrinam
1559 2730 1839 2780 declararet,

251 2871 260 2890 ¹
302 2871 564 2905 Apographum,
580 2870 696 2898 Patris
711 2869 879 2898 Bernardi
895 2868 1038 2896 Oliverii
1054 2874 1166 2901 manu,
1183 2868 1216 2895 in
1233 2867 1311 2895 folio
1324 2867 1369 2905 72,
1384 2867 1464 2894 olim
1476 2867 1539 2894 411.

250 2919 264 2937 2’
303 2918 536 2946 Pentecostes.

251 2966 265 2985 5
303 2965 451 2999 Joannes
467 2966 627 3001 Baptista
642 2967 682 2994 de
695 2966 833 2994 Barma.
