2074 3179
245 108 317 145 422
760 112 808 147 Li
819 123 986 149 ‘r‘rERAE
1013 124 1378 156 QUADfflMEsrREs

245 206 466 246 diocriter
501 207 547 246 in
582 207 795 248 doctrina
830 210 1055 261 versatis,
1094 222 1148 250 eo
1185 213 1438 264 confluunt)
1480 215 1537 255 ab
1573 227 1653 255 ore
1688 215 1884 256 dicentis

244 276 499 328 pendeant,
524 279 810 331 multumque
832 280 891 320 ad
912 280 1100 331 pietatis
1128 288 1172 322 et
1202 282 1348 323 divini
1381 285 1532 325 cultus
1554 286 1706 327 officia
1728 287 1882 327 sumu·

243 349 416 400 lentur,
449 354 493 389 et
520 362 580 390 eo
614 362 760 401 usque
794 350 911 390 bene
945 353 1073 393 audit
1109 353 1231 405 apud
1266 366 1449 402 omnes.
1481 362 1531 397 ut
1566 358 1611 397 in
1645 358 1775 398 festis
1812 370 1881 398 so-

245 420 546 461 lemnioribus
582 421 640 461 ad
675 422 890 462 diversas
925 429 969 463 et
1002 425 1284 476 praecipuas
1318 427 1543 468 ecclesias
1574 430 1883 470 concionandi

246 491 403 541 gratia
425 499 635 532 vocetur.

326 562 376 602 In
397 563 517 603 festo
539 563 595 603 D.
621 563 747 604 Petri
766 571 961 617 rogatus
988 572 1058 606 est
1088 573 1137 607 ut
1164 567 1210 607 in
1238 569 1438 609 ecclesia
1460 570 1611 610 eidem
1631 571 1755 612 Divo
1778 584 1883 612 con-

245 640 451 685 secrata,
487 646 648 675 coram
677 634 811 676 Rmo.
850 636 1053 677 Domino
1088 638 1389 691 Inquisitore,
1426 641 1633 682 civitatis
1666 649 1884 693 praetore

244 711 289 744 et
312 705 502 756 reliquis
523 707 884 757 magistratibus
906 709 1282 750 concionaretur.

325 776 577 817 Praeterea
613 789 718 818 cum
749 778 982 830 jubilaeus
1017 780 1081 830 (ut
1116 781 1301 833 dicitur)
1341 782 1548 824 indultus
1583 796 1609 824 a
1646 785 1883 834 Pontifice,

246 858 427 887 summo
449 848 496 887 in
517 850 689 900 templo
710 851 832 901 plebi
854 852 1226 903 promulgandus
1241 860 1384 905 esset,
1404 854 1626 896 Vicarius
1648 868 1754 897 cum
1775 869 1884 898 non-

246 919 383 958 nullis
411 920 652 960 canonicis
684 921 742 961 ad
773 922 832 962 D.
865 922 1055 963 Petrum
1084 925 1298 976 accessit,
1323 931 1374 966 ut
1395 928 1442 966 in
1472 928 1671 967 ecclesia
1704 929 1886 969 concio-

246 990 348 1030 nari
383 992 523 1031 vellet
552 1003 748 1043 rogans,
782 999 826 1033 et
861 996 1031 1046 populo
1058 994 1249 1046 jubilaei
1284 997 1578 1038 conditiones
1614 1007 1883 1051 exponeret,

243 1062 368 1113 quod
390 1063 598 1103 omnium
620 1076 802 1104 summo
824 1067 1054 1117 applausu
1075 1068 1322 1118 praestitit.

324 1133 464 1174 Pater
485 1134 653 1175 Daniel
675 1136 799 1187 apud
828 1137 1046 1178 mulieres
1068 1150 1094 1177 a
1116 1140 1310 1180 summis
1336 1141 1546 1191 peccatis
1567 1141 1625 1181 ad
1649 1141 1887 1183 Christum

243 1217 522 1257 conversas,
547 1219 664 1259 quas
690 1209 834 1259 vulgo
862 1210 1154 1260 poenitentes
1180 1212 1476 1263 appellitant,
1509 1213 1671 1253 diebus
1693 1214 1886 1255 domini-

243 1277 310 1317 cis
330 1278 485 1329 pergit
502 1278 676 1319 habere
694 1280 990 1332 concionem,
1010 1293 1160 1333 neque
1176 1282 1223 1322 id
1239 1283 1339 1323 sine
1357 1284 1563 1324 maximo
1584 1284 1754 1336 fructu;
1777 1298 1887 1325 nam

244 1349 494 1401 pleraeque
522 1362 699 1402 earum,
724 1353 942 1403 quamvis
964 1353 1137 1393 mundo
1168 1359 1213 1393 et
1244 1355 1399 1394 carnis
1426 1356 1747 1407 voluptatibus
1775 1369 1886 1397 nun-

241 1420 365 1460 cium
386 1422 697 1473 remisissent,
723 1429 781 1474 et,
806 1424 1023 1475 religioni
1044 1436 1093 1464 se
1115 1432 1464 1477 consecrantes,
1490 1439 1652 1468 omnes
1680 1428 1888 1468 libidino-

242 1504 322 1532 sae
345 1493 616 1544 cupiditatis
637 1494 763 1534 feces
784 1496 1123 1545 evomuissent,
1148 1502 1306 1537 tamen
1332 1499 1477 1538 veluti
1499 1510 1641 1539 canes
1664 1499 1723 1539 ad
1744 1500 1888 1539 vomi-

239 1570 338 1604 tum
379 1565 556 1605 reverti
595 1566 940 1607 desiderabant.
983 1566 1075 1607 Sed
1112 1579 1258 1617 nunc,
1302 1580 1483 1609 summo
1517 1569 1606 1610 Dei
1640 1570 1884 1620 beneficio,

239 1635 539 1677 libidinosum
574 1637 699 1678 istud
734 1638 1018 1679 desiderium
1048 1640 1181 1680 verbi
1212 1639 1359 1680 divini
1389 1641 1639 1681 conciones
1676 1642 1884 1682 extinxe-

240 1712 368 1758 runt,
394 1712 439 1747 et
459 1708 702 1759 religionis
724 1709 1066 1761 professionem
1088 1711 1389 1751 solidioribus
1415 1711 1732 1753 fundamentis
1752 1713 1886 1753 robo-

240 1784 393 1819 ratam
415 1780 768 1832 confirmarunt,
794 1793 853 1821 ex
874 1791 965 1833 quo
987 1782 1108 1834 illae,
1134 1784 1422 1824 conculcatis
1445 1784 1678 1836 omnibus,
1702 1796 1889 1825 crucem

241 1849 414 1891 Christi
436 1853 678 1904 amplecti,
709 1853 882 1893 mundo
915 1854 1055 1904 mori,
1087 1854 1172 1894 soli
1202 1854 1390 1895 Christo
1418 1855 1580 1895 vivere
1616 1862 1885 1908 coeperunt.

322 1923 476 1964 Etiam
498 1923 729 1964 Dominus
750 1924 954 1965 Michael
975 1926 1181 1965 Botellus
1212 1937 1322 1966 suas
1354 1926 1413 1966 ad
1441 1927 1621 1967 nobiles
1647 1933 1889 1968 matronas

239 1995 391 2047 prima
431 2007 616 2047 quaque
656 1996 919 2047 dominica,
964 2005 1011 2038 et
1049 1997 1108 2037 ad
1148 1998 1441 2049 peccatrices
1479 1998 1697 2039 mulieres
1735 1999 1887 2050 primo

239 2078 423 2118 quoque
446 2067 521 2107 die
550 2067 734 2107 sabbati
764 2067 1009 2119 cujuslibet
1032 2069 1222 2120 mensis,
1254 2069 1508 2110 conciones
1535 2069 1699 2110 haberi
1726 2070 1888 2110 solitas

239 2151 333 2178 non
355 2139 644 2190 intermittit,
668 2150 727 2179 ex
749 2139 915 2191 quibus
944 2151 1040 2179 non
1070 2140 1321 2181 mediocris
1342 2141 1524 2181 fructus
1545 2141 1774 2181 hactenus
1796 2142 1886 2181 col-

239 2211 388 2250 lectus
423 2217 506 2250 est.
548 2210 667 2250 Nam
704 2222 788 2250 sex
827 2211 1146 2262 peccatrices,
1181 2223 1207 2251 a
1234 2212 1399 2263 paucis
1434 2211 1616 2263 diebus,
1655 2212 1887 2252 detestata

239 2281 365 2333 turpi
402 2281 616 2333 corporis
655 2281 1006 2332 prostitutione,
1044 2290 1230 2333 sumpto
1275 2283 1526 2323 salubriori
1554 2288 1598 2323 et
1628 2282 1889 2323 honestiori

240 2358 380 2403 statu,
422 2359 706 2404 nupserunt;
743 2353 938 2404 reliquis
975 2353 1132 2393 omnia
1176 2353 1317 2394 saluti
1354 2354 1586 2394 viciniora
1625 2365 1884 2406 speramus.

240 2423 415 2464 Multae
450 2424 622 2464 etenim
659 2425 779 2464 inter
817 2424 1212 2475 concionandum,
1240 2425 1407 2465 crebra
1437 2425 1661 2466 ducentes
1698 2425 1756 2465 ab
1794 2425 1888 2465 imo

240 2495 396 2535 cordis
435 2495 660 2546 suspiria,
705 2495 977 2547 lachrymas
1016 2495 1236 2547 fundunt,
1284 2501 1328 2536 et
1370 2497 1564 2536 meliora
1599 2496 1645 2536 in
1680 2496 1888 2536 futurum

242 2565 460 2606 videntur
487 2566 712 2618 polliceri.

322 2637 456 2678 Alias
488 2637 730 2687 audivisti,
764 2637 811 2677 P.
843 2638 890 2677 in
920 2637 1107 2678 Christo
1131 2638 1447 2689 observande,
1472 2644 1672 2690 quatuor
1689 2638 1888 2690 juvenes

242 2709 446 2761 optimae
468 2709 639 2749 indolis
662 2709 708 2748 in
729 2714 942 2748 nostram
962 2707 1248 2749 Societatem
1267 2709 1431 2760 paucis
1461 2709 1631 2749 abhinc
1653 2709 1889 2749 mensibus

245 2787 518 2832 cooptatos,
553 2792 724 2832 eosque
759 2779 805 2819 in
840 2785 973 2831 parte
1008 2780 1210 2831 quadam
1245 2780 1410 2821 domus
1446 2793 1473 2821 a
1507 2780 1641 2821 nobis
1677 2780 1887 2833 seJ‘uncta

240 2851 372 2903 jussu
394 2851 487 2892 Rdi
511 2852 667 2893 Patris
698 2851 888 2892 Domini
917 2851 1196 2903 Hieronymi
1227 2851 1410 2904 Natalis
1440 2853 1698 2892 collocatos
1726 2852 1886 2901 fuisse;

241 2936 383 2974 quam
417 2930 600 2975 partem
631 2923 819 2964 domum
849 2922 1141 2974 probationis
1175 2924 1508 2963 consuevimus
1539 2923 1791 2975 appellare.
1829 2922 1891 2962 Iis
