2074 3179
880 131 964 169 AN.
996 132 1086 169 1552
1727 133 1796 170 575

169 235 330 270 rentur
352 229 536 280 assequi
558 228 765 279 linguam
783 229 887 279 viri,
907 233 1065 280 utpote
1086 227 1296 268 nonnihil
1315 228 1517 268 fortasse
1539 240 1565 268 a
1588 240 1672 268 suo
1693 241 1794 269 ver-

162 301 331 340 naculo
355 305 398 339 et
415 300 621 339 austrico
646 299 864 340 idiomate
886 299 1079 339 subinde
1101 299 1460 350 discrepantem.
1478 299 1657 339 Verum
1676 311 1794 350 quae

163 371 354 411 minima
376 377 482 410 sunt
505 370 856 421 impedimenta,
880 381 992 410 usus
1018 368 1328 420 audiendique
1350 369 1637 409 consuetudo
1659 369 1795 409 facile

168 441 299 481 tollit.

245 512 405 552 Italica
437 512 647 552 similiter
684 512 848 552 concio
875 517 1092 563 speratur
1120 510 1520 550 continuationem
1555 511 1792 559 sortitura,

161 594 297 634 quae,
322 589 509 634 praeter
532 594 825 622 communem
849 581 1135 622 audientium
1164 581 1540 632 instructionem,
1567 580 1670 621 ideo
1699 593 1794 621 sus-

160 653 354 704 cipitur,
390 659 438 692 ut
467 653 598 704 pueri
628 659 766 704 atque
788 653 1109 693 adolescentes
1144 651 1293 691 Italici
1324 651 1418 703 <qui
1447 652 1521 691 hic
1551 659 1675 692 certe
1696 664 1794 703 per-

161 725 294 764 multi
324 724 444 773 sunt)
480 724 662 764 facilius
699 723 854 764 induci
888 723 1069 775 possint
1106 722 1165 762 ad
1201 721 1472 762 discendum
1502 722 1587 762 sub
1622 723 1796 762 nostris

160 806 457 835 communem
487 795 749 834 doctrinam
780 794 1065 834 christianae
1096 793 1350 843 religionis.
1384 792 1480 833 Vix
1518 793 1641 833 enim
1676 794 1795 844 quis-

163 877 304 917 quam
330 866 375 905 in
403 872 534 906 tanto
564 877 759 905 numero
788 870 876 915 est,
901 864 978 916 qui
1008 864 1154 915 possit
1184 863 1365 915 integre
1397 864 1660 904 orationem
1682 865 1796 904 reci-

156 944 260 976 tare
281 936 588 986 dominicam3
611 936 874 988 symbolum
895 935 999 975 fidei
1021 934 1291 986 paucissimi
1318 940 1511 984 norunt;
1543 942 1794 987 praecepta

158 1008 246 1047 Dei
265 1007 466 1047 fortasse
488 1008 662 1057 nullus3
687 1019 778 1058 qua
801 1006 1076 1058 ignorantia
1096 1005 1296 1045 fortasse
1317 1011 1361 1045 et
1382 1005 1429 1045 hi
1445 1004 1542 1045 fere
1563 1005 1792 1056 laborant,

156 1078 236 1129 qui
253 1078 517 1130 hujusmodi
537 1078 695 1129 pueris
725 1078 771 1118 in
793 1078 1031 1117 laboribus
1052 1082 1277 1128 praesunt
1299 1076 1599 1117 mechanicis.

237 1149 308 1189 De
338 1150 635 1199 lectionibus,
668 1161 787 1200 quae
821 1149 867 1188 in
888 1148 1072 1199 publico
1101 1147 1235 1197 fiunt,
1266 1147 1311 1187 id
1339 1148 1545 1188 breviter
1575 1148 1790 1188 referam.

158 1220 210 1260 R.
235 1220 283 1260 P.
311 1220 553 1271 Claudius,
578 1232 685 1260 cum
709 1221 824 1260 satis
854 1231 1124 1266 numeroso,
1157 1219 1223 1258 uti
1254 1220 1398 1269 solet,
1422 1219 1670 1270 auditoriO,
1695 1231 1794 1271 per-

156 1291 224 1341 git
252 1292 299 1332 in
324 1292 523 1332 lectione
551 1291 746 1331 Paulina
776 1291 835 1331 ad
866 1291 1102 1330 Romanos
1136 1289 1162 1328 ¹.
1196 1290 1254 1329 D.
1289 1289 1511 1330 Nicolaus
1542 1291 1598 1330 de
1628 1291 1792 1342 Lanoy

158 1363 406 1402 lectionem
428 1363 583 1413 quarti
603 1362 945 1402 sententiarum
963 1361 1018 1400 de
1038 1360 1347 1400 sacramentis
1368 1361 1628 1411 continuat;
1652 1373 1792 1413 quam

157 1434 403 1473 materiam
434 1434 510 1473 ubi
541 1433 820 1483 absolverit,
854 1438 1073 1483 putamus
1108 1431 1461 1482 auspicaturum
1488 1430 1648 1472 Sancti
1678 1432 1790 1472 Mat-

158 1505 283 1544 thaei
305 1512 383 1544 aut
405 1505 643 1556 quippiam
666 1516 726 1544 ex
747 1515 870 1544 novo
893 1508 1188 1542 testamento.
1211 1501 1268 1542 D.
1293 1502 1513 1542 Nicolaus
1535 1503 1791 1543 Gaudanus

158 1576 229 1616 his
251 1576 411 1616 diebus
432 1576 686 1627 explanare
714 1575 867 1626 coepit
894 1574 1062 1614 librum
1090 1572 1342 1613 Geneseos.
1377 1573 1634 1614 Decretum
1664 1586 1791 1614 nam-

157 1659 246 1698 que
268 1654 336 1687 est
357 1658 439 1698 per
466 1646 714 1698 deputatos
743 1658 769 1686 a
796 1645 945 1696 Regia
967 1644 1232 1696 MaJ'estate,
1257 1650 1305 1683 ut
1325 1655 1408 1695 per
1443 1644 1657 1685 diversos
1688 1657 1791 1696 pro-

157 1719 378 1769 fessores,
416 1729 675 1769 paucorum
709 1728 939 1758 annorum
967 1716 1139 1767 spatio,
1178 1720 1326 1755 totum
1355 1726 1526 1766 corpus
1558 1716 1785 1756 librorum

158 1790 496 1829 canonicorum
518 1789 565 1829 in
585 1789 771 1840 publica
795 1788 955 1828 schola
977 1787 1304 1837 theologorum
1326 1788 1639 1837 praelegatur.

238 1860 317 1900 D.¹‘
347 1872 459 1900 vero
491 1859 706 1900 Canisius
733 1858 1006 1910 propediem
1034 1857 1333 1909 expositurus
1364 1863 1433 1897 est
1465 1859 1790 1909 compendium

158 1931 394 1982 quoddam
432 1931 722 1981 theologiae,
764 1941 845 1970 seu
884 1929 1168 1969 christianae
1208 1928 1473 1977 doctrinae,
1514 1929 1637 1979 quod
1676 1942 1791 1981 opus

155 2001 286 2053 jussu
314 2001 607 2042 Serenissimi
634 2001 777 2052 Regis
807 2000 954 2040 nostri
975 1999 1024 2039 P.
1061 1998 1282 2039 Claudius
1304 1999 1554 2039 concinnat
1580 2000 1627 2040 in
1656 2012 1790 2041 usum

160 2073 453 2124 potissimum
474 2072 792 2112 studiosorum
823 2077 867 2111 et
894 2076 1158 2122 pastorum,
1190 2069 1269 2120 qui
1298 2069 1345 2108 in
1376 2069 1627 2111 ditionibus
1649 2073 1791 2123 regiis

159 2145 355 2193 degunt,
380 2144 545 2194 quibus
567 2154 661 2183 non
683 2142 955 2183 conceditur
976 2141 1191 2181 diversas
1213 2139 1270 2179 ob
1293 2140 1599 2181 necessitates
1619 2142 1666 2182 in
1688 2155 1789 2183 aca-

159 2215 324 2255 demiis
346 2214 519 2254 diutius
540 2221 816 2265 permanere
837 2213 866 2250 ⁴².

238 2285 503 2336 Postremo,
528 2285 582 2325 de
605 2285 768 2325 studiis
790 2284 1073 2336 domesticis,
1095 2284 1325 2336 quaedam
1343 2287 1505 2337 paucis
1526 2285 1786 2337 expediam,

158 2357 306 2408 deque
338 2356 595 2406 exercitiis,
631 2367 749 2407 quae
784 2356 843 2396 ad
877 2356 1283 2399 mortificationem
1314 2359 1487 2399 veteris
1517 2357 1716 2398 hominis
1746 2362 1789 2397 et

157 2428 217 2468 ad
244 2427 505 2479 profectum
534 2427 810 2478 praesertim
841 2427 1105 2468 conducunt
1135 2429 1427 2470 humilitatis.
1461 2430 1512 2470 In
1542 2429 1613 2469 his
1647 2429 1789 2468 omni-

156 2499 263 2549 bus,
288 2505 336 2538 ut
359 2497 578 2545 antehac,
604 2498 855 2549 persistunt
875 2498 1066 2550 fratres,
1091 2499 1350 2541 distributis
1370 2501 1590 2541 nimirum
1609 2499 1786 2549 officiis,

156 2580 276 2620 quae
298 2569 357 2609 ad
379 2580 673 2608 communem
702 2569 908 2609 omnium
934 2570 1264 2611 necessitatem
1292 2572 1549 2623 pertinent;
1585 2582 1786 2610 commu-

211 2706 221 2725 ¹
263 2705 294 2731 in
312 2705 456 2731 lectione
473 2704 650 2738 Epistolae
666 2704 763 2732 Pauli
779 2705 821 2732 ad
834 2704 1014 2733 Romanos.

209 2752 223 2771 Ξ
261 2751 358 2783 Vide,
376 2756 513 2785 praeter
528 2759 579 2785 ea,
595 2758 680 2785 quae
695 2757 881 2779 narrantur
895 2753 927 2779 in
939 2752 1020 2779 vitis
1032 2753 1173 2780 Patrum
1187 2753 1312 2782 Canisii
1326 2758 1358 2781 et
1373 2754 1460 2790 Jayi,
1478 2757 1511 2781 et
1524 2754 1628 2781 etiam
1639 2753 1786 2789 Laynez.

156 2805 189 2826 ct
206 2800 238 2826 in
252 2799 412 2826 sttom'a
430 2799 615 2826 societatis
639 2799 680 2826 ab
705 2798 888 2827 Orlandino
912 2804 945 2827 et
970 2799 1146 2834 Sacchino,
1173 2809 1258 2835 quae
1283 2801 1413 2836 colligit
1438 2802 1727 2834 BRAUNSBERGER,
1757 2801 1788 2828 in

157 2848 285 2874 recenti
299 2846 497 2874 cruditionis
511 2847 610 2880 pleno
627 2854 727 2881 opere
743 2846 966 2881 Entstelmng
991 2848 1063 2874 und
1091 2850 1184 2875 erste
1206 2849 1451 2883 Entzviclclung
1465 2850 1529 2876 der
1542 2848 1785 2876 kateclzismen

156 2896 220 2921 des
233 2894 366 2927 selz'gen
380 2894 507 2920 Petrus
520 2893 696 2926 Canisiusl
708 2901 773 2921 aus
787 2895 852 2922 der
865 2895 1097 2930 Gesellsclzaft
1106 2895 1208 2930 Jesu,
1220 2897 1421 2930 praesertim
1435 2898 1550 2924 erster
1560 2895 1787 2923 abs-chnut.—

159 2942 233 2968 Der
246 2947 368 2975 grosse
384 2940 635 2968 lcatecltz'smus.
