2074 3179
796 188 879 225 AN.
912 189 998 225 1551
1098 206 1101 207 ⁷
1641 189 1715 225 265

160 287 274 327 Sunt
301 287 347 326 in
381 286 519 325 domo
548 285 839 337 probationis
862 284 1059 335 juvenes
1087 283 1321 333 undecim,
1354 293 1540 335 praeter
1567 286 1712 331 magi-

81 365 227 398 strum
248 356 536 408 probationis
557 361 601 396 et
623 356 739 395 alios
766 356 883 396 duos
910 366 934 394 e
961 355 1321 406 probatioribus.
1352 355 1421 394 Ex
1450 354 1521 394 his
1548 366 1631 394 sex
1668 356 1712 394 in

81 427 432 468 humanioribus
466 427 632 466 litteris
667 426 914 476 diligenter
949 432 1228 465 exercentur
1263 436 1434 475 graece
1469 433 1513 465 et
1552 426 1711 474 latine;

80 499 295 549 quinque,
319 498 366 537 in
396 497 624 548 superiori
647 498 796 537 classe
817 496 1164 548 grammatices,
1185 496 1232 535 in
1253 496 1552 546 gravioribus
1576 495 1713 546 hujus

81 569 194 609 artis
225 568 488 620 praeceptis
523 579 713 619 operam
750 579 884 607 suam
917 567 1164 607 collocant.
1203 565 1319 606 Sunt
1346 567 1392 606 hi
1420 578 1581 606 omnes
1612 568 1713 618 spei

80 640 313 679 maximae
331 671 338 688 ,
380 639 425 678 in
466 639 630 690 quibus
668 650 764 679 non
798 638 1094 678 mediocriter
1131 643 1353 688 parentes
1388 637 1618 677 mirantur
1660 651 1713 677 ac

82 710 285 761 cognati,
305 716 349 750 et
370 721 515 761 usque
537 709 595 749 ad
617 709 759 749 animi
781 710 852 749 sui
874 708 1190 756 offensionem,
1213 708 1337 759 quod
1353 714 1450 748 tam
1467 708 1603 748 facile
1621 714 1717 749 tam

82 781 300 832 gnaviter
322 781 527 820 animum
548 781 607 820 ab
635 792 797 820 eorum
819 780 1023 820 carnalis
1051 779 1246 819 affectus
1274 790 1414 819 sensu
1442 780 1715 828 averterint,

84 859 128 892 et
158 852 246 892 hae
274 853 422 891 solent
453 863 554 891 esse
583 851 705 903 apud
733 862 819 891 nos
846 850 1111 902 frequenter
1141 850 1324 890 illorum
1352 850 1718 901 quaerimoniae,

84 923 235 963 minus
257 935 398 974 quam
422 928 604 974 oportet
626 935 674 962 se
697 922 939 962 observari
966 933 992 961 a
1023 921 1147 972 filiis,
1178 922 1398 971 pietatem
1418 921 1464 960 in
1497 928 1719 972 parentes

82 994 271 1044 negligi.
292 994 341 1033 id
362 1006 448 1033 nos
469 993 655 1045 quidem
678 1000 803 1033 certe
824 994 870 1033 in
890 993 1046 1045 pueris
1067 993 1175 1032 boni
1194 993 1495 1043 consulimus,
1515 992 1638 1043 quod
1659 1004 1718 1032 ex

82 1077 221 1104 sensu
243 1065 499 1116 spiritualis
528 1065 822 1115 cognationis
849 1064 1083 1115 proficisci
1110 1063 1346 1113 videmUS‚
1378 1075 1471 1103 non
1500 1064 1717 1113 neglectu

82 1136 378 1176 necessariae
400 1137 447 1175 in
469 1142 688 1186 parentes
708 1136 907 1187 pietatis.
933 1136 983 1176 In
1004 1135 1276 1187 parentibus
1298 1134 1573 1174 miseremur
1594 1134 1717 1185 quod

81 1218 245 1247 veram
278 1206 671 1246 necessitudinem
697 1218 791 1246 non
831 1212 1094 1257 agnoscant
1127 1217 1213 1246 nec
1247 1211 1496 1256 quaerant,
1530 1206 1718 1245 tametsi

82 1283 237 1317 atente
255 1284 298 1316 et
316 1277 522 1317 studiose
540 1288 732 1328 operam
749 1276 861 1316 dant
874 1277 1005 1328 pueri
1021 1283 1084 1326 ut,
1105 1289 1128 1316 e
1147 1276 1413 1316 carnalibus
1425 1277 1715 1327 parentibus,

82 1348 347 1398 spirituales
369 1348 457 1387 sibi
477 1347 597 1387 filios
617 1354 842 1398 generent
863 1347 952 1399 piis
972 1347 1229 1398 colloquiis,
1258 1348 1304 1386 in
1325 1347 1491 1398 quibus
1507 1359 1600 1387 non
1621 1349 1721 1386 vul-

81 1430 243 1469 garem
261 1418 357 1470 jam
377 1418 580 1458 vidimus
607 1430 890 1459 successum.
923 1418 1112 1469 Augeat
1138 1430 1224 1457 nos
1251 1417 1465 1458 Christus
1488 1418 1622 1471 Jesus
1653 1430 1718 1458 re-

82 1502 185 1530 rum
206 1490 518 1542 spiritualium
539 1490 689 1541 copia.
714 1489 918 1530 Numero
940 1489 1128 1541 quidem
1148 1501 1309 1529 sumus
1330 1490 1395 1529 33.

162 1560 252 1601 Sed
274 1561 329 1601 de
351 1561 422 1601 his
444 1561 686 1601 hactenus.
719 1561 769 1601 In
798 1561 951 1601 fructu
979 1573 1095 1601 vero
1124 1561 1389 1600 animarum
1416 1568 1461 1600 et
1489 1568 1721 1612 proventu

83 1632 415 1672 exercitiorum
447 1633 773 1683 spiritualium,
803 1638 900 1672 tum
929 1644 988 1672 ex
1023 1632 1172 1672 sacris
1193 1632 1519 1682 concionibus,
1544 1638 1641 1672 tum
1662 1644 1722 1671 cx

82 1703 357 1743 lectionibus
376 1703 623 1755 Evangelii
643 1715 698 1743 ac
720 1703 1028 1754 Psalmorum‚
1050 1709 1094 1743 et
1115 1709 1519 1743 sacramentorum
1541 1702 1720 1743 confes-

83 1775 227 1815 sionis
248 1781 292 1815 et
313 1781 647 1815 sacrosanctae
664 1774 990 1816 Eucharistiae
1008 1775 1284 1825 ministerio,
1303 1775 1563 1826 piscatione
1583 1773 1610 1825 ¹,
1632 1786 1721 1814 me-

82 1846 392 1886 ditationibus
414 1846 735 1897 spiritualibus
756 1858 812 1886 ac
834 1847 1079 1898 colloquiis
1097 1846 1272 1886 effundi
1293 1847 1479 1886 Videtur
1496 1846 1649 1897 magis
1666 1858 1722 1886 ac

83 1918 235 1969 magis
269 1918 316 1958 in
359 1917 457 1958 dies
491 1918 683 1958 Domini
717 1918 1041 1958 misericordia
1070 1930 1126 1958 ac
1154 1918 1442 1969 benignitas;
1466 1923 1573 1957 sunt
1600 1917 1723 1957 enim

82 1988 423 2040 frequentiores
445 1989 696 2029 conciones
718 2001 860 2041 quam
881 1989 1054 2029 fuerint
1073 2000 1292 2040 unquam,
1313 1989 1546 2029 excrescit
1565 2000 1723 2028 nume-

84 2071 162 2099 rus
189 2059 536 2100 confessionum
566 2072 621 2100 ac
651 2059 1045 2100 communionum.
1081 2059 1451 2100 Observavimus
1479 2059 1602 2099 enim
1630 2071 1724 2099 non

83 2130 156 2170 his
175 2131 326 2170 solum
345 2130 371 2169 4
390 2131 640 2181 mensibus,
662 2131 744 2171 sed
764 2137 1013 2182 postquam
1035 2131 1082 2170 in
1102 2131 1224 2170 hanc
1246 2130 1408 2170 urbem
1423 2130 1554 2170 venit
1569 2129 1722 2170 Socie-

84 2208 178 2252 tas,
210 2201 352 2241 fuisse
374 2202 421 2241 in
441 2202 540 2241 dies
562 2201 787 2253 majorem
807 2213 1054 2242 numerum
1075 2213 1257 2251 eorum,
1281 2201 1360 2253 qui
1381 2200 1724 2241 confessionem

84 2272 380 2323 frequentant
400 2278 445 2312 et
466 2273 855 2313 communionem.
879 2272 1012 2313 Unde
1034 2283 1207 2323 magna
1228 2273 1275 2312 in
1302 2272 1494 2313 civitate
1516 2272 1723 2323 cognitio

86 2343 340 2395 spiritualis
368 2344 495 2384 vitae
521 2350 835 2395 comparatur,
866 2355 960 2384 non
987 2344 1240 2384 mediocris
1267 2343 1511 2384 innovatio
1550 2343 1723 2383 animo-

85 2425 203 2454 rum.
227 2413 330 2465 Qua
351 2414 398 2454 in
417 2426 468 2454 re
488 2415 646 2455 nescio
669 2426 729 2455 an
750 2415 862 2456 illud
883 2426 1070 2466 quoque
1091 2414 1366 2466 mysterium
1386 2414 1571 2454 habeat.
1604 2414 1725 2454 Nam

87 2484 322 2536 accipiunt
337 2485 546 2536 verbum,
565 2486 780 2537 spiritum
796 2492 1062 2536 agnoscunt
1078 2486 1299 2526 mulieres
1315 2485 1501 2537 quidem
1518 2486 1726 2525 omnium

87 2555 315 2607 ordinum,
334 2555 541 2607 plebejae
562 2556 738 2596 scilicet
758 2562 802 2596 et
822 2557 1019 2607 nobiles;
1037 2557 1275 2608 accipiunt
1297 2556 1546 2597 confertim
1566 2563 1610 2596 et
1632 2557 1724 2607 ple-

86 2625 176 2676 beji
204 2626 435 2677 homines;
466 2638 525 2668 ex
550 2627 834 2678 primoribus
868 2633 1025 2668 autem
1054 2629 1129 2668 vel
1156 2627 1297 2668 etiam
1325 2628 1559 2667 nobilibus
1586 2628 1725 2678 pauci

86 2696 290 2737 fructum
310 2698 519 2749 capiunt,
543 2704 593 2738 ut
613 2697 762 2738 videri
782 2699 929 2750 possit
959 2699 1109 2739 simile
1136 2699 1406 2750 primordiis
1434 2698 1541 2738 fidei
1567 2704 1611 2738 et
1638 2698 1719 2737 Ec-

89 2767 272 2808 clesiae.
296 2768 425 2808 Haec
447 2780 552 2809 cum
573 2768 636 2808 ita
657 2769 769 2820 sint,
793 2769 1000 2810 omnium
1020 2775 1176 2809 tamen
1196 2770 1274 2809 illa
1295 2782 1389 2809 vox
1417 2775 1509 2809 est:
1541 2780 1726 2819 semper

89 2838 265 2889 pascha
286 2839 410 2890 apud
430 2839 488 2879 D.
511 2839 691 2879 Nicolai
721 2845 811 2890 est3
843 2851 940 2881 non
967 2851 1176 2890 eramus,
1208 2846 1458 2892 antequam
1486 2840 1532 2880 hi
1562 2840 1726 2880 Patres

149 2999 157 3017 ¹
201 2998 287 3025 Vide
304 2998 392 3026 infra
408 2999 441 3026 in
453 2999 516 3026 hac
531 2999 604 3032 ipsa
621 2999 777 3033 epistola,
794 3007 871 3033 pag.
894 3000 963 3032 ¹268,
980 3003 1012 3026 et
1029 2998 1108 3026 alibi
1123 2998 1258 3033 saepius
1274 3000 1304 3026 in
1321 3000 1372 3027 his
1387 3000 1548 3033 epistolis.
