2074 3179
248 132 322 167 <344
764 129 994 166 LITTERAE
1021 136 1383 172 QUAD'RIMESTRES

250 227 418 267 aetatis
453 238 627 267 annum
654 226 914 277 attigisset,
944 226 1026 266 vix
1052 233 1210 267 tamen
1237 227 1414 267 interea
1449 228 1600 268 sexies
1631 240 1681 268 se
1709 228 1885 268 confes-

248 309 350 338 sum
386 298 681 348 meminerat,
712 303 757 337 et
784 297 1018 338 continuis
1047 297 1402 349 quatuordecim
1427 299 1562 339 annis
1593 298 1885 339 concubinae

250 369 486 419 addictus,
510 369 680 409 misere
700 368 843 408 animi
864 374 908 409 et
930 369 1141 421 corporis
1161 369 1450 410 nobilitatem
1472 369 1882 410 dehonestaverat.

255 441 384 481 Hanc
407 452 514 481 cum
535 441 581 480 in
602 451 798 480 uxorem
820 440 1049 491 duxisset,
1075 440 1348 492 duabusque
1369 447 1555 491 praeter
1577 440 1699 480 hanc
1721 452 1884 481 concu-

248 513 369 553 binis
397 512 588 552 domum
621 523 756 551 suam
791 511 1068 562 accersitis,'
1088 511 1253 551 eodem
1274 516 1482 563 tempore
1504 518 1599 551 tres
1620 524 1679 552 ex
1709 523 1758 552 se
1782 522 1884 562 gra-

254 583 385 623 vidas
407 582 532 623 domi
555 593 669 622 suae
691 582 902 633 haberet,
925 581 1053 622 facta
1073 582 1284 634 generali
1306 582 1620 633 confessione,
1643 583 1708 622 ita
1729 582 1888 622 divina

250 654 405 705 gratia
439 659 646 694 mutatus
677 659 768 705 est,
805 659 875 704 ut,
912 659 1095 693 retenta
1124 659 1306 693 tantum
1336 665 1506 704 uxore,
1537 659 1699 694 sancte
1726 654 1888 693 vivere

252 725 569 777 proposuerit,
609 737 665 765 ac
696 724 794 776 jam
828 730 999 765 octavo
1034 736 1216 777 quoque
1253 724 1326 764 die
1361 724 1654 775 confiteatur,
1693 724 1889 776 singulis

250 808 364 838 vero
385 796 653 848 quindecim
673 795 771 836 fere
792 796 1131 836 communionis
1152 807 1202 836 se
1219 795 1397 836 muniat
1413 802 1709 836 sacramento
1727 807 1734 846 ;
1759 794 1890 846 cujus

249 874 398 909 status
421 874 561 920 atque
581 868 768 908 habitus
790 872 920 907 tanto
942 878 1065 907 nunc
1087 873 1157 907 est
1177 867 1435 907 mirabilior
1457 878 1548 919 quo
1579 867 1889 907 miserabilior

248 946 355 980 ante
376 940 543 980 fuerat.
568 938 658 980 Sed
681 951 774 979 non
795 945 935 979 vacat
952 939 1213 989 immorari;
1238 938 1541 991 quamobrem
1558 949 1705 991 pergo
1723 944 1768 978 et
1785 950 1888 979 cae-

249 1019 374 1052 teros
394 1022 636 1064 percurrO.

328 1083 475 1134 Alter,
499 1094 647 1123 uxore
677 1088 884 1133 mortua,
920 1082 1233 1123 concubinam
1261 1082 1387 1122 domi
1420 1082 1600 1122 duobus
1625 1081 1719 1133 Jam
1755 1081 1890 1121 annis

250 1156 450 1206 aluerat,
475 1153 768 1205 aegritudine
791 1159 946 1194 autem
967 1161 1215 1206 correptus
1235 1165 1290 1194 eo
1312 1152 1568 1194 devenerat
1588 1159 1638 1193 ut
1659 1153 1715 1193 de
1736 1153 1887 1192 salute

246 1225 346 1277 ejus
368 1237 486 1278 pene
509 1225 853 1277 desperaretur.
876 1225 964 1265 Hic
986 1231 1084 1265 tum
1105 1225 1293 1265 Patrem
1313 1236 1457 1265 unum
1483 1236 1542 1264 ex
1572 1223 1782 1275 Collegio
1815 1235 1884 1264 ac-

246 1297 411 1353 cersiri
431 1296 554 1345 fecit,
580 1296 675 1348 qui,
700 1294 800 1347 ejus
823 1296 983 1336 audita
1006 1296 1320 1346 confessione,
1346 1296 1531 1336 curavit
1551 1301 1600 1335 ut
1623 1306 1763 1346 quam
1784 1301 1891 1335 ante

247 1368 559 1409 concubinam
580 1367 829 1418 habuerat,
855 1379 959 1407 eam
987 1373 1098 1407 tunc
1129 1368 1175 1407 in
1204 1379 1401 1407 uxorem
1428 1367 1639 1417 duceret,
1668 1366 1792 1418 quod
1813 1366 1894 1406 ubi

248 1440 456 1488 fecisset,
480 1444 668 1491 praeter
698 1439 904 1479 omnium
926 1450 1057 1490 spem
1082 1439 1341 1489 convaluit,
1377 1450 1432 1479 ac
1466 1444 1630 1490 postea
1656 1436 1891 1478 confessu-

249 1523 327 1552 rus
354 1512 578 1563 templum
609 1516 826 1550 nostrum
861 1511 997 1561 adiit,
1032 1510 1296 1562 ibidemque
1328 1510 1713 1560 communicavit,
1743 1510 1894 1549 laetus

249 1583 372 1635 quod
393 1595 452 1623 ex
473 1583 650 1623 retibus
673 1582 918 1622 daemonis
940 1582 1117 1632 exilire,
1142 1594 1287 1634 prope
1305 1582 1402 1634 jam
1424 1593 1696 1634 oppressus,
1720 1580 1893 1633 potuis-

249 1660 330 1694 set.
357 1653 473 1694 Sunt
494 1654 636 1694 etiam
657 1653 735 1705 qui
766 1653 1079 1693 concubinam
1105 1653 1291 1705 penitus
1320 1653 1616 1705 reliquerint,
1649 1652 1772 1702 aliis,
1805 1663 1895 1703 quo

247 1726 393 1766 tutius
431 1725 477 1765 in
507 1725 624 1764 bene
656 1724 837 1776 coeptis
866 1724 1193 1776 persisterent,
1222 1736 1315 1764 non
1343 1730 1415 1764 sat
1443 1724 1529 1764 suit
1553 1723 1643 1764 nisi
1671 1724 1811 1763 etiam
1837 1735 1896 1763 ex

247 1797 440 1837 civitate
477 1796 757 1836 emitterent.
795 1794 990 1836 Praeter
1025 1795 1112 1836 hos
1141 1796 1330 1847 quidam
1361 1795 1605 1836 confessus
1636 1801 1728 1845 est,
1759 1800 1803 1835 et
1830 1795 1895 1834 vi·

249 1869 391 1909 vendi
412 1868 644 1908 rationem
672 1867 789 1907 citra
812 1868 1009 1907 mortale
1031 1874 1278 1919 peccatum
1300 1867 1387 1907 sibi
1417 1867 1628 1917 instituit,
1653 1867 1731 1918 qui
1752 1867 1896 1906 trium

248 1948 294 1980 et
315 1940 485 1991 viginti
507 1950 738 1979 annorum
759 1938 911 1990 spatio
939 1939 1082 1979 semel
1110 1944 1292 1979 tantum
1315 1938 1557 1979 confessus
1577 1938 1744 1978 fuerat.
1772 1936 1897 1977 Nam

247 2012 499 2052 duodecim
520 2011 657 2051 annis
679 2010 993 2050 concubinam
1012 2010 1216 2061 aluerat;
1247 2010 1413 2050 deinde
1436 2010 1483 2050 in
1504 2010 1756 2050 discrimen
1778 2020 1894 2049 mor-

251 2083 307 2123 tis
336 2082 587 2133 adductus,
620 2081 830 2132 legitimo
869 2081 955 2121 sibi
991 2082 1290 2121 matrimonio
1325 2081 1446 2121 hanc
1484 2080 1814 2132 conjunxe1·at;
1853 2086 1896 2120 et

251 2162 349 2194 tum
369 2154 512 2194 semel
541 2159 724 2193 tantum
753 2152 998 2193 confessus
1026 2159 1096 2193 est
1125 2158 1169 2192 et
1200 2152 1586 2202 communicavit;
1621 2162 1897 2204 rursumque

250 2226 355 2266 aliis
377 2225 622 2265 duodecim
644 2225 794 2275 anniS,
820 2224 908 2264 etsi
924 2236 1073 2264 uxore
1094 2224 1257 2274 ducta,
1283 2236 1309 2264 a
1330 2224 1602 2276 turpissima
1622 2229 1780 2263 tamen
1799 2223 1895 2263 vita

252 2308 345 2337 non
374 2296 464 2337 sibi
488 2296 806 2347 temperabat,
846 2294 926 2335 sed
954 2295 1001 2335 in
1033 2295 1256 2335 immania
1286 2296 1465 2335 scelera
1486 2294 1705 2347 profusus
1732 2306 1897 2335 sacrae

250 2367 561 2408 confessionis
577 2373 621 2407 et
640 2366 967 2407 Eucharistiae
988 2372 1286 2407 sacramento
1302 2373 1536 2407 caruerat.
1561 2366 1689 2406 Haec
1712 2365 1767 2406 de
1791 2377 1896 2406 con-

255 2438 524 2489 cubinariis,
548 2444 598 2478 ut
622 2444 808 2488 vocant,
833 2438 949 2478 satis
970 2438 1094 2478 dicta
1115 2439 1221 2479 sint.

336 2510 427 2561 Qui
447 2521 561 2549 vero
583 2509 696 2549 nulli
717 2515 846 2549 certo
864 2510 1030 2549 sceleri
1047 2509 1233 2561 addicti,
1255 2511 1396 2550 immo
1413 2510 1569 2561 potius
1587 2521 1732 2562 aeque
1754 2510 1896 2550 omni·

257 2583 361 2633 bus,
386 2582 563 2622 nullum
591 2586 999 2620 sacramentorum
1027 2592 1162 2620 usum
1190 2593 1217 2620 a
1249 2581 1404 2621 multis
1435 2581 1570 2621 annis
1597 2581 1777 2633 experti
1804 2581 1896 2621 sue-

254 2659 377 2703 ram,
401 2651 590 2704 plurimi
611 2651 669 2691 ad
692 2662 778 2691 nos
799 2663 1058 2691 accessere.
1082 2651 1202 2692 Nam
1223 2663 1318 2702 eos,
1342 2652 1421 2703 qui
1437 2653 1580 2692 semel
1601 2652 1798 2703 singulis
1819 2664 1897 2692 an-

257 2724 328 2763 nis
351 2723 645 2774 confitentur,
670 2722 782 2762 facit
803 2722 1089 2763 deteriorum
1106 2722 1369 2775 frequentia
1385 2723 1540 2763 minus
1561 2724 1710 2764 malos
1730 2723 1894 2764 videri.

260 2795 575 2844 Quamobrem
606 2794 662 2834 de
693 2793 764 2834 his
795 2794 1070 2845 tacebimus,
1104 2796 1191 2835 etsi
1218 2794 1364 2845 multi,
1388 2806 1414 2834 a
1445 2795 1619 2835 nostris
1646 2801 1785 2835 antea
1806 2807 1898 2835 non

260 2865 420 2916 auditi,
445 2865 746 2906 accesserint.
770 2864 841 2905 De
863 2866 1065 2905 caeteris
1086 2877 1199 2906 vero
1222 2865 1311 2905 hoc
1333 2854 1476 2905 unum
1497 2866 1543 2906 in
1571 2877 1751 2906 summa
1779 2866 1897 2907 dice-

262 2943 350 2975 tur:
375 2937 545 2976 multos
567 2937 626 2976 ab
647 2937 783 2976 annis
805 2936 998 2988 duobus,
1023 2936 1230 2977 tribusve
1253 2944 1331 2977 aut
1359 2943 1574 2989 quatuor,
1599 2938 1767 2978 multos
1788 2951 1896 2990 quo-
