2074 3179
253 107 324 145 278
764 111 992 149 LITTERAE
1023 123 1384 156 QUADRIMESTRES

332 205 405 245 Do
428 206 706 247 charissimo
729 207 980 248 Ambrosio
1001 207 1146 248 Perez
1165 213 1256 250 nao
1277 221 1365 249 vos
1387 210 1550 250 screbo
1582 222 1760 263 porque
1792 215 1892 252 nao

254 276 394 316 tenho
418 277 550 317 olhos
570 279 790 330 proprios
810 283 868 319 ne
888 283 1022 319 maos
1043 279 1220 320 alheas.
1280 323 1282 325 ,

334 420 703 473 δῑιρενεενίρίίο.
722 421 796 461 Ao
813 422 958 462 muito
976 421 1078 462 R.d0
1094 426 1118 463 6
1134 422 1321 463 Christo
1338 422 1489 464 Padre
1507 436 1532 464 o
1549 423 1699 465 Padre
1716 424 1891 465 Mestre

255 491 410 533 Simao
433 492 492 532 da
514 492 757 544 Copanhia
778 493 834 533 de
855 493 982 545 Jesu,
1007 505 1080 534 em
1101 493 1265 534 Roma.

335 563 446 603 Alsa
468 575 630 603 mmm:
655 563 770 614 1551,
794 564 1020 616 Almerin,
1049 564 1097 604 14
1117 565 1163 605 di
1183 564 1370 617 Marzo,
1394 566 1504 606 Luis
1525 567 1702 607 Vienez
1727 566 1753 606 ¹.

334 635 397 675 Et
419 635 533 675 alia:
554 634 820 675 edification
841 635 897 676 de
915 647 978 676 un
997 636 1173 688 paggio
1196 637 1281 677 che
1302 638 1337 677 s'
1362 637 1570 678 imbarco
1594 650 1676 690 per
1704 640 1730 678 l’
1761 638 1888 679 India

256 712 299 745 ct
319 718 402 758 per
423 718 550 746 esser
572 706 692 746 della
715 706 870 747 Com.a

913 1137 1233 1191 LXXVIII

323 1365 370 1402 Ρ.
391 1365 617 1403 Adrianus
637 1365 964 1404 Adriaenssens

367 1431 490 1468 Patri
507 1431 676 1479 Ignatio
696 1432 749 1469 de
768 1431 952 1480 Loyola.

419 1496 634 1543 Lovanio,
654 1497 698 1534 21
715 1497 897 1546 Aprilis,
921 1498 1009 1536 1551
1030 1498 1056 1534 ².

463 1563 702 1611 (Excerpta
724 1574 779 1600 ex
797 1564 972 1610 litteris)

1013 1726 1112 1802 uls

505 1898 558 1925 Ex
575 1898 702 1926 litteris
718 1898 876 1933 magistri
893 1892 1037 1926 Adriani
1051 1898 1198 1926 Lovanii
1213 1898 1352 1932 scriptis
1365 1898 1397 1925 21
1415 1897 1535 1932 aprilis
1550 1898 1628 1926 1551.

301 1970 470 2005 Posquam
486 1970 526 1997 de
542 1969 752 2002 domesticis.
769 1976 855 2004 quae
871 1974 1035 1998 consueta
1049 1973 1128 1997 sunt
1148 1969 1365 1997 scholasticis
1387 1968 1570 1996 societatis
1584 1973 1809 2004 prosequutus
1824 1974 1888 2003 est,

250 2019 290 2045 de
309 2025 344 2045 se
359 2018 433 2053 ipso
448 2018 561 2045 subdit
577 2018 600 2045 5:

327 2139 481 2190 Pergo
510 2139 557 2179 in
585 2138 959 2179 confessionibus
988 2138 1253 2187 audiendis3
1286 2139 1376 2179 hac
1398 2144 1495 2178 tota
1524 2138 1888 2190 quadragesima

247 2222 364 2261 pene
387 2210 585 2262 singulis
607 2210 895 2261 integrisque
926 2209 1090 2250 diebus
1114 2210 1203 2250 hac
1234 2210 1542 2261 occupatione
1565 2209 1803 2260 distineor,
1826 2209 1890 2249 fa—

248 2288 467 2333 ctumque
488 2287 558 2321 est
580 2281 880 2333 (cooperante
902 2280 1120 2331 Domino)
1142 2286 1192 2321 ut
1214 2292 1271 2321 ne
1293 2292 1414 2321 unus
1436 2281 1624 2332 quidem
1652 2293 1679 2321 a
1698 2293 1772 2321 me
1803 2280 1888 2321 dis-

249 2353 462 2403 cesserit,
493 2353 682 2404 quinon
709 2352 908 2392 libenter
935 2352 995 2392 sit
1016 2352 1250 2406 pollicitus
1273 2364 1322 2392 se
1345 2352 1403 2392 ad
1425 2352 1768 2392 confessionem
1794 2363 1891 2392 cre-

247 2423 375 2463 brius
396 2423 675 2474 rediturum;
699 2423 842 2475 aliqui
870 2424 1012 2463 etiam
1042 2423 1449 2474 conquerebantur
1479 2423 1602 2475 quod
1622 2435 1717 2463 non
1743 2429 1889 2463 matu-

248 2495 346 2535 rius
368 2507 422 2534 ea
445 2494 759 2546 audivissent,
790 2506 909 2546 quae
930 2500 1042 2535 tunc
1072 2493 1309 2534 audivisse
1331 2506 1380 2534 se
1406 2494 1580 2534 utiliter
1607 2494 1886 2534 sentiebant.

249 2566 508 2618 Sequutum
535 2571 605 2606 est
635 2572 679 2606 et
709 2567 813 2617 hoc,
846 2566 970 2618 quod
1003 2570 1217 2617 pastores
1247 2571 1291 2605 et
1319 2565 1678 2605 concionatores
1711 2565 1770 2605 ad
1804 2565 1889 2605 fre-

302 2702 313 2724 ί
355 2702 409 2730 Sic
431 2710 491 2738 pro
515 2702 741 2735 thdovicuS‚·
763 2702 822 2730 sed
847 2701 1054 2729 excusabilis
1077 2708 1174 2728 error
1198 2704 1260 2728 est.
1286 2699 1511 2728 Caecutiebat
1534 2700 1619 2727 enim
1645 2700 1840 2728 Ludovicus
1856 2705 1888 2727 et

249 2756 365 2778 tamen
379 2750 489 2778 veloci
505 2750 685 2778 admodum
701 2751 834 2777 calamo
849 2751 987 2778 litteras
1007 2749 1186 2784 pingebat,
1203 2749 1290 2776 unde
1315 2748 1358 2775 ad
1382 2755 1500 2775 earum
1525 2748 1790 2783 intelligentiam
1807 2756 1888 2783 qua-

255 2799 334 2830 dam
347 2798 443 2833 quasi
461 2797 680 2826 divinationis
696 2801 772 2825 arte
787 2798 924 2831 saepius
940 2801 992 2825 est
1008 2804 1100 2831 opus.

302 2847 315 2866 2
354 2845 516 2873 Historia
532 2846 649 2877 varia,
664 2846 730 2872 vol.
747 2853 767 2878 1,
783 2845 840 2872 fol.
864 2846 916 2872 214
940 2849 973 2872 et
997 2845 1058 2872 215.
1082 2844 1349 2879 Transumptum
1372 2843 1481 2871 Roma
1506 2842 1746 2879 Ulyssiponem
1768 2844 1892 2871 missus

249 2894 348 2922 Patri
363 2893 540 2921 Ludovico
557 2893 727 2920 Gonzalez
743 2893 783 2920 de
800 2892 958 2920 Camara.

302 2941 317 2962 ³
358 2941 540 2975 Hucusque
555 2940 734 2968 Polancus.
