2074 3179
292 137 362 174 005
803 139 1032 177 LITTERAE
1059 152 1416 184 QI‘ADRIMESTRES

292 165 337 174 fl—

292 241 418 275 ctum
435 241 480 275 et
498 234 732 276 Gandiam
744 242 980 287 petentem
998 237 1147 276 obiter
1163 237 1402 278 Concham
1418 239 1650 291 invisisse,
1667 248 1874 282 veterem
1885 249 1931 283 et

290 306 492 346 nobilem
509 307 765 357 civitatem,
781 307 872 357 ubi,
888 318 994 346 cum
1006 308 1259 348 multorum
1271 310 1489 360 precibus
1507 317 1628 350 esset
1643 312 1928 363 morigeran-

290 377 414 428 dum,
430 388 592 418 sacras
614 378 660 417 in
676 378 875 417 diversis
888 378 1071 429 templis
1082 378 1243 419 habuit
1261 380 1525 432 conciones,
1541 387 1670 422 tanto
1688 382 1928 424 hominum

289 448 492 498 theatro,
517 454 648 488 tanto
679 460 874 488 assensu
905 449 1186 500 sapientium
1213 455 1257 490 et
1283 451 1464 503 populi,
1493 459 1542 492 ut
1570 464 1762 493 necesse
1788 453 1926 494 fuerit

289 520 517 571 quosdam
537 520 626 559 illis
648 519 747 559 dies
762 526 950 571 praeter
966 526 1169 560 mentem
1188 521 1315 561 dare.
1335 521 1537 573 Ajebant
1554 535 1646 564 uno
1664 536 1825 564 omnes
1844 536 1925 565 ore

288 591 597 642 apostolicam
618 590 880 630 doctrinam
898 591 945 630 in
961 602 1015 630 eo
1033 591 1258 642 relucere,
1278 604 1364 632 nec
1381 594 1664 634 verebantur
1681 595 1925 646 quibusvis

286 667 476 701 nostrae
496 661 787 712 tempestatis
808 662 938 713 viris,
958 673 1075 713 quos
1091 662 1230 703 modo
1249 663 1493 715 vidissent,
1518 663 1654 717 [eum]
1674 666 1919 708 anteferre.

286 733 446 773 Vitam
466 744 526 772 ex
546 733 686 784 fama,
710 733 1020 773 humilitatem
1041 745 1097 773 ex
1120 735 1412 775 sermonibus
1431 736 1616 784 mutuis,
1642 738 1923 779 modestiam

285 816 343 845 ex
363 804 564 855 incessu,
583 804 880 855 prudentiam
903 816 961 845 ex
983 804 1367 856 confessionibus,
1392 806 1656 847 doctrinam
1673 813 1718 847 et
1738 809 1920 860 religio-

283 887 390 915 nem
412 888 470 916 ex
481 876 714 927 publicise
731 882 958 927 suggestu
972 876 1276 917 concionibus
1298 877 1595 928 colligebant.
1617 878 1789 919 Omnes
1804 880 1921 920 mire

283 947 437 987 affecit
458 947 532 987 vir
553 958 687 997 unus,
714 947 796 987 sed
817 953 912 987 tres
936 947 1216 998 praecipuos
1232 947 1472 987 Ecclesiae
1488 960 1709 1000 proceres
1729 949 1921 1001 insigni-

281 1025 352 1058 ter
364 1018 456 1070 qui,
479 1018 691 1058 nolentes
705 1018 876 1058 diutius
898 1018 1045 1058 divini
1061 1017 1261 1070 Spiritus
1280 1018 1511 1059 afflatibus
1529 1031 1668 1060 aures
1685 1020 1920 1072 obturare,

282 1089 528 1129 audierunt
554 1089 665 1141 quid
694 1089 741 1129 in
763 1100 811 1128 se
832 1090 1100 1141 loqueretur
1125 1089 1271 1140 Deus,
1301 1091 1577 1142 loquebatur
1606 1091 1728 1132 enim
1758 1104 1921 1143 pacem

285 1160 409 1212 plebi
437 1172 565 1211 suae,
589 1159 807 1201 Stradani
829 1161 1012 1212 sequuti
1033 1167 1155 1200 sunt.
1186 1160 1420 1201 Gandiam
1441 1169 1770 1213 pervenerunt.
1797 1163 1919 1214 Quid

279 1232 577 1272 emolumenti
599 1232 807 1283 ceperint
828 1233 951 1272 malo
972 1238 1017 1272 te
1038 1244 1096 1272 ex
1118 1232 1218 1283 ipso
1240 1231 1409 1273 Strada
1432 1233 1593 1273 audire
1614 1234 1802 1285 quando
1821 1233 1918 1286 jarn

279 1303 416 1344 isthic
444 1303 606 1343 aderit.
631 1303 894 1343 Praeterire
916 1309 1073 1343 tamen
1100 1302 1211 1344 illud
1238 1315 1332 1343 non
1355 1304 1521 1355 ausim,
1545 1305 1648 1356 plus
1677 1305 1919 1346 doctrinae

278 1375 568 1415 conchenses
602 1387 764 1415 omnes
798 1387 856 1415 ex
891 1375 1228 1415 canonicorum
1262 1376 1508 1427 repentina
1547 1377 1916 1429 metamorphosi

276 1446 557 1498 percepisse,
582 1458 723 1498 quam
745 1458 804 1486 ex
825 1446 996 1486 auditis
1024 1452 1163 1486 antea
1191 1446 1496 1486 concionibus
1517 1446 1787 1487 hauserunt.
1813 1448 1916 1488 Dis-

276 1518 417 1558 cessit
434 1518 559 1558 illinc
575 1517 745 1558 Strada
755 1528 928 1569 magno
947 1518 1153 1558 civitatis
1169 1529 1399 1557 moerore:
1418 1518 1655 1569 pollicitus
1672 1525 1830 1559 tamen
1846 1526 1918 1559 est

274 1589 349 1639 iis,
374 1589 452 1640 qui
473 1589 840 1629 exercitamenta
858 1588 1118 1640 spiritualia
1134 1589 1396 1640 praelibare
1414 1590 1707 1641 satagebant,
1727 1590 1914 1631 Patrem

274 1661 578 1701 Villanovam
612 1661 958 1712 quamprimum
991 1659 1157 1711 affore,
1192 1661 1271 1712 qui
1310 1660 1517 1701 animum
1544 1661 1658 1712 ipsis
1690 1663 1911 1713 expleret;

275 1732 398 1784 quod
429 1739 474 1772 et
504 1732 602 1784 ipse
630 1731 885 1772 Villanova
917 1732 1056 1771 modo
1090 1731 1314 1782 implevit,
1347 1743 1457 1771 nam
1486 1737 1726 1772 transacto
1754 1744 1916 1773 mense

275 1803 518 1844 Concham
535 1810 604 1844 est
621 1803 873 1855 profectUS,
893 1803 986 1854 ubi,
1006 1803 1115 1843 dum
1131 1802 1310 1842 Doctor
1326 1803 1543 1854 Vergara
1565 1802 1573 1822 ¹
1592 1803 1745 1844 itineri
1762 1805 1914 1844 accin—

271 1876 413 1927 gitur,
429 1875 686 1915 Villanova
705 1875 1074 1915 exercitamenta
1093 1874 1273 1914 duobus
1284 1874 1400 1914 viris
1417 1875 1649 1914 concessit
1665 1875 1913 1925 nobilibus,

272 1946 406 1987 alteri
429 1947 658 1987 canonico
681 1946 948 1996 conchensi,
972 1946 1106 1986 alteri
1129 1946 1346 1985 canonici
1364 1957 1608 1997 germano;
1633 1952 1677 1987 et
1694 1959 1799 1987 cum
1817 1947 1915 1987 diu-

269 2019 360 2059 tius
381 2019 611 2059 remorari
634 2030 748 2070 prae
770 2017 997 2069 temporis
1018 2016 1249 2068 angustiis
1270 2028 1365 2057 non
1386 2017 1561 2068 liceret,
1583 2018 1700 2058 alios
1718 2018 1764 2058 in
1781 2030 1911 2070 spem

269 2090 448 2130 reditus
477 2090 550 2130 sui
577 2089 777 2140 distulit,
803 2095 847 2129 et
877 2088 1149 2129 Valentiam
1168 2088 1294 2128 misit
1317 2088 1460 2128 alium
1481 2088 1701 2129 Conchae
1723 2090 1908 2130 canoni-

270 2174 375 2202 cum
399 2162 494 2202 illic
516 2161 832 2202 exercendum
852 2159 1233 2201 meditationibus
1255 2159 1460 2211 spiritus.
1485 2160 1582 2200 Nec
1603 2160 1780 2201 otiosus
1796 2161 1907 2201 inte-

268 2233 357 2273 rim
379 2233 464 2273 fuit
484 2232 755 2274 Villanova.
779 2232 897 2272 Nam
920 2231 1132 2283 plurimis
1154 2230 1528 2271 confessionibus
1548 2232 1790 2272 audiendis
1810 2238 1906 2272 tam

269 2305 570 2355 generalibus
591 2315 732 2355 quam
754 2303 897 2343 etiam
919 2303 1087 2357 annuis
1107 2314 1202 2342 non
1222 2314 1398 2353 paucas
1420 2302 1563 2343 horas
1583 2303 1823 2355 impendit.

351 2375 468 2416 Cum
489 2374 709 2416 Conchae
731 2380 853 2415 esset
875 2373 1124 2415 Societatis
1139 2373 1251 2426 Jesu
1267 2385 1436 2413 nomen
1453 2374 1819 2425 celeberrimum,
1838 2380 1904 2414 ta—

265 2447 409 2487 citum
432 2446 678 2487 consilium
695 2451 971 2497 magnatum
988 2445 1172 2496 priores
1190 2444 1393 2484 inierunt
1409 2450 1458 2484 ut
1476 2443 1723 2485 Societatis
1739 2445 1903 2486 Patres

266 2519 537 2558 invitarent.
556 2517 787 2557 Nimirum
804 2516 983 2556 fructus
999 2516 1261 2555 ubertatem
1277 2521 1603 2566 agnoscentes,
1619 2527 1755 2567 quem
1772 2528 1900 2568 prae-

264 2597 335 2630 ter
355 2589 516 2642 populi
537 2600 692 2629 mores
714 2588 1053 2640 pristinamque
1076 2585 1461 2627 consuetudinem
1489 2587 1535 2626 in
1566 2586 1663 2626 dies
1684 2587 1902 2628 viderunt

262 2661 599 2712 pullulascere;
623 2672 733 2700 nam
755 2671 860 2700 curn
883 2664 1021 2699 antea
1042 2659 1168 2698 nulla
1191 2658 1437 2698 civitatum
1456 2657 1713 2709 Hispaniae
1734 2659 1899 2709 procli-

261 2733 368 2772 vior
390 2733 437 2772 in
458 2733 634 2782 luxum,
660 2737 704 2770 et
726 2731 772 2770 in
794 2730 981 2780 fastum,
1006 2735 1049 2769 et
1066 2728 1377 2779 insolentiam,
1402 2734 1541 2780 atque
1557 2727 1694 2780 hujus
1711 2730 1899 2779 generis

313 2914 321 2935 ¹
362 2914 490 2942 Doctor
506 2914 701 2948 Alphonsus
725 2913 883 2941 Ramirez
909 2913 947 2940 de
970 2912 1140 2946 Vergara,
1167 2911 1375 2939 Conchensis
1390 2912 1582 2946 canonicus,
1606 2912 1644 2939 de
1669 2920 1732 2946 quo
1746 2920 1848 2947 supra
1864 2913 1896 2940 in

258 2962 384 2990 litteris
400 2962 434 2990 Ρ.
449 2961 686 2996 Christophori
703 2961 742 2988 de
759 2960 932 2995 Mendoza,
949 2968 981 2987 n.
1000 2966 1066 2993 xm,
1083 2966 1160 2993 pag.
1175 2960 1235 2986 1011.
