2074 3179
889 127 972 164 Ax.
1006 126 1090 164 1551
1742 127 1813 163 415

180 221 563 271 confessionibuS,
587 234 727 274 quam
743 223 790 263 in
811 224 988 274 schola,
1014 235 1154 275 quam
1176 223 1459 274 aperuimus,
1481 222 1539 262 ad
1561 233 1701 273 quam
1713 222 1809 274 jam

181 292 408 332 accedunt
442 293 756 344 quadraginta
791 301 835 335 et
871 295 1071 346 quinque
1106 294 1365 343 scholares,
1399 304 1595 344 quorum
1625 293 1810 344 quidem

180 368 310 402 tanta
331 369 375 402 et
403 375 586 404 morum
616 370 660 404 et
687 366 947 405 studiorum
977 371 1047 405 est
1074 365 1291 414 mutatio,
1324 369 1373 403 ut
1407 375 1567 403 omnes
1598 364 1809 414 obstupe-

179 439 326 473 scant.
351 433 498 474 Erant
520 435 644 475 enim
665 436 870 476 moribus
895 437 1141 487 depravati
1169 448 1224 475 ac
1251 434 1553 486 blasphemiis
1580 435 1809 474 omnibus-

178 515 266 555 que
287 503 477 555 flagitiis
497 504 660 554 dediti;
697 512 743 546 at
764 519 887 547 nunc
912 507 1081 546 horum
1107 506 1245 556 nihil,
1277 511 1414 557 prout
1442 506 1488 545 in
1510 505 1608 545 dies
1631 506 1807 556 experi-

178 580 332 614 mento
349 576 673 628 perspicimus,
694 578 909 618 retinent.
926 577 1046 618 Nam
1063 578 1102 617 si
1119 578 1221 628 quis
1238 576 1433 616 verbum
1451 576 1640 627 aliquod
1656 576 1808 615 minus

177 644 423 686 honestum
445 653 525 686 aut
546 648 841 688 mendacium
861 649 1105 700 depromit,
1126 655 1205 688 aut
1226 649 1378 698 legem
1399 647 1603 698 aliquam
1625 647 1809 697 collegii

176 716 567 768 transgrediatur,
592 725 662 758 est
684 719 761 769 qui
783 730 889 759 eum
917 719 1074 758 statim
1103 718 1223 769 apud
1252 723 1583 769 praeceptores
1613 717 1807 767 deferat;

176 787 231 827 de
254 799 344 838 quo
366 789 552 839 quidem
572 790 782 830 instituto
805 790 922 830 adeo
943 790 1164 840 gaudent,
1199 789 1315 829 adeo
1340 788 1644 828 aedificantur
1664 788 1808 827 homi-

175 869 271 907 nes,
296 864 341 898 et
362 871 416 898 eo
438 860 590 910 magis
612 861 736 912 quod
757 861 1011 912 quidquam
1036 871 1121 911 pro
1144 872 1198 899 eo
1221 871 1413 899 munere
1435 871 1584 910 neque
1609 859 1806 910 exquiri-

175 939 278 968 mus
298 941 447 981 neque
469 937 707 982 optamus,
731 931 871 971 immo
903 931 1058 971 oblata
1088 932 1231 970 multa
1253 929 1503 981 rejicimus.
1526 929 1646 969 Nam
1667 941 1808 980 saepe

174 1000 403 1050 contingit
423 1007 472 1040 ut
491 1013 742 1052 puerorum
762 1008 920 1054 patres
941 1001 1001 1042 ad
1016 1014 1101 1042 nos
1123 1002 1277 1053 aliqua
1295 1012 1489 1041 munera
1504 1001 1705 1049 mittant,
1726 1000 1805 1040 sed

173 1082 469 1122 nequaquam
490 1072 793 1123 recipiuntur.
818 1073 981 1113 Altera
1003 1073 1076 1113 die
1098 1079 1254 1112 tamen
1281 1072 1494 1112 effectum
1526 1077 1594 1112 est
1624 1078 1672 1111 ut
1701 1083 1807 1111 cum

173 1139 361 1191 quidam
382 1151 571 1180 servum
591 1153 727 1181 suum
749 1153 855 1182 cum
872 1154 1062 1182 munere
1083 1143 1285 1182 mitteret
1307 1141 1366 1181 ad
1386 1153 1491 1192 nos,
1526 1153 1580 1181 ac
1612 1152 1804 1181 reverso

172 1210 259 1261 ipsi
280 1211 478 1250 alterum
497 1212 773 1263 remitteret,
798 1213 876 1264 qui
897 1219 1049 1253 astute
1080 1213 1206 1252 domi
1234 1218 1422 1253 nostrae
1453 1219 1498 1252 et
1527 1212 1649 1251 clam
1671 1224 1805 1252 suum

172 1281 384 1332 deposuit
419 1293 600 1322 munus.
637 1282 917 1323 Asserentes
952 1284 1029 1324 alii
1066 1283 1109 1323 id
1148 1284 1371 1323 scandalo
1407 1295 1508 1323 esse
1543 1283 1666 1334 quod
1696 1283 1809 1323 nihil

169 1352 419 1403 quicquam
440 1353 741 1404 accipiamus,
767 1355 826 1394 ad
847 1366 932 1394 nos
956 1355 1187 1395 accedunt
1208 1366 1434 1405 suamque
1457 1366 1649 1405 operam
1664 1354 1805 1394 facul-

170 1429 381 1475 tatesque
402 1424 703 1475 pollicentur;
728 1425 847 1465 inter
869 1437 985 1476 quos
1011 1425 1101 1464 duo
1129 1425 1425 1476 potissimum
1457 1430 1564 1464 sunt
1591 1425 1668 1475 qui
1696 1436 1810 1465 suos

170 1493 286 1534 filios
307 1493 529 1534 Societati
551 1495 663 1535 dare
678 1502 950 1547 peroptant,
976 1507 1174 1547 quorum
1196 1507 1336 1546 unus,
1362 1507 1497 1547 quem
1520 1496 1707 1535 unicum
1729 1495 1808 1535 ha-

169 1565 306 1613 bebat
327 1565 491 1616 filium,
515 1566 674 1606 multis
694 1566 944 1606 Virtutibus
966 1566 1240 1606 decoratum
1264 1578 1318 1605 ac
1341 1572 1493 1606 aetate
1516 1573 1805 1617 provectum,

171 1648 197 1675 a
219 1636 352 1676 nobis
377 1637 524 1688 recipi
545 1637 749 1688 quaerit3
775 1637 892 1677 alter
919 1642 1015 1677 tres
1036 1649 1152 1688 quos
1171 1637 1400 1688 possidet,
1424 1637 1633 1687 libenter,
1658 1637 1695 1676 si
1725 1649 1808 1688 per

169 1712 370 1747 aetatem
404 1707 584 1758 liceret,
625 1707 848 1749 Societati
885 1708 1099 1748 donaret.
1136 1709 1207 1748 Ex
1243 1709 1332 1748 hac
1363 1714 1488 1748 certe
1516 1708 1674 1747 schola
1707 1708 1807 1748 Deo

169 1777 356 1828 Optimo
388 1778 592 1819 Maximo
627 1790 829 1828 magnos
864 1791 950 1820 nos
987 1779 1209 1831 colligere
1237 1791 1292 1819 ac
1324 1780 1601 1819 collecturos
1628 1778 1809 1819 fructus

169 1860 262 1888 non
284 1849 562 1890 dubitamus.

247 1918 362 1959 Sunt
384 1920 430 1960 in
452 1932 506 1960 ea
527 1933 585 1960 ex
601 1921 824 1961 fratribus
842 1921 932 1961 duo
952 1927 1300 1973 praeceptores,
1320 1921 1398 1972 qui
1415 1921 1629 1961 diversas
1646 1922 1806 1972 legunt

105 2003 107 2005 ¹
166 1991 404 2031 lectiones.
430 1990 718 2032 Observatur
740 1993 786 2032 in
808 2005 862 2033 ea
884 1993 1022 2043 ordo,
1057 1993 1135 2044 qui
1165 1992 1341 2043 passim
1368 1992 1414 2031 in
1442 1991 1677 2032 Societate
1709 2004 1803 2032 ser-

168 2062 271 2101 vari
292 2062 478 2112 scimus,
499 2074 681 2114 nempe,
701 2069 750 2103 ut
766 2063 1035 2103 scholastici
1057 2064 1223 2103 saltem
1242 2063 1427 2114 singulo
1446 2074 1627 2113 quoque
1644 2075 1803 2103 mense

167 2132 488 2184 confiteantur,
514 2134 591 2185 qui
611 2140 656 2174 et
680 2133 778 2185 jam
797 2135 868 2174 bis
891 2134 1092 2174 confessi
1109 2140 1237 2184 sunt;
1260 2134 1483 2173 lectiones
1514 2134 1798 2174 christianae

166 2203 406 2243 doctrinae
427 2215 482 2244 ac
504 2204 551 2244 in
572 2206 744 2256 templo
766 2205 1030 2256 conciones,
1050 2204 1248 2255 singulis
1269 2204 1400 2244 festis
1423 2216 1448 2243 a
1466 2204 1603 2244 Patre
1619 2204 1802 2257 Joanne

167 2274 332 2326 factas,
355 2274 667 2326 frequentant,
691 2287 810 2327 quae
833 2276 1085 2316 conciones
1106 2287 1289 2315 summa
1311 2286 1417 2315 cum
1439 2275 1704 2315 auditorum
1727 2288 1799 2316 ae-

168 2345 435 2385 dificatione
456 2345 585 2386 fiunt.

245 2415 511 2456 Visitantur
528 2416 625 2457 fere
646 2417 850 2468 quotidie
866 2417 1174 2467 xenodochia,
1196 2417 1243 2457 in
1259 2417 1425 2468 quibus
1442 2417 1580 2457 Pater
1596 2416 1795 2457 Pascha-

164 2487 260 2527 sius
281 2488 451 2527 multas
472 2487 600 2527 audit
621 2487 938 2527 confessiones
959 2498 1131 2538 magno
1153 2499 1258 2527 cuni
1279 2487 1454 2538 fructu,
1486 2499 1595 2528 nam
1627 2490 1799 2529 multas

164 2569 190 2597 a
213 2557 438 2597 daemone
456 2558 638 2598 animas
659 2558 782 2610 quod
802 2558 1062 2610 abrepserit
1083 2558 1261 2598 dubitat
1282 2570 1435 2598 nemo.
1455 2558 1655 2609 Quidam
1674 2560 1797 2599 enim

164 2640 271 2668 cum
292 2629 338 2669 in
359 2635 548 2680 gutture
568 2629 739 2669 vulnus
759 2630 1041 2681 accepisset,
1066 2629 1282 2681 quamvis
1312 2641 1396 2680 per
1416 2630 1624 2670 vulneris
1651 2632 1795 2682 spira-

163 2700 288 2739 mina
315 2701 511 2752 loquens
545 2700 772 2749 sibilaret,
802 2700 1034 2752 edensque
1065 2700 1194 2740 cibus
1223 2700 1390 2751 exiret,
1420 2701 1546 2740 nullo
1576 2701 1713 2741 modo
1744 2708 1794 2742 ut

162 2771 348 2811 inimico
370 2771 652 2822 relinqueret
673 2770 899 2811 offensam
918 2770 1191 2822 persuaderi
1211 2776 1409 2822 poterat,
1429 2783 1594 2812 verum
1616 2772 1796 2813 invisus

163 2841 219 2880 ab
250 2841 352 2892 ipso
382 2841 521 2882 Patre
538 2873 545 2892 ,
575 2853 657 2892 per
691 2840 780 2881 Dei
814 2841 1038 2892 gratiam,
1076 2841 1273 2881 salutem
1308 2841 1504 2893 adeptus
1541 2848 1625 2882 est.
1662 2843 1797 2884 Alter

163 2912 399 2963 sacerdos,
419 2923 526 2952 cum
542 2917 664 2951 esset
685 2911 743 2951 ob
760 2917 1062 2963 peccatorum
1080 2912 1349 2963 congeriem
1366 2912 1421 2952 de
1439 2914 1628 2965 propria
1646 2916 1795 2955 salute
