2074 3179
264 141 335 178 290
779 141 1008 179 LITTERAE
1035 152 1390 184 QUADRlMESTRES

965 594 1216 647 LXXXl

334 823 574 872 Dionysius
593 824 800 871 Vazquez

381 889 503 926 Patri
521 889 693 936 Ignatio
712 888 765 926 de
783 888 969 937 Loyola.

429 953 676 1002 Compluto,
699 955 716 991 1
738 954 843 1001 Maji
863 953 952 991 1551
976 954 1000 989 ¹.

918 1185 1242 1253 ALCALA

341 1377 508 1419 Gratia
532 1382 576 1417 et
598 1388 706 1428 pax,
731 1384 817 1417 etc.

338 1448 510 1489 Missus
538 1455 607 1489 est
637 1448 696 1489 ad
722 1460 808 1489 nos
834 1447 884 1488 P.
914 1448 1140 1489 Tablares
1166 1447 1180 1466 ²
1208 1460 1315 1488 cum
1341 1449 1597 1489 illustribus
1624 1450 1908 1501 quibusdam

259 1519 634 1561 adolescentibus
656 1531 682 1559 a
704 1526 749 1560 te
770 1519 928 1560 domui
958 1525 1147 1560 nostrae
1177 1520 1443 1571 destinatis,
1475 1520 1524 1560 P.
1559 1520 1901 1561 colendissime.

257 1592 318 1632 Hi
352 1591 526 1643 partim
560 1591 684 1631 domi
714 1590 811 1642 jam
844 1597 975 1642 sunt,
999 1591 1172 1642 partim
1201 1591 1354 1631 adhuc
1385 1597 1731 1643 exspectantur.
1766 1592 1907 1632 Faxit

258 1663 472 1705 Christus
501 1668 551 1702 ut
584 1663 742 1702 omnia
778 1662 978 1714 optimos
1013 1663 1181 1703 sortita
1216 1669 1414 1703 eventus
1449 1663 1495 1702 in
1529 1663 1701 1703 bonum
1737 1662 1906 1703 cedant

258 1745 519 1774 commune.

337 1804 562 1846 Exerceri
581 1804 657 1845 hic
680 1805 908 1856 quosdam
929 1804 1327 1856 Hieronymianos
1347 1804 1511 1845 Patres
1533 1805 1817 1856 scripseram
1845 1806 1902 1845 ad

257 1883 301 1917 te
324 1876 727 1927 praecedentibus,
747 1876 871 1927 quod
891 1876 1144 1928 plurimum
1160 1875 1339 1916 fructus
1360 1876 1468 1916 boni
1489 1875 1545 1915 iis
1566 1876 1746 1927 peperit
1767 1882 1904 1928 atque

257 1948 374 1987 aliis.
397 1946 739 1987 Monachorum
761 1953 886 1987 certe
907 1947 1039 1987 multi
1058 1947 1172 1987 illud
1192 1958 1278 1998 pro
1301 1953 1541 1999 comperto
1567 1947 1655 1987 sibi
1683 1947 1904 1988 dicebant

257 2031 359 2059 esse
388 2019 501 2059 talia
531 2024 610 2058 aut
646 2018 811 2058 eadem
836 2017 1029 2058 Patrum
1060 2017 1204 2058 fuisse
1229 2017 1553 2068 fundamenta,
1585 2030 1690 2058 cum
1719 2019 1902 2069 religio·

255 2102 367 2130 num
384 2090 649 2142 spiritualia
667 2088 880 2130 aedificia
898 2089 1307 2139 construebantur3
1323 2089 1401 2129 alii
1416 2090 1599 2141 gratias
1610 2089 1710 2130 Deo
1727 2090 1901 2141 optimo

255 2162 461 2202 maximo
484 2173 628 2212 agere
650 2173 699 2201 se
721 2161 929 2213 ajebant,
952 2161 1032 2213 qui
1053 2172 1134 2201 eos
1154 2161 1243 2201 hoc
1274 2168 1483 2212 tempore
1513 2167 1721 2201 creasset
1751 2173 1902 2213 neque

254 2244 461 2285 unquam
495 2239 648 2273 antea.
683 2232 779 2273 Nec
807 2232 996 2273 defuere
1031 2232 1151 2273 inter
1178 2244 1259 2272 eos
1288 2232 1382 2284 (qui
1410 2233 1552 2283 longo
1581 2244 1636 2273 ac
1666 2233 1900 2274 indefesso

254 2304 413 2344 labore
434 2303 696 2356 profectum
725 2304 915 2356 spiritus
942 2303 1172 2354 emerant)
1203 2308 1468 2343 asserentes
1495 2303 1684 2343 vineam
1712 2304 1901 2344 Domini

253 2375 452 2416 diversis
487 2376 777 2427 temporibus
812 2376 1104 2427 diversisque
1139 2375 1355 2415 manibus
1391 2375 1713 2426 operariorum
1745 2376 1898 2416 excul-

253 2453 351 2487 tam
376 2445 543 2497 fuisse,
575 2452 618 2486 et
645 2458 737 2486 uno
766 2458 845 2486 ore
866 2446 912 2486 id
940 2445 1128 2497 ajebant
1154 2451 1204 2486 ut
1233 2445 1291 2485 ad
1321 2446 1553 2486 culturam
1581 2452 1795 2486 caeteros
1824 2447 1897 2486 ad-

252 2518 569 2569 hortarentur,
593 2516 922 2569 praedicantes
943 2518 1090 2557 latere
1112 2516 1159 2557 in
1179 2516 1347 2556 vineae
1369 2516 1632 2556 Visceribus
1653 2516 1900 2557 thesauros

252 2588 639 2641 pretiosissimos,
677 2588 755 2640 qui
779 2600 872 2628 non
903 2588 967 2628 ita
995 2599 1168 2639 magno
1196 2587 1387 2637 sudore,
1425 2593 1473 2627 ut
1510 2588 1641 2638 olim,
1672 2588 1897 2639 paraban-

252 2666 341 2701 tur.
365 2659 482 2701 Cum
503 2659 645 2711 igitur
666 2659 714 2699 hi
734 2658 900 2699 Patres
928 2658 1053 2710 apud
1080 2670 1166 2698 nos
1194 2664 1410 2709 agerent,
1445 2658 1502 2697 ab
1531 2658 1635 2698 aliis
1664 2659 1900 2710 religiosis

251 2731 381 2772 fuere
398 2730 625 2771 molestiis
642 2730 826 2781 magnIs
848 2729 1059 2781 impetiti,
1079 2729 1156 2780 qui
1174 2740 1279 2769 cum
1301 2741 1349 2769 se
1372 2735 1714 2781 conquesturos
1737 2741 1899 2771 coram

314 2914 323 2933 ¹
362 2914 612 2949 Apographum
629 2915 660 2941 in
677 2913 765 2941 foliis
779 2913 814 2940 59
828 2917 861 2940 et
875 2912 910 2940 6«)
926 2911 1060 2939 Codicis
1073 2912 1153 2939 1551.

312 2964 325 2982 ²³
365 2962 401 2990 P.
418 2962 539 2989 Petrus
555 2962 594 2989 de
610 2962 776 2989 Tablares
792 2961 898 2988 Roma
914 2961 1014 2994 paulo
1031 2964 1111 2987 ante
1128 2960 1189 2987 hoc
1206 2964 1338 2994 tempus
1353 2960 1385 2987 in
1401 2959 1602 2994 Hispaniam
1619 2960 1781 2988 redierat.
