2074 3179
166 165 236 202 454
679 165 906 203 LITTERAE
932 177 1288 209 QUADRIMESTRES

245 261 394 313 Rogo,
424 260 565 302 Pater
594 262 665 312 R.,
695 268 743 301 ut
772 273 911 313 super
938 261 1039 302 istis
1066 274 1172 302 cum
1192 263 1407 313 proximo
1429 270 1564 315 posta
1587 264 1797 304 mittatur

165 333 278 373 mihi
307 338 438 373 recta
467 334 691 373 resolutio
720 344 826 372 cum
853 333 1191 384 approbatione
1218 332 1263 374 S.
1292 333 1342 374 P.
1365 334 1419 374 N.
1443 334 1681 375 Pontificis
1702 335 1796 375 Ma-

165 404 297 454 ximi,
334 405 411 444 vel
444 405 484 445 si
514 410 610 458 tarn
637 405 728 444 cito
756 404 968 456 expediri
994 410 1214 456 nequeat,
1246 405 1411 445 saltem
1437 405 1526 446 hoc
1555 413 1724 457 agatur
1747 412 1796 446 ut

165 474 371 526 ejusdem
394 476 694 526 authoritate,
718 481 763 515 et
785 476 943 515 curiae
965 475 1174 527 Reginae
1194 482 1398 526 nostrae,
1425 482 1469 516 et
1489 477 1795 517 Universitati

162 546 461 598 Lovaniensi,
487 553 531 587 et
552 547 703 587 cuivis
725 547 1042 598 superioritati
1062 547 1328 598 imponatur
1357 546 1612 598 silentium,
1635 560 1692 588 ne
1722 549 1797 587 vel

161 629 247 656 nos
264 616 473 668 judicent
494 619 570 658 vel
590 618 783 658 ulterius
804 618 850 657 in
871 618 959 658 hoc
981 618 1169 669 negotio
1196 623 1436 669 pergatur.
1469 617 1574 658 Scio
1600 630 1683 670 per
1702 619 1795 658 bul-

161 689 231 728 las
252 701 338 730 nos
360 690 417 730 ab
439 689 563 730 omni
584 689 912 740 superioritate
940 689 1100 740 eximi;
1132 688 1213 729 sed
1240 689 1329 730 hoc
1355 689 1721 741 interpretantur
1750 690 1796 730 in

162 761 217 800 iis
239 772 358 812 quae
380 761 532 801 bullae
555 761 831 812 approbant;
855 760 936 801 sed
953 766 1065 801 vota
1082 761 1172 801 ista
1188 767 1232 801 et
1248 760 1521 801 emissiones
1539 766 1703 801 contra
1719 773 1796 801 vo-

159 833 387 872 luntatem
407 838 655 884 parentum
680 844 774 872 non
805 832 1144 883 approbantur,
1175 832 1316 872 immo
1345 832 1480 872 bullis
1510 832 1796 872 contrarian-

161 910 250 943 tur.
274 902 382 944 Scio
405 903 528 955 quod
550 908 595 943 et
616 903 940 955 interpretatio
963 904 1193 943 bullarum
1215 903 1358 943 etiam
1379 903 1626 953 eximatur3
1651 903 1732 943 sed
1748 910 1798 943 ut

162 975 368 1026 intelligo
391 974 507 1015 haec
529 981 572 1015 et
594 975 763 1015 similia
784 986 953 1027 parum
975 981 1108 1015 curat
1130 975 1282 1025 curia,
1307 975 1346 1015 si
1363 975 1540 1026 Videat,
1565 980 1614 1014 ut
1630 974 1717 1014 sibi
1733 975 1796 1014 vi-

161 1047 310 1097 detur,
334 1047 519 1086 illorum
539 1046 894 1098 privilegiorum
917 1057 1019 1087 esse
1048 1046 1258 1086 abusum.
1291 1046 1518 1096 Proinde,
1548 1046 1637 1085 nisi
1668 1044 1799 1086 Sum-

160 1129 261 1157 mus
281 1116 498 1157 Pontifex
518 1123 649 1157 curet
668 1129 752 1169 per
771 1117 951 1158 litteras
972 1129 1083 1158 suas
1105 1123 1184 1158 aut
1202 1129 1337 1157 suum
1355 1118 1585 1168 Legatum
1607 1116 1795 1157 easdem

159 1188 293 1228 nobis
313 1188 510 1229 concedi
531 1188 588 1228 ab
609 1189 911 1240 Imperatore,
936 1195 980 1228 et
1000 1188 1258 1240 Imperator
1281 1187 1493 1240 injungat
1513 1194 1704 1228 nostrae
1722 1200 1796 1228 cu-

158 1260 257 1300 riae
276 1260 571 1300 Bruxellensi
592 1271 673 1300 seu
694 1261 872 1300 sororis
893 1272 1020 1311 suae,
1042 1267 1086 1300 et
1102 1260 1225 1300 idem
1243 1266 1354 1311 agat
1372 1260 1495 1312 apud
1512 1260 1794 1311 Episcopum

158 1337 371 1372 nostrum
400 1331 724 1383 Leodiensem,
760 1338 804 1372 et
839 1331 1209 1372 Universitatem
1244 1331 1602 1382 Lovaniensem‚
1643 1337 1687 1371 et
1720 1343 1794 1382 op—

157 1403 316 1455 pidum
336 1403 648 1454 Lovaniense,
671 1403 808 1443 simul
830 1415 936 1443 cum
956 1403 1179 1443 facultate
1197 1402 1466 1443 exstruendi
1484 1403 1732 1453 collegium
1750 1408 1794 1442 et

157 1474 315 1515 utendi
327 1475 588 1526 privilegiis
604 1475 818 1526 personis
836 1474 1170 1515 ecclesiasticis
1192 1474 1344 1526 quoad
1365 1474 1587 1514 accisiam
1603 1473 1631 1524 2,
1651 1479 1700 1514 ut
1718 1485 1797 1513 vo-

157 1553 281 1596 cant,
306 1553 350 1586 et
371 1547 547 1586 tributa
569 1552 612 1586 et
634 1547 726 1586 alia
747 1546 1026 1598 temporalia
1049 1545 1242 1586 concedi
1265 1546 1434 1596 solitis,
1459 1545 1564 1591 nisi,
1589 1545 1795 1596 inquam,

156 1618 244 1658 hoc
266 1617 359 1669 fiat,
384 1618 538 1669 video,
563 1618 687 1670 quod
708 1618 841 1667 absit,
867 1629 952 1658 nos
975 1629 1137 1658 omnes
1153 1617 1285 1657 brevi
1301 1617 1409 1657 hinc
1427 1616 1729 1668 expellendos
1751 1623 1795 1656 et

157 1689 313 1729 omnia
335 1694 497 1729 nostra
520 1701 546 1729 a
568 1689 680 1729 fisco
702 1689 990 1740 abripienda.
1009 1689 1306 1729 Incredibilia
1323 1687 1539 1728 fortassis
1557 1694 1663 1727 sunt
1680 1687 1796 1727 haec

157 1766 201 1800 et
222 1760 401 1800 utinam
419 1772 504 1800 nec
527 1760 805 1811 contingant
819 1772 905 1800 nec
924 1760 1191 1800 credantur.
1210 1759 1315 1800 Non
1333 1759 1456 1811 quod
1474 1758 1796 1810 expulsionem

157 1832 275 1872 tanti
296 1831 490 1883 faciam,
516 1832 657 1872 immo
679 1831 937 1883 gauderem
959 1844 1017 1871 ex
1038 1837 1172 1883 parte
1194 1837 1239 1871 et
1255 1843 1340 1883 pro
1357 1841 1531 1881 magno
1550 1829 1723 1870 amoris
1739 1829 1796 1869 si-

158 1914 252 1954 gno
275 1916 302 1944 a
321 1903 524 1944 Domino
545 1903 646 1944 Deo
668 1908 995 1954 suscepturum
1015 1914 1089 1943 me
1111 1914 1349 1955 sperarem
1368 1914 1376 1953 3
1406 1902 1487 1942 sed
1516 1913 1611 1941 non
1639 1907 1796 1941 tamen

157 1975 256 2015 sine
278 1986 451 2026 magno
473 1981 517 2016 et
529 1975 812 2026 gravissimo
825 1974 997 2015 dolore.
1014 1974 1244 2015 Nimirum
1259 1986 1408 2026 poene
1425 1973 1677 2014 anathema
1694 1984 1796 2012 esse

157 2047 433 2087 desiderans
448 2058 533 2098 pro
550 2046 775 2087 fratribus
792 2046 922 2098 meis3
942 2046 1107 2086 deinde
1125 2046 1294 2086 timens
1310 2057 1368 2085 ne
1385 2056 1473 2096 ego
1491 2045 1578 2085 sim
1594 2044 1641 2084 in
1658 2044 1793 2095 culpa

157 2131 240 2170 per
277 2130 432 2159 meam
466 2118 830 2170 imprudentiam
865 2124 910 2158 et
948 2117 1487 2169 incircumspectionem.
1525 2115 1796 2156 Maluissem

159 2202 286 2239 sane,
311 2190 350 2230 si
370 2190 573 2230 Domino
594 2190 659 2230 ita
680 2190 953 2242 placuisset,
978 2195 1075 2229 tam
1097 2189 1245 2229 ardua
1266 2200 1348 2240 per
1378 2188 1521 2228 alium
1548 2198 1687 2239 quam
1713 2197 1795 2238 per

158 2274 230 2302 me
252 2262 466 2313 transigi.
490 2261 703 2313 Interim,
727 2261 868 2301 etiam
889 2261 927 2301 si
949 2272 1111 2301 omnes
1132 2260 1442 2312 expellamur,
1467 2270 1581 2310 ego,
1607 2258 1714 2310 quia
1736 2256 1792 2296 ad

160 2334 246 2374 lias
266 2339 425 2384 partes
446 2345 505 2373 ex
526 2332 790 2373 obedientia
812 2332 1004 2381 missus,
1027 2344 1122 2372 non
1144 2331 1280 2372 exibo
1302 2331 1391 2371 nisi
1412 2342 1471 2371 ex
1492 2330 1670 2371 eadem.

240 2404 325 2444 His
345 2405 502 2444 valeat
523 2404 569 2444 in
586 2404 789 2444 Domino
805 2404 916 2457 Jesu
932 2402 987 2443 R.
1008 2403 1066 2444 V.
1087 2409 1131 2443 et
1147 2414 1233 2443 nos
1250 2402 1347 2443 suis
1365 2401 1654 2442 orationibus
1676 2410 1799 2440 com·

160 2476 407 2516 mendatos
428 2476 612 2516 habeat.

238 2546 441 2599 Raptim.
464 2546 680 2598 Lovanii,
709 2546 754 2585 17
776 2545 1054 2587 Decembris
1076 2557 1198 2585 anno
1225 2545 1339 2585 1551.

237 2619 451 2670 Intelligo
472 2624 654 2670 patrem
675 2617 893 2658 Otthonis
920 2617 1108 2666 nobilis,
1139 2617 1195 2657 de
1224 2628 1316 2668 quo
1346 2616 1393 2656 in
1419 2614 1595 2655 ultimis
1632 2613 1798 2653 litteris

162 2691 256 2741 egi,
290 2690 432 2730 etiam
468 2695 615 2730 totam
639 2701 787 2741 poene
820 2688 1064 2729 Coloniam
1088 2687 1400 2728 commovisse
1429 2691 1592 2726 contra
1610 2684 1795 2733 fratres,

216 2901 226 2920 ¹
266 2899 388 2927 Accise
412 2898 444 2926 in
469 2899 587 2933 Belgio
609 2904 642 2926 et
667 2899 861 2933 Hollandia,
888 2899 1002 2925 excise
1027 2899 1059 2925 in
1084 2896 1224 2932 Anglia,
1249 2900 1300 2924 est
1316 2896 1481 2924 tributum
1497 2895 1665 2930 quoddam
1679 2893 1799 2921 indire-

164 2952 254 2975 ctum
269 2948 370 2974 rebus
386 2947 428 2974 ad
443 2948 595 2981 corporis
610 2947 894 2975 sustentationem
910 2945 1113 2974 necessariis
1138 2948 1171 2972 et
1195 2952 1256 2972 usu
1280 2943 1524 2977 consumendis,
1541 2943 1619 2971 vino
1643 2947 1800 2976 praeser-

166 2996 235 3026 tim,
253 2994 440 3022 cerevisiae
458 2999 490 3022 et
507 2994 683 3029 similibus,
699 2995 903 3029 impositum.
