2074 3179
166 112 238 149 378
680 113 908 151 LlTTERAE
936 124 1294 157 QUADRIMESTRES

164 210 322 261 populi
357 211 529 262 templo
558 211 816 262 praecipuo
848 211 1156 251 concionatus
1191 217 1283 260 est,
1322 222 1596 263 summaque
1632 212 1806 253 Christi

165 281 413 321 clementia
434 282 652 323 videntur
673 282 869 322 multum
892 281 1020 321 cives
1041 281 1312 332 profecisse.
1337 282 1454 323 Cum
1484 283 1637 323 adhuc
1667 284 1800 323 dura-

164 357 269 392 rent
303 353 560 403 nundinae,
602 353 853 404 Inquisitor
893 352 1085 403 quidam
1118 352 1382 393 Vallisoleti
1417 365 1470 393 eo
1504 364 1554 393 se
1588 355 1801 404 contulit,

164 424 381 464 librarios
402 425 733 476 voluminaque
756 424 895 464 etiam
922 424 1148 463 nonnulla
1174 424 1470 475 inspecturus
1492 425 1702 465 haeresis
1733 437 1803 465 su-

165 501 351 547 specta,
384 497 701 547 populumque
733 500 883 535 totum
904 495 950 534 in
973 495 1146 546 templo
1167 495 1374 535 maximo
1398 494 1531 546 jungi
1557 497 1726 548 voluit,
1761 504 1804 537 et

166 579 192 606 a
214 566 262 607 P.
287 567 500 619 Baptista
528 579 622 607 non
648 567 811 618 parvis
840 566 1118 617 efflagitavit
1146 566 1361 617 precibus
1389 572 1438 606 ut
1466 566 1528 606 ibi
1556 568 1801 608 conciona-

164 645 306 679 retur.
347 638 633 679 Concioncm
663 638 826 677 habuit
856 643 985 677 tanta
1018 649 1124 677 cum
1155 637 1423 677 auditorum
1455 637 1716 688 frequentia
1755 646 1803 679 ut

163 721 249 760 par
269 710 371 749 visa
393 721 648 760 numquam
669 709 830 760 fuerit,
856 709 1208 760 incredibilique
1230 709 1371 749 etiam
1394 709 1586 760 spiritus
1619 709 1801 760 ardore,

162 781 379 821 concioni
414 781 502 821 fine
533 779 631 831 jam
662 781 898 832 imposito,
929 780 984 820 de
1013 780 1180 831 gratiis
1206 780 1391 820 locutus
1419 786 1509 830 est,
1549 792 1665 832 quas
1700 780 1802 820 Deo

160 853 438 892 tenebantur
462 863 626 903 agere,
654 863 759 892 cum
791 863 897 892 eum
928 851 1155 892 haberent
1185 851 1532 903 Inquisitorem,
1561 852 1638 903 qui
1668 858 1797 892 tanta

161 935 274 963 cura
296 924 353 963 ab
382 923 437 963 iis
471 935 608 963 omne
634 923 845 963 haeresis
875 934 1025 974 genus
1054 923 1281 963 radicitus
1316 923 1519 963 avellere
1552 930 1803 963 conaretur

161 994 396 1045 librosque
425 994 566 1034 etiam
594 995 886 1046 perscrutari
919 1000 967 1034 ut
997 994 1064 1034 sic
1095 994 1382 1034 christianae
1412 994 1654 1034 doctrinae
1682 995 1803 1046 puri-

159 1072 232 1105 tas
259 1066 424 1106 melius
452 1066 644 1106 retineri
670 1066 834 1118 possit.
864 1065 1161 1106 Rescivimus
1193 1065 1252 1105 ad
1283 1065 1400 1105 haec
1427 1065 1597 1106 fratres
1626 1066 1803 1106 ordinis

161 1136 567 1189 Praedicatorum,
598 1149 705 1178 curn
737 1137 1078 1178 intellexissent
1112 1136 1440 1189 Inquisitorem
1467 1137 1527 1177 ad
1553 1137 1599 1177 id
1631 1138 1699 1177 rei
1725 1150 1800 1177 ve-

163 1208 309 1259 nisse,
335 1208 553 1260 precibus
576 1209 930 1261 rationibusque
961 1209 1019 1249 ab
1051 1221 1106 1248 eo
1135 1209 1181 1248 id
1210 1208 1506 1248 contendisse
1536 1214 1586 1248 ut
1612 1209 1725 1260 ipsis
1747 1222 1801 1249 ea

163 1280 329 1320 concio
351 1280 648 1332 tribueretur,
674 1279 948 1332 objicientes
970 1281 1030 1321 ad
1052 1292 1101 1320 se
1121 1280 1279 1332 potius
1301 1292 1440 1332 quam
1462 1280 1521 1320 ad
1541 1281 1659 1320 ullos
1683 1281 1800 1320 alios

159 1350 215 1390 de
236 1351 556 1403 Inquisitionis
579 1351 777 1404 fideique
798 1352 938 1392 rebus
965 1362 1107 1403 agere
1140 1357 1375 1403 spectare,
1407 1351 1575 1403 quibus
1606 1363 1798 1403 respon—

162 1434 264 1462 sum
285 1423 375 1463 hoc
396 1423 613 1474 praebuit
635 1423 902 1475 Inquisitor:
926 1409 1324 1474 concionatorem,
1349 1434 1483 1475 quem
1509 1423 1608 1474 ipse
1631 1424 1799 1463 consti-

161 1500 330 1546 tuerat,
354 1506 449 1535 non
471 1495 625 1535 minus
647 1495 862 1535 doctrina
880 1506 1021 1546 quam
1037 1494 1349 1535 sanctimonia
1367 1505 1469 1534 esse
1486 1494 1797 1545 praeclarum,

159 1566 357 1616 proinde
379 1578 436 1606 ne
459 1567 536 1606 illa
559 1566 615 1607 de
636 1578 687 1606 re
708 1567 833 1607 ultra
854 1566 1206 1617 contenderent,
1232 1578 1287 1606 ac
1308 1565 1373 1605 ita
1393 1565 1443 1605 P.
1463 1565 1675 1617 Baptista
1693 1577 1798 1605 con-

161 1637 377 1678 cionatus
399 1644 483 1678 est.

242 1708 332 1760 Qui
353 1715 510 1750 autem
530 1709 607 1750 hic
630 1708 947 1750 Salmanticae
968 1716 1159 1749 manent
1177 1739 1183 1757 ,
1218 1719 1379 1748 omnes
1407 1709 1453 1748 in
1475 1708 1641 1760 spiritu
1662 1708 1796 1759 profi-

160 1780 304 1832 ciunt3
328 1786 492 1821 mutuo
513 1793 563 1821 se
585 1792 747 1821 omnes
765 1793 821 1821 ac
837 1780 1045 1820 maximo
1063 1785 1412 1831 prosequuntur
1431 1791 1613 1830 amore,
1638 1791 1799 1819 omnes

158 1852 376 1904 proprias
398 1863 509 1892 suas
536 1853 805 1893 voluntates
837 1863 893 1891 ac
921 1851 1172 1903 appetitus,
1202 1863 1297 1891 non
1319 1851 1469 1891 solum
1492 1851 1615 1891 intra
1646 1850 1797 1891 dome-

158 1923 302 1964 sticos
336 1924 563 1976 parietes,
600 1935 766 1964 verum
800 1929 844 1963 et
879 1923 1107 1972 exterius,
1141 1922 1179 1962 si
1208 1934 1292 1974 per
1321 1922 1510 1962 Patrem
1542 1922 1798 1962 Doctorem

157 1995 339 2047 liceret,
376 1995 627 2036 retundere
663 1995 944 2046 omninoque
981 1995 1257 2046 extinguere
1287 1999 1540 2034 conantur:
1578 1994 1624 2033 in
1658 1994 1799 2033 rebus

157 2067 373 2107 omnibus
407 2078 639 2108 summam
679 2068 867 2119 assequi
909 2067 1251 2117 obedientiam,
1291 2066 1487 2117 quisque
1527 2065 1703 2115 corrigi
1742 2077 1797 2105 ac

156 2150 265 2179 suos
286 2139 328 2179 ei
349 2139 543 2179 enodari
565 2138 773 2179 defectus
794 2138 999 2178 maxime
1021 2137 1170 2190 cupit,
1196 2143 1245 2177 ut
1267 2137 1314 2177 in
1335 2137 1500 2177 melius
1522 2142 1676 2176 vertat
1704 2148 1794 2176 mo-

154 2222 252 2262 res3
289 2210 542 2262 unicuique
579 2211 831 2261 orationis,
860 2210 1001 2250 studii
1030 2208 1491 2261 disputationumque
1515 2208 1797 2248 constitutae

156 2288 263 2322 sunt
292 2283 464 2333 horae,
495 2282 690 2334 quisque
711 2281 910 2332 singulis
940 2280 1215 2332 septimanis
1244 2279 1571 2320 conclusiones
1600 2278 1796 2319 sustinet

156 2359 200 2394 et
228 2359 394 2394 contra
428 2365 534 2394 eum
561 2354 728 2405 reliqui
757 2365 919 2393 omnes
955 2357 1358 2403 argumentantur.
1393 2350 1562 2391 Cuncti
1593 2350 1794 2390 orationi

155 2431 262 2465 sunt
283 2424 581 2465 deditissimi:
604 2436 788 2464 summo
818 2436 955 2464 mane
978 2423 1257 2475 congregati
1279 2434 1440 2462 omnes
1471 2422 1610 2461 simul
1639 2426 1791 2461 orant.

154 2496 294 2537 Pater
315 2495 496 2536 Doctor
517 2496 636 2536 hora
657 2501 826 2547 quarta
848 2496 1000 2546 surgit
1020 2495 1284 2546 fratresque
1311 2494 1429 2534 hora
1460 2493 1634 2533 excitat
1666 2492 1794 2543 quin—

151 2575 220 2619 ta,
260 2578 515 2619 omnesque
550 2567 598 2607 in
633 2567 859 2607 sacellum
893 2579 942 2607 se
979 2566 1247 2616 conferunt,
1286 2565 1363 2606 ubi
1402 2575 1548 2616 usque
1590 2562 1649 2603 ad
1690 2574 1792 2603 sex-

152 2646 249 2680 tam
276 2640 323 2680 in
345 2639 557 2680 oratione
586 2644 798 2679 manent:
832 2643 967 2678 sexta
994 2643 1152 2677 autem
1176 2636 1273 2688 jam
1303 2635 1485 2686 audita,
1521 2634 1792 2676 scholastici

153 2711 457 2763 egrediuntur
497 2710 724 2751 lectiones
764 2709 997 2760 audituri,
1039 2708 1214 2749 caeteri
1248 2719 1364 2748 Vero
1393 2707 1623 2759 imperata
1660 2717 1791 2757 prae-

153 2788 295 2824 stant.

233 2854 429 2894 Praeter
463 2854 604 2904 haec,
643 2853 734 2893 duo
770 2859 877 2892 sunt
912 2851 1116 2903 quotidie
1157 2850 1405 2902 examina3
1447 2849 1648 2900 primum
1686 2854 1794 2888 ante

153 2925 425 2976 prandium,
450 2924 710 2965 secundum
731 2935 846 2964 vero
868 2924 1008 2975 paulo
1031 2928 1283 2973 antequam
1300 2921 1483 2961 cubent.
