2074 3179
218 107 269 144 28
736 105 963 143 LITTERAE
991 116 1187 149 QUADRm
1198 113 1355 142 ESTRES

998 520 1081 573 iv

290 760 338 797 P.
359 758 518 796 Daniel
538 757 831 805 Paeybroeck

339 824 460 862 Patri
479 823 649 871 ignatio
671 823 724 860 de
743 822 928 870 Loona,

386 889 600 935 Lovanio‚
624 888 667 925 17
687 887 837 925 Martii
858 887 949 925 1547
971 887 994 924 ¹.

380 1079 486 1114 Copia
508 1080 547 1106 de
568 1087 635 1106 una
656 1082 753 1106 carta
776 1079 814 1105 de
839 1077 987 1105 Flandes
1009 1085 1096 1111 para
1118 1081 1255 1104 nuestro
1280 1076 1385 1103 Santo
1407 1074 1516 1102 padre
1536 1073 1716 1108 Ignacio÷.

309 1490 478 1532 Gratia
498 1490 691 1531 Domini
719 1491 868 1531 nostri
895 1488 1201 1543 jesu-Christi
1230 1488 1288 1528 sit
1312 1496 1495 1538 semper
1523 1495 1628 1524 cum
1656 1483 1869 1523 omnibus

228 1563 379 1603 nobis,
404 1561 571 1603 Amen.

307 1633 513 1674 Litterae
541 1646 600 1674 ex
622 1633 756 1685 jussu
790 1632 1096 1673 Paternitatis
1123 1637 1312 1672 vestrae
1347 1631 1407 1671 ad
1434 1642 1519 1671 nos
1547 1630 1674 1671 circa
1700 1627 1870 1683 festum

226 1704 613 1747 Circumcisionis
648 1705 838 1745 Domini
864 1704 1090 1756 scriptae,
1123 1703 1263 1744 Pater
1292 1703 1356 1743 mi
1387 1702 1434 1742 in
1468 1701 1655 1743 Christo
1687 1708 1871 1749 semper

228 1776 546 1827 observande,
571 1776 761 1817 tandem
777 1775 960 1816 decima
977 1775 1116 1815 tertia
1132 1774 1292 1815 Martii
1309 1773 1368 1814 ad
1390 1785 1497 1824 nos,
1525 1771 1661 1812 avide
1684 1769 1873 1810 easdem

227 1854 572 1900 exspectantes,
592 1853 927 1899 pervenerunt3
953 1847 1001 1886 in
1022 1846 1188 1898 quibus
1210 1845 1323 1885 mihi
1339 1856 1420 1884 eas
1436 1843 1610 1895 legenti
1627 1842 1776 1894 primo
1799 1851 1871 1880 oc·

225 1920 387 1971 currit,
411 1920 458 1959 in
481 1919 674 1960 Octobri
695 1918 895 1959 Romam
916 1918 1094 1958 intrare
1117 1928 1218 1957 esse
1241 1927 1542 1956 concessum:
1572 1913 1696 1966 quod
1717 1912 1872 1952 animo

226 2002 330 2032 meo
350 2003 446 2031 non
468 1990 617 2043 potuit
636 2002 730 2031 non
747 2001 850 2030 esse
869 1988 1265 2041 acceptissimum;
1285 1986 1407 2027 unde
1423 1985 1536 2026 illud
1551 1984 1775 2037 perficere
1793 1994 1868 2022 an-

226 2068 351 2103 mtar
373 2062 549 2113 sedulo,
574 2062 683 2102 hinc
705 2067 785 2102 aut
806 2061 855 2101 in
876 2060 1106 2112 principio
1129 2059 1335 2110 Augusti
1355 2064 1435 2098 aut
1463 2057 1600 2098 citius
1627 2054 1868 2104 recedenS,

228 2140 326 2174 tum
347 2122 455 2185 quia
477 2133 588 2174 illud
609 2139 795 2185 tempus
815 2130 1189 2184 peregrinationi
1206 2130 1325 2170 inter
1343 2128 1489 2181 Alpes
1506 2133 1575 2168 est
1592 2124 1870 2167 commodis—

227 2205 411 2257 simum,
435 2210 533 2245 tum
555 2205 711 2255 etiam,
736 2204 845 2255 quia
866 2203 983 2243 bene
1011 2202 1228 2243 existimo
1259 2201 1348 2241 hoc
1381 2197 1658 2240 Paternitati
1683 2202 1871 2238 vestrae

228 2282 476 2328 acceptum
496 2276 610 2327 fore,
634 2276 675 2316 si
694 2275 866 2316 fratres
888 2275 1017 2315 circa
1037 2274 1125 2314 iter
1154 2284 1310 2313 meum
1338 2275 1685 2312 commorantes
1712 2267 1870 2308 visita-

229 2359 358 2399 vero,
383 2348 650 2399 eisdemque
672 2346 834 2387 diebus
856 2346 1032 2398 aliquot
1058 2344 1290 2385 rationem
1317 2342 1523 2383 omnium
1548 2340 1648 2381 Pat.
1680 2338 1738 2380 V.
1771 2338 1871 2379 red-

229 2419 425 2469 diturus,
451 2419 660 2460 adfuero.
684 2419 877 2459 Interim
897 2424 1055 2458 tamen
1078 2416 1149 2467 (ut
1171 2415 1367 2456 consilio
1389 2414 1589 2454 fratrum
1616 2410 1772 2462 coepi)
1795 2409 1869 2449 hic

230 2491 496 2542 theologiae
518 2502 711 2542 operam
733 2489 870 2530 dabo.

311 2561 444 2613 Quod
466 2568 622 2602 autem
643 2560 703 2602 ad
723 2561 924 2601 fratrum
945 2560 1110 2600 attinet
1131 2557 1544 2604 cohabitationem,
1569 2554 1688 2594 sciat
1717 2552 1771 2593 R.
1806 2551 1864 2592 V.

286 2747 296 2766 ¹
337 2745 501 2773 Historia
528 2747 645 2778 varia,
671 2746 727 2773 sol.
758 2743 981 2772 111.-Danie1
1007 2742 1247 2779 Paeybroeck,
1276 2743 1317 2768 ne
1341 2742 1360 2768 a
1385 2738 1573 2767 Termonde
1598 2744 1678 2765 vers
1701 2735 1768 2764 l'an
1792 2735 1870 2769 1518,

231 2793 341 2821 admis
357 2794 376 2820 a
390 2793 547 2820 Louvain
563 2801 603 2820 en
622 2793 697 2825 1513,
715 2796 804 2820 mort
823 2793 843 2819 a
858 2791 1014 2819 Palerme
1029 2790 1060 2817 le
1074 2790 1110 2817 25
1124 2789 1303 2817 decembre
1330 2787 1408 2822 1558;
1433 2788 1456 2814 il
1480 2787 1530 2814 fut
1555 2788 1690 2813 recteur
1715 2784 1755 2811 de
1781 2782 1872 2810 Mon-

232 2841 324 2868 reale
340 2839 478 2873 (Sicile).
496 2840 531 2866 P.
547 2840 585 2867 L.
600 2840 792 2873 DELPLACE,
810 2838 1123 2866 L’e‘tablissement
1148 2837 1191 2864 de
1214 2836 1250 2863 la
1276 2834 1488 2870 Compagm'e
1511 2833 1554 2861 de
1577 2832 1686 2868 jesus
1709 2831 1800 2858 dans
1820 2829 1872 2857 les

232 2887 430 2922 Pays-Bas,
445 2888 642 2922 Appendice
656 2909 661 2921 ,
677 2887 868 2914 Document
884 2886 909 2914 Ι.

288 2937 302 2955 ²
341 2935 392 2963 lta
408 2937 440 2963 in
455 2936 622 2970 superiori
637 2935 792 2969 margine
808 2934 844 2962 P.
862 2934 1129 2968 Christophorus
1145 2933 1184 2960 de
1201 2932 1333 2960 Castro.
1393 2947 1398 2952 -
