2074 3179
210 160 282 197 370
727 163 954 199 LITTERAE
982 174 1340 204 QUADRIMEsTREs

291 258 346 298 R.
369 259 417 299 P.
442 258 664 299 Nicolaus
686 258 964 310 Goudanus,
990 271 1081 311 quo
1102 266 1311 312 tempore
1331 269 1437 302 sunt
1459 263 1537 303 alii
1556 263 1711 304 feriati
1733 277 1759 304 a
1787 266 1845 304 le—

211 331 444 371 ctionibus
473 330 693 382 publicis,
725 341 964 381 nunquam
993 342 1021 370 a
1047 331 1306 382 profitendo
1335 334 1566 384 cessavit,
1599 347 1656 375 ne
1685 335 1846 375 diebus

209 402 397 452 quidem
435 401 794 455 canicularibus.
831 401 1130 442 Auditorium
1168 403 1301 443 nobis
1339 403 1478 455 duplo
1516 404 1667 456 majus
1705 418 1845 458 quam

210 474 340 525 prius
374 474 618 523 contingit.
662 472 735 512 De
769 473 846 512 illo
881 474 1125 524 praeclare
1152 473 1338 525 quidem
1361 474 1571 527 judicant
1599 489 1760 518 omnes
1802 485 1845 519 et

211 545 384 585 utiliter
406 545 612 595 audiunt,
636 545 913 595 praesertim
936 556 1077 596 quum
1099 558 1158 585 ex
1179 557 1307 586 more
1329 558 1412 586 suo
1434 547 1501 587 sic
1527 548 1720 588 Aethica
1742 549 1843 589 Ari-

209 615 423 657 stotelis¹
459 615 748 667 profiteatur,
781 621 830 655 ut
864 616 1048 656 versari
1082 623 1240 657 tamen
1273 617 1320 657 in
1354 618 1502 658 sacris
1536 619 1764 660 videatur.
1795 621 1843 661 In

210 688 432 729 convictu
452 687 673 727 familiari
694 687 890 727 multum
911 687 1062 728 effecit
1084 689 1207 740 apud
1225 689 1501 740 Germanos,
1521 691 1845 743 permovitque

208 772 302 799 non
322 770 498 811 paucos
520 771 596 807 eo,
627 764 677 798 ut
707 758 1117 810 (quemadmodum
1137 766 1275 800 antea
1297 761 1450 801 visum
1470 773 1563 801 non
1583 762 1668 812 est)
1690 762 1844 813 singu-

207 832 264 871 lis
285 843 402 883 pene
423 830 554 870 festis
576 830 737 870 diebus
759 830 818 870 ad
835 830 1177 871 confessionem
1198 838 1242 871 et
1264 833 1639 873 communionem
1660 845 1846 874 sacram

208 902 508 943 accesserint.
541 901 659 942 Tum
680 901 909 942 homeliae
930 902 1041 953 (sic)
1071 903 1302 954 quaedam
1323 904 1485 944 haberi
1506 911 1699 956 coeptae
1719 935 1726 954 ,
1751 906 1847 957 qui-

206 975 292 1015 bus
315 974 454 1015 iidem
476 973 687 1024 studiosi,
709 985 825 1025 quos
847 975 1000 1025 magis
1021 974 1276 1015 familiares
1293 975 1533 1026 habemus,
1554 976 1678 1016 domi
1698 977 1846 1016 nostri

207 1046 314 1096 (sic)
355 1051 630 1085 exercerent
657 1056 760 1085 sese
798 1051 843 1085 et
870 1046 930 1086 ad
961 1046 1184 1097 pietatem
1217 1046 1442 1098 paulatim
1477 1048 1669 1099 propius
1705 1047 1845 1088 addu-

206 1123 438 1157 cerentur.

284 1188 434 1240 Saepe
469 1189 692 1229 lectiones
727 1189 869 1229 etiam
902 1190 1117 1241 privatas
1152 1189 1448 1231 adhibuimus
1482 1202 1574 1242 quo
1610 1191 1845 1232 efficacius

205 1273 286 1301 eos
308 1261 611 1301 conciliemus
632 1260 780 1311 nobiS,
805 1266 849 1300 et
871 1261 918 1301 in
939 1261 1028 1301 hoc
1049 1262 1171 1302 bono
1194 1262 1405 1302 instituto
1427 1263 1580 1313 magis
1601 1263 1843 1315 magisque

204 1334 251 1373 in
273 1333 372 1373 dies
403 1332 750 1372 confirmentur.
785 1332 1037 1384 Duplicata
1067 1339 1193 1373 certe
1219 1345 1344 1374 nunc
1371 1334 1459 1374 Dei
1479 1346 1700 1384 munera,
1726 1347 1844 1386 quae

202 1404 376 1444 nostris
398 1404 445 1444 in
472 1404 688 1444 manibus
715 1403 868 1444 adhuc
897 1411 1133 1455 crescunt,
1164 1405 1404 1446 videntur:
1441 1417 1590 1456 neque
1617 1406 1845 1446 minorem

202 1476 337 1516 nobis
376 1475 748 1515 consolationem
787 1487 928 1527 quam
968 1475 1327 1517 admirationem
1372 1477 1476 1517 aliis
1522 1477 1698 1527 adfert,
1747 1477 1846 1517 sine

203 1548 436 1599 exemplo,
462 1553 506 1587 et
525 1547 616 1587 hoc
638 1548 762 1597 loco,
787 1548 904 1587 tales
927 1553 971 1587 et
993 1553 1089 1588 tam
1110 1548 1280 1588 multos
1302 1560 1425 1599 esse,
1450 1549 1527 1600 qui
1549 1549 1755 1600 quotidie
1787 1548 1847 1588 ad

202 1631 340 1659 sacra
375 1619 515 1659 modo
545 1619 759 1669 veniant,
792 1620 871 1670 qui
898 1631 984 1659 nos
1013 1619 1100 1659 sibi
1130 1625 1288 1671 patres
1316 1620 1649 1672 ministrosque
1685 1621 1847 1660 altaris

203 1696 475 1742 exposcant.
510 1691 597 1731 Vir
625 1691 776 1731 bonus
806 1702 911 1731 cum
943 1691 1001 1730 ad
1037 1702 1123 1731 nos
1151 1691 1391 1743 profectus
1419 1698 1565 1742 esset,
1603 1692 1848 1743 egregium

202 1762 347 1803 filium
371 1763 535 1803 obtulit
556 1769 600 1802 et
622 1763 669 1802 in
690 1769 924 1814 potestate
945 1768 1107 1803 nostra
1135 1775 1325 1803 manere
1351 1762 1508 1814 jussit,
1540 1763 1723 1803 etiamsi
1756 1764 1847 1803 alio

202 1834 564 1874 discederemus.
602 1833 764 1885 Neque
799 1846 967 1885 parum
1004 1835 1245 1887 hucusque
1274 1834 1470 1886 profecit
1497 1846 1632 1886 puer,
1669 1835 1726 1875 de
1756 1846 1846 1886 quo

201 1906 318 1946 bene
340 1917 585 1957 speramus
606 1905 707 1945 fore
729 1911 778 1945 ut
800 1917 905 1945 cum
928 1906 975 1945 in
996 1906 1184 1957 litteris,
1208 1911 1307 1946 tum
1335 1906 1382 1946 in
1408 1906 1576 1957 spiritu
1603 1911 1844 1957 exspecta-

201 1977 315 2017 tioni
331 1983 522 2018 nostrae
540 1977 838 2028 respondeat.
859 1976 976 2018 Sunt
994 1977 1071 2017 alii
1091 1977 1414 2018 adolescentes
1431 1977 1537 2028 duo,
1557 1983 1602 2017 et
1622 1977 1713 2028 ipsi
1735 1976 1844 2017 Ger-

201 2049 341 2099 mani,
366 2055 618 2100 utcumque
639 2048 817 2088 versati
838 2048 885 2088 in
905 2048 1087 2099 litteris,
1112 2060 1236 2088 nunc
1257 2049 1395 2100 plane
1416 2049 1588 2097 nostri,
1614 2049 1660 2088 in
1681 2048 1847 2100 quibus

203 2119 401 2171 digitum
422 2120 511 2160 Dei
532 2120 772 2171 suspicere
794 2120 1008 2170 cogimur
1029 2119 1058 2160 ².
1084 2119 1231 2172 Ajunt
1252 2132 1301 2160 se
1323 2119 1509 2160 Christo
1531 2120 1699 2160 debere
1727 2131 1847 2160 sum-

203 2203 304 2231 mas
326 2192 508 2242 gratias
535 2192 645 2242 quia
665 2191 803 2242 primi
824 2191 921 2231 fere
952 2191 1111 2231 vocati
1132 2190 1304 2231 fuerint
1325 2203 1349 2231 e
1371 2191 1621 2232 Germanis
1643 2191 1702 2231 ad
1722 2191 1843 2231 hanc

203 2262 313 2314 Jesu
346 2261 653 2313 Societatem,
691 2262 805 2302 nihil
841 2274 890 2302 se
922 2262 1136 2303 dubitare
1171 2262 1283 2314 quin
1317 2263 1648 2314 subsequuturi
1683 2262 1775 2302 sint
1806 2268 1847 2301 et

206 2333 301 2384 alii,
333 2345 451 2384 quos
480 2334 539 2374 ad
572 2333 660 2373 hoc
696 2334 848 2385 ipsum
880 2333 1054 2374 Christi
1086 2332 1250 2385 jugum
1282 2334 1631 2385 suscipiendum
1658 2333 1848 2385 cupiunt

204 2404 499 2456 pertrahere,
529 2411 578 2444 ut
605 2410 649 2444 et
684 2405 773 2456 ipsi
803 2411 901 2445 tam
936 2405 1098 2445 suavis
1132 2405 1323 2456 spiritus
1357 2405 1590 2457 primitias
1611 2404 1843 2444 hauriant.

264 2617 271 2636 ¹
315 2615 520 2642 Aristotelis
533 2614 663 2642 addidit
680 2613 856 2641 Polancus.

261 2664 274 2683 “2
313 2662 439 2690 Nullibi
456 2669 619 2696 expressa
635 2661 771 2688 nomina
785 2661 975 2695 reperimus
990 2661 1121 2695 horum,
1147 2662 1202 2697 qui
1226 2670 1243 2689 e
1270 2662 1451 2690 Germanis
1473 2662 1572 2696 primi
1594 2662 1627 2689 in
1643 2661 1849 2689 Societatem

210 2711 410 2745 Ingolstadii
426 2709 565 2737 admissi
580 2712 669 2736 sunt.
686 2708 854 2736 Polancus
870 2708 933 2736 hoc
949 2709 1022 2736 loco
1034 2710 1142 2736 verba
1157 2709 1284 2737 Canisii
1298 2714 1433 2737 tantum
1444 2709 1577 2744 repetit.
1590 2709 1756 2743 Agricola
1768 2716 1851 2736 vero

212 2759 272 2786 ait:
289 2758 463 2785 “Excitati
478 2764 561 2784 vero
577 2760 655 2784 sunt
670 2756 868 2784 scholastici
884 2763 950 2783 non
964 2757 1073 2784 minus
1085 2757 1128 2784 ad
1142 2756 1282 2784 virtutis
1295 2764 1395 2792 quam
1410 2757 1610 2784 eruditionis
1624 2757 1764 2784 cultum:
1781 2761 1851 2784 tres

209 2814 250 2832 ex
266 2806 342 2840 illis,
360 2805 541 2833 sanctioris
554 2804 648 2832 vitae
660 2811 787 2837 amore,
804 2804 836 2830 in
850 2802 1059 2831 Societatem
1074 2804 1187 2839 adlegi
1202 2805 1372 2839 petierunt
1389 2804 1530 2835 fervide,
1545 2804 1850 2839 impetra1·untque;

209 2854 305 2888 quus
321 2853 526 2889 tyrocinium
542 2856 578 2880 ut
594 2851 758 2886 subirent,
773 2850 944 2879 Viennam
967 2855 1045 2879 sunt
1070 2851 1172 2886 missi,
1200 2851 1400 2887 exceptique
1422 2860 1441 2879 a
1468 2851 1571 2879 Patre
1593 2852 1682 2887 Jaj0‚
1707 2853 1763 2886 qui
1781 2853 1852 2887 jam

211 2902 300 2934 illuc,
327 2900 429 2928 finitis
455 2901 635 2934 Augustae
659 2898 818 2933 comitiis,
842 2902 1092 2934 praecesserat,
1118 2896 1351 2934 peramanter:
1375 2899 1470 2927 Unus
1495 2900 1584 2927 inter
1607 2900 1683 2928 illos
1705 2900 1852 2933 joannes

214 2948 355 2984 Byrsius
369 2952 499 2982 e1·at...„
514 2947 697 2975 Historiae
714 2947 926 2974 Provinciae
943 2947 1131 2974 societatis
1143 2947 1231 2982 Jesu
1254 2948 1290 2974 in
1314 2947 1508 2975 Germania
1529 2949 1726 2982 superiore,
1740 2948 1852 2975 Decas

214 2996 376 3030 secunda,
393 2994 528 3030 MDLI.,
544 3003 575 3022 n.
591 2996 618 3023 6.
