2074 3179
281 161 351 197 710
796 158 1022 196 LlTTERAE
1049 167 1407 201 QUADfflMEsrREs

1034 611 1187 665 CLX

354 841 402 880 P.
423 842 619 888 Joannes
638 839 838 888 Baptista
859 840 989 878 Viola

402 906 450 944 P.
472 906 643 954 Ignatio
669 905 723 943 de
749 905 933 953 Loyola.

453 971 650 1018 Parisiis,
675 971 719 1009 15
735 971 840 1018 Julii
863 971 954 1008 1552
973 971 998 1008 ¹.

1089 1111 1120 1132 J„

1100 1134 1108 1163 i

364 1258 531 1298 Gratia
552 1263 595 1298 et
616 1269 711 1309 pax
730 1256 921 1296 Domini
941 1255 1102 1296 Nostri
1122 1256 1234 1309 Jesu
1250 1255 1422 1296 Christi
1440 1256 1499 1296 sit
1515 1267 1621 1296 cum
1638 1255 1805 1307 spiritu
1823 1261 1930 1296 tuox

282 1329 449 1369 Amen.

362 1401 492 1452 Quae
530 1401 619 1441 hoc
658 1400 989 1452 quadrimestri
1023 1399 1278 1450 praeterito
1312 1400 1437 1451 apud
1469 1410 1579 1449 nos,
1612 1397 1665 1438 R.
1699 1398 1746 1438 in
1777 1397 1928 1441 Chro..

282 1473 350 1523 R,
374 1472 672 1524 contigerint,
696 1484 752 1512 ea
772 1484 924 1524 pauca
942 1477 1063 1522 sunt;
1082 1471 1305 1523 quoniam
1321 1470 1422 1510 fieri
1438 1481 1533 1510 non
1550 1470 1700 1522 potuit
1716 1476 1779 1520 ut,
1798 1469 1846 1509 in
1862 1470 1921 1509 le-

281 1545 406 1584 ctulo
429 1543 731 1594 decumbens,
758 1542 933 1594 aliquid
953 1554 1135 1593 eorum,
1161 1554 1280 1594 quae
1303 1542 1361 1582 ad
1389 1541 1763 1581 aedificationem
1785 1540 1922 1592 perti-

280 1622 410 1667 nent,
437 1614 656 1667 expedire
677 1615 924 1666 potuerim.
1724 1618 1730 1625 ’

362 1687 598 1738 Quantum
629 1686 687 1726 ad
718 1685 1038 1726 confessiones
1065 1685 1250 1737 quidem
1278 1685 1467 1733 attinet,
1503 1684 1614 1724 dum
1639 1684 1791 1735 potui,
1829 1695 1923 1722 non

279 1757 417 1798 defui.
441 1757 493 1798 In
514 1757 631 1798 festo
653 1757 969 1804 Pentecostes,
994 1762 1098 1808 post
1119 1762 1467 1796 sacramentum
1489 1754 1803 1807 poenitentiae
1825 1765 1925 1794 sus-

279 1835 486 1882 ceptum,
534 1829 704 1880 viginti
749 1828 839 1869 duo
882 1827 1079 1879 juvenes
1125 1827 1606 1867 communicaverunt.
1653 1825 1780 1865 Bella
1821 1826 1923 1877 ipsa

278 1901 449 1941 multos
475 1900 583 1940 hine
613 1906 891 1940 amoverunt
922 1912 979 1939 ex
1007 1899 1084 1949 iis,
1115 1899 1191 1950 qui
1218 1898 1414 1949 singulis
1444 1898 1576 1938 festis
1607 1896 1926 1937 communica,

277 1973 404 2012 bant.
429 1971 625 2022 Verum,
651 1971 873 2023 quoniam
890 1982 1051 2010 eorum
1068 1970 1275 2022 plerique
1296 1969 1560 2010 Lovanium
1580 1968 1781 2020 profecti
1799 1974 1922 2018 sunt,

279 2035 482 2083 arbitror
514 2042 639 2095 apud
667 2041 840 2083 fratres
873 2048 1060 2082 nostros
1095 2041 1267 2082 ibidem
1301 2052 1356 2081 ea
1391 2045 1656 2092 praestare,
1695 2050 1814 2090 quae
1848 2038 1925 2078 hie

277 2121 521 2166 praestare
543 2119 904 2154 consueverunt.
929 2112 1032 2153 Non
1053 2112 1220 2152 desunt
1242 2112 1322 2164 qui
1342 2112 1402 2152 ad
1422 2110 1764 2151 confessionem
1785 2115 1831 2149 et
1853 2121 1922 2149 sa-

280 2198 412 2226 cram
434 2185 655 2237 synaxim
677 2185 875 2236 singulis
897 2185 1059 2225 diebus
1079 2184 1210 2224 festis
1232 2183 1478 2223 accedunt.

339 2295 343 2300 ,
361 2257 478 2297 Tres
498 2256 671 2300 fratres
687 2262 925 2308 postremo
942 2255 1141 2295 Romam
1157 2254 1366 2295 misimus
1383 2287 1390 2305 ,
1411 2259 1518 2293 ante
1535 2264 1734 2305 quorum
1752 2252 1922 2296 adven-

281 2335 379 2369 tum
396 2327 494 2380 jam
515 2327 721 2380 quinque
743 2327 860 2367 alios
881 2338 1019 2378 spero
1036 2325 1334 2367 adventasse.

361 2400 544 2440 Interea
568 2399 679 2440 dum
700 2410 782 2450 per
805 2398 1054 2438 sanitatem
1075 2398 1228 2448 licuit,
1252 2402 1473 2447 aegrotos
1496 2395 1705 2445 visimus,
1730 2394 1927 2434 nonnul-

281 2472 351 2511 las
381 2472 605 2511 honestas
632 2476 874 2510 matronas
908 2469 953 2508 in
990 2468 1284 2509 confessione
1329 2467 1608 2507 audivimus.
1643 2464 1926 2516 Supervenit

283 2543 512 2583 adversae
553 2553 686 2582 meae
724 2539 983 2580 valetudini
1022 2539 1377 2591 intempestivus
1416 2538 1606 2578 morbus
1646 2543 1692 2576 et
1727 2547 1928 2587 sequens

284 2626 410 2654 mors
431 2613 593 2654 fratris
615 2612 785 2663 nostri,
809 2612 1027 2663 Magistri
1048 2610 1205 2651 Caroli
1232 2609 1530 2659 Commelini‚
1554 2608 1630 2659 qui
1652 2618 1738 2647 nos
1768 2607 1846 2647 diu
1868 2607 1927 2645 ab

284 2686 482 2725 aliorum
504 2696 618 2725 cura
639 2683 897 2724 revocavit.
922 2682 1122 2733 Verum,
1146 2688 1195 2722 ut
1216 2688 1348 2733 puto,
1372 2692 1465 2720 non
1486 2690 1654 2731 parum
1683 2677 1929 2718 charitatis

285 2757 369 2796 fuit
391 2756 520 2796 illum
544 2755 660 2796 adeo
683 2766 825 2806 aegre
845 2754 1138 2794 laborantem
1159 2751 1384 2803 adjuvare
1405 2756 1474 2801 ut,
1500 2750 1565 2790 sio
1584 2749 1783 2790 fratrum
1801 2746 1925 2799 adju-

286 2834 360 2867 tus
382 2826 554 2878 officio,
579 2826 730 2877 magis
753 2826 826 2877 pie
848 2831 891 2865 et
913 2825 1086 2876 absque
1114 2822 1410 2864 solicitudine
1439 2821 1509 2861 sui
1538 2821 1749 2872 eorporis
1778 2831 1927 2859 more·

344 2988 352 3007 ¹
394 2989 639 3022 Autographaa
658 2989 796 3015 litterae
814 2989 845 3015 in
861 2988 939 3016 solio
955 2988 1052 3015 unico
1068 2995 1097 3014 n.
1116 2988 1175 3014 123³.
