2074 3179
922 188 1004 224 Ax.
1036 188 1121 224 1551
1769 187 1844 225 305

213 280 311 319 siae
333 286 608 330 suggestum
628 286 866 333 tamquam
888 284 1127 335 proprium
1158 283 1244 323 sibi
1276 282 1556 331 vindicaret,
1586 283 1685 323 fore
1716 297 1838 324 asse-

211 350 420 390 rentibus
440 357 503 401 ut,
528 363 586 391 ex
607 350 704 402 ejus
720 353 1067 404 praedicatione
1084 360 1128 394 et
1145 354 1374 403 doctrina,
1394 364 1567 404 magna
1585 366 1839 405 consequa-

213 427 285 460 tur
307 420 569 461 animarum
596 422 771 463 utilitas
801 429 845 464 et
872 425 1051 475 gloriae
1083 424 1228 464 divini
1252 424 1454 464 nominis
1480 424 1837 474 incrementum,

213 503 410 542 quorum
448 498 612 532 sancto
647 494 745 534 zelo
781 502 823 534 et
859 495 1106 535 devotione
1143 501 1427 539 commotus,
1465 507 1582 534 onus
1616 496 1839 546 suscepit,

213 568 350 614 atque
372 562 520 602 tribus
542 563 702 603 diebus
718 565 977 616 dominicis,
1006 578 1033 606 a
1050 566 1409 606 Resurrectione
1431 565 1636 616 Domini,
1660 566 1839 617 praedi-

214 633 339 673 cavit
360 644 531 684 magna
554 646 660 675 cum
682 635 939 676 eruditione
962 649 1017 676 ac
1039 637 1224 677 fervore
1247 636 1450 688 spiritus.
1475 636 1526 676 In
1547 649 1602 676 ea
1624 637 1839 686 ecclesia,

214 704 522 755 quorumdam
541 706 847 757 probatorum
869 708 1102 748 hominum
1124 708 1336 748 instituta
1354 714 1423 747 est
1440 708 1655 756 societas,
1681 719 1735 747 eo
1752 707 1843 748 fine

213 781 257 814 et
275 775 456 826 intuitu,
481 782 530 815 ut
550 777 730 827 puellae
751 789 807 817 ac
829 778 1038 828 virgines
1060 779 1300 829 orphanae
1319 779 1366 818 in
1386 778 1734 818 matrimonium
1753 780 1844 818 col-

213 846 445 886 locentur:
470 858 560 897 qua
590 852 747 887 erecta
778 860 833 888 ac
862 848 1069 900 firmata,
1095 849 1350 889 Doctorem
1376 855 1589 889 nostrum
1620 849 1683 889 illi
1710 861 1842 900 prae-

212 916 286 956 fici
306 918 575 967 voluerunt,
605 917 669 957 ita
696 924 745 957 ut
765 918 879 958 nihil
902 919 949 959 in
975 931 1030 959 ea
1062 926 1283 970 ageretur
1309 927 1388 960 aut
1417 920 1712 960 ordinaretur
1742 921 1843 960 sine

212 987 407 1037 praevio
430 987 575 1037 ipsius
597 988 806 1039 consilio,
830 1001 921 1040 quo
944 991 1016 1030 vel
1037 990 1102 1030 sic
1126 991 1228 1041 pios
1251 1003 1411 1031 omnes
1429 991 1579 1042 magis
1594 991 1844 1032 incitarent

212 1057 271 1097 ad
306 1057 572 1108 erogandas
608 1059 953 1110 eleemosynas,
991 1061 1167 1112 totique
1202 1063 1371 1113 populo
1399 1063 1579 1113 plenius
1605 1062 1844 1103 satisfacc-

212 1134 337 1179 rent,
361 1140 468 1168 cum
495 1129 553 1169 ad
582 1129 788 1169 omnium
820 1130 998 1170 scilicet
1024 1132 1240 1172 notitiam
1267 1133 1556 1183 pervenisset
1586 1133 1845 1174 Doctorem

212 1199 386 1239 Torres
412 1200 519 1240 huic
548 1200 760 1240 instituto
788 1200 963 1252 favere,
994 1208 1038 1241 et
1066 1202 1179 1242 nihil
1211 1203 1257 1243 in
1284 1215 1340 1242 eo
1363 1204 1560 1254 transigi
1589 1216 1727 1255 posse
1754 1205 1845 1244 nisi

214 1270 359 1321 ipsius
380 1270 655 1322 interposita
677 1272 980 1312 auctoritate:
1003 1273 1158 1324 itaque
1188 1272 1443 1314 Doctorem
1478 1275 1645 1315 obnixe
1672 1282 1843 1326 rogant

213 1348 258 1381 et
293 1342 586 1382 obtestantur
615 1348 665 1382 ut
699 1348 796 1382 tam
830 1343 957 1393 pium
990 1344 1199 1384 laborem
1237 1344 1245 1363 ¹
1282 1345 1436 1385 subire
1471 1358 1564 1386 non
1597 1354 1842 1398 gravetur,

216 1424 415 1464 quorum
437 1419 532 1452 tam
549 1412 672 1464 justo
694 1414 884 1465 cognito
911 1414 1142 1455 desiderio
1164 1415 1192 1462 ⁴²,
1222 1417 1516 1467 provinciam
1542 1419 1745 1470 suscepit
1766 1418 1840 1458 do-

213 1495 299 1524 nec
320 1483 376 1524 de
396 1485 637 1524 voluntate
659 1497 713 1524 ac
734 1485 1025 1537 beneplacito
1046 1486 1347 1527 Paternitatis
1367 1494 1475 1528 tuae
1503 1490 1674 1529 certior
1690 1489 1844 1531 factus

211 1555 372 1606 fuerit,
409 1555 568 1606 sicque
603 1555 841 1596 decretum
870 1563 940 1597 est
970 1563 1034 1608 ut,
1068 1558 1449 1610 quotiescumque
1484 1561 1844 1602 celebrabuntur

215 1626 405 1677 nuptiae
437 1626 669 1666 dictarum
695 1628 976 1678 puellarum,
1009 1628 1107 1679 ipse
1136 1629 1411 1669 concionem
1438 1630 1622 1671 habeat.
1650 1632 1841 1672 Concio-

214 1702 352 1736 natus
373 1702 442 1736 est
463 1697 604 1737 etiam
624 1697 673 1737 P.
697 1697 907 1750 Baptista
929 1699 975 1739 in
997 1699 1087 1739 alia
1109 1701 1327 1750 ecclesia,
1352 1712 1470 1752 quae
1494 1701 1628 1752 juxta
1656 1703 1844 1743 scholas

212 1767 543 1808 Universitatis
564 1769 651 1808 sita
674 1775 764 1819 est,
788 1769 925 1821 idque
945 1781 1119 1821 magno
1148 1783 1254 1811 cum
1280 1771 1467 1812 fervore
1502 1779 1546 1813 et
1576 1774 1838 1823 devotione,

212 1838 271 1878 ad
306 1850 443 1890 quem
468 1839 600 1879 multi
626 1847 964 1880 concurrerunt
990 1846 1087 1881 tam
1117 1842 1246 1882 cives
1274 1854 1414 1893 quam
1449 1844 1708 1895 scholares,
1745 1851 1844 1885 tam

211 1910 433 1961 vulgares
454 1922 509 1949 ac
530 1909 695 1961 plebeji
715 1922 854 1962 quam
878 1912 1057 1952 nobiles
1078 1924 1132 1952 ac
1159 1914 1391 1963 generosi.
1423 1914 1658 1965 Quantum
1687 1922 1843 1957 autem

212 1992 443 2032 quamque
464 1981 654 2021 uberem
671 1981 874 2021 fructum
897 1983 1135 2023 attulerint
1164 1984 1414 2024 conciones
1435 1984 1448 2003 ³
1469 1985 1517 2025 P.
1548 1986 1768 2027 Doctoris
1799 1994 1843 2027 et

212 2052 452 2103 Baptistae
474 2050 502 2101 ⁴²,
527 2052 747 2102 colligere
768 2059 837 2093 est
858 2064 917 2092 ex
936 2054 1230 2094 multitudine
1246 2061 1290 2095 et
1311 2055 1571 2107 frequentia
1592 2063 1689 2097 tum
1710 2059 1842 2098 scho-

211 2122 504 2173 lasticorum,
542 2134 740 2173 quorum
774 2124 907 2163 multi
939 2123 1124 2164 fuerunt
1159 2126 1345 2176 generis
1379 2128 1593 2167 claritate
1621 2128 1840 2179 illustres,

212 2199 309 2232 turn
329 2193 472 2233 etiam
500 2194 698 2233 aliorum
724 2194 965 2234 hominum
991 2195 1068 2246 qui
1100 2196 1187 2235 hac
1217 2197 1579 2249 quadragesima
1607 2199 1732 2240 domi
1763 2213 1842 2241 no-

212 2270 337 2304 strae
359 2264 561 2304 confessi
584 2270 711 2315 sunt,
738 2277 934 2316 quorum
955 2272 1112 2307 tantus
1141 2267 1228 2308 fuit
1256 2279 1514 2309 concursus
1542 2276 1612 2321 ut,
1642 2271 1751 2311 licet
1773 2283 1839 2311 se-

211 2341 336 2386 ptem
373 2341 528 2374 essent
567 2335 837 2376 sacerdotes
877 2337 953 2388 qui
987 2337 1306 2379 confessiones
1344 2339 1583 2391 audirent,
1627 2342 1843 2383 omnibus

209 2412 365 2446 tamen
386 2405 603 2446 satisfieri
623 2406 811 2446 minime
832 2408 1055 2459 potuerit,
1079 2410 1422 2460 praetermissis
1444 2409 1458 2428 ⁵
1479 2411 1620 2451 etiam
1641 2413 1839 2453 mulieri—

209 2477 315 2526 bus,
345 2488 544 2528 quarum
569 2477 881 2528 paucissimae
916 2478 1168 2520 admodum
1202 2481 1435 2521 admissae
1464 2488 1591 2533 sunt,
1623 2490 1667 2523 et
1695 2484 1752 2523 ab
1786 2496 1841 2524 eo

208 2554 418 2600 ternpore
439 2553 506 2587 tot
527 2553 654 2599 sunt,
679 2548 757 2600 qui
785 2549 981 2600 singulis
1013 2550 1175 2591 diebus
1204 2551 1449 2592 dominicis
1481 2554 1762 2595 confitentur
1795 2564 1841 2596 et

211 2619 579 2669 communicant,
622 2625 672 2659 ut
706 2625 904 2670 quatuor
940 2622 1015 2661 vel
1051 2622 1252 2674 quinque
1287 2624 1584 2675 sacerdotes,
1627 2626 1686 2665 ab
1721 2625 1836 2666 hora

269 2753 278 2771 ¹
317 2751 568 2780 Maximilianus
582 2754 779 2788 scripserat:
795 2758 831 2782 ut
847 2756 1080 2790 tamq‘ustum,
1095 2764 1246 2791 aequum
1254 2757 1362 2792 juxta
1378 2766 1418 2785 ac
1432 2759 1523 2793 pium
1538 2761 1658 2787 oneris
1677 2761 1839 2788 laborem.

209 2799 268 2826 sed
283 2799 509 2827 redundantia
525 2802 633 2828 verba
647 2802 784 2829 sustulit
799 2802 977 2831 Polancus.

264 2846 277 2865 ‘2
316 2846 395 2874 Post
405 2848 548 2874 verbum
560 2848 737 2875 desiderio
748 2849 874 2877 delevit
886 2850 1054 2878 Polancus
1066 2852 1161 2879 haec:
1172 2854 1401 2887 petentihuas
1412 2855 1539 2881 annuit
1553 2855 1838 2891 impositamq1te;

264 2894 277 2913 3
313 2894 564 2922 Maximilianus
580 2896 713 2924 dixerat
729 2904 920 2925 sermones

263 2942 277 2962 4
314 2941 349 2968 P.
362 2941 507 2974 joannes
524 2942 680 2976 Baptista
695 2943 857 2972 Sanchez.

264 2988 278 3007 5
315 2988 506 3023 Scripserat
522 2988 773 3019 Maximilianus
789 2993 939 3027 rejectis.

400 3046 449 3085 T.
479 3058 506 3085 1.
1605 3070 1650 3093 20
