2074 3179
857 158 936 194 Ax.
968 157 1059 195 1550
1695 161 1766 198 229

136 253 407 304 vigilantia,
432 254 508 305 qui
530 254 654 293 omni
674 265 765 304 quo
787 261 980 305 possunt
1002 255 1154 295 studio
1182 255 1426 305 increpant
1447 265 1490 295 et
1513 258 1761 308 castigant,

136 335 251 374 quos
286 323 406 364 forte
437 325 726 375 comperiunt
762 325 807 364 in
842 326 996 377 aliquo
1029 325 1299 376 deliquisse3
1330 337 1420 377 quo
1454 325 1501 366 fit
1535 333 1583 366 ut
1611 329 1764 368 nullus

136 394 323 434 omnino
346 407 372 434 a
394 401 525 445 parte
548 396 702 447 aliquo
724 396 840 436 vitio
862 397 1008 447 possit
1029 396 1198 436 notari.

212 465 262 504 In
282 466 370 505 hac
398 466 534 506 domo
562 478 721 506 sumus
746 479 939 508 numero
967 467 1152 507 circiter
1180 466 1291 518 XX,
1316 479 1513 518 quorum
1534 469 1759 519 nonnulli,

128 534 224 585 jam
246 536 477 577 dictorum
499 543 700 588 quatuor
720 539 949 578 mensium
977 538 1230 588 curriculo,
1253 538 1455 578 adversa
1485 539 1761 578 laborarunt

131 607 419 658 valetudine,
445 614 492 648 at
511 620 648 659 nunc,
672 609 772 649 Deo
790 610 1005 661 propitio,
1030 620 1191 649 omnes
1213 608 1271 649 ad
1292 621 1435 649 unum
1457 620 1616 649 sumus
1638 610 1761 649 inco-

132 678 299 728 lumes,
330 691 415 730 pro
445 680 570 720 virili
602 680 766 720 dantes
797 692 986 732 operam
1021 687 1069 720 ut
1103 679 1385 731 quotidianis
1415 681 1763 720 accessionibus

129 748 351 789 scientiae
374 755 510 801 atque
530 751 758 791 virtutum
779 751 972 803 quisque
1001 763 1049 791 se
1074 752 1173 802 ipso
1194 749 1343 802 major
1364 750 1548 791 evadat.
1574 751 1660 791 Die
1682 751 1762 791 do-

128 819 299 860 minico
328 821 374 860 in
402 821 697 872 designatum
725 823 879 862 locum
908 823 1105 873 coimus,
1143 822 1190 862 in
1220 834 1310 874 quo
1340 821 1537 873 juvenes
1570 829 1759 862 nostros

129 889 409 931 domesticos
432 893 603 932 mutuis
630 893 750 933 inter
782 904 830 932 se
858 893 1068 933 exerceri
1098 905 1317 933 curamus
1348 893 1754 944 disputationibus,

130 971 221 1000 uno
261 973 345 1001 sex
384 962 598 1002 diversas
638 964 963 1003 conclusiones
1009 963 1284 1004 defendente
1329 969 1374 1003 et
1420 964 1524 1003 aliis
1568 964 1758 1004 easdem

127 1034 524 1084 oppugnantibus,
555 1035 946 1086 quemadmodum
976 1035 1075 1075 fieri
1095 1037 1214 1076 solet
1245 1036 1292 1076 in
1318 1036 1652 1087 philosophicis
1672 1047 1756 1075 seu

127 1102 404 1154 theologicis
432 1106 873 1146 concertationibus.
906 1105 1054 1146 Porro
1084 1107 1386 1158 epistolarum
1416 1106 1755 1158 componenda-

126 1185 229 1213 rum
262 1176 536 1216 exercitatio
570 1177 687 1216 alios
722 1176 820 1216 dies
854 1177 1173 1217 hebdomadae
1203 1177 1292 1217 sibi
1324 1178 1606 1229 vindicavit,
1643 1184 1754 1218 tunc

127 1246 250 1285 enim
277 1252 321 1286 et
349 1247 437 1298 ipsi
465 1247 688 1298 epistolas
715 1247 924 1287 vicissim
952 1248 1207 1298 parietibus
1231 1248 1424 1298 affigunt
1453 1249 1510 1288 ab
1541 1250 1755 1289 omnibus

126 1316 348 1367 legendas
369 1324 413 1357 et
434 1318 787 1358 examinandas.
811 1317 960 1358 Simili
988 1330 1181 1369 prorsus
1212 1319 1373 1359 ordine
1395 1320 1579 1359 auditas
1599 1320 1755 1360 lectio-

123 1399 206 1427 nes
226 1394 441 1440 repetunt
462 1389 508 1429 in
529 1395 764 1429 conventu
781 1390 1008 1440 omnium,
1034 1401 1091 1429 ex
1119 1401 1209 1441 quo
1231 1402 1344 1430 sane
1364 1402 1457 1430 non
1483 1403 1649 1442 parum
1671 1392 1754 1431 uti-

122 1459 267 1499 litatis
287 1460 564 1511 percipiunt.

202 1530 444 1582 Templum
470 1538 682 1572 nostrum
707 1533 864 1583 plures
892 1533 1029 1572 solito
1060 1532 1380 1584 frequentant,
1411 1534 1625 1584 quamvis
1651 1546 1756 1585 pro—

121 1608 224 1652 pter
246 1602 489 1653 angustias
516 1609 561 1643 et
592 1604 709 1643 alias
732 1615 900 1643 causas
922 1604 1078 1644 multis
1100 1603 1559 1644 incommoditatibus
1579 1611 1750 1656 pateat:

122 1678 165 1712 et
184 1673 341 1724 plures
363 1685 503 1724 quam
524 1674 751 1714 hactenus
772 1675 999 1726 incipiunt
1015 1675 1127 1715 inibi
1150 1675 1360 1715 confiteri
1376 1681 1420 1715 et
1438 1677 1756 1716 communica-

121 1755 185 1790 re,
210 1744 489 1795 quibusdam
510 1746 828 1785 asserentibus
851 1745 1106 1786 credidisse
1127 1757 1176 1786 se
1193 1758 1279 1786 nos
1293 1745 1566 1786 facultatem
1582 1747 1755 1787 habere

122 1815 296 1855 nullam
317 1815 364 1855 in
385 1815 770 1856 administrandis
793 1817 1127 1865 sacramentis,
1152 1829 1317 1857 verum
1338 1824 1486 1857 totam
1509 1818 1756 1869 professio-

122 1898 228 1926 nem
248 1888 541 1928 nostramad
561 1889 710 1928 solum
733 1889 933 1928 docendi
953 1900 1121 1928 munus
1149 1900 1287 1940 posse
1315 1890 1522 1940 extendi;
1547 1884 1638 1941 qua
1660 1891 1755 1942 qui-

123 1957 228 1997 dem
244 1958 491 1998 occasione
510 1959 706 2010 amplius
719 1958 927 2009 animati,
946 1959 1183 2000 dominum
1198 1960 1471 2010 Pro-regem
1487 1961 1752 2012 instantius,

120 2039 214 2068 una
234 2040 340 2068 cum
360 2035 494 2080 patre
514 2036 675 2069 nostro
704 2030 910 2081 LayneZ,
934 2030 1205 2080 urgebimus
1232 2037 1281 2070 ut
1302 2031 1431 2071 locus
1454 2032 1758 2072 concionibus

120 2105 164 2138 et
185 2099 578 2140 administrationi
598 2101 865 2141 huiusmodi
885 2107 1290 2141 sacramentorum
1310 2102 1462 2152 magis
1491 2115 1754 2143 accommo-

120 2170 205 2210 dus
224 2170 358 2210 nobis
380 2171 713 2222 prospiciatur;
742 2183 879 2223 quem
906 2172 982 2212 ubi
1011 2173 1138 2212 nacti
1165 2172 1409 2223 fuerimuS,
1444 2172 1634 2214 dubium
1660 2186 1757 2214 non

120 2247 189 2281 est
225 2241 362 2293 quin,
399 2242 559 2282 divina
594 2242 832 2294 aspirante
865 2243 1040 2293 gratia,
1077 2243 1143 2283 uti
1184 2243 1230 2283 in
1267 2243 1357 2284 hac
1398 2243 1752 2295 Panormitana,

121 2324 261 2364 quam
281 2313 557 2364 excolimus,
592 2314 731 2365 pube,
763 2314 826 2354 ita
857 2321 901 2354 et
930 2314 976 2354 in
1007 2315 1177 2366 populo
1210 2315 1298 2355 isto
1334 2316 1552 2366 copiosus
1573 2316 1757 2356 fructus

122 2390 437 2433 proventurus
467 2385 540 2424 sit.

199 2454 342 2494 Novit
368 2454 651 2496 Reverentia
677 2456 850 2497 Vestra
879 2469 969 2508 quo
997 2464 1159 2509 pacto,
1190 2464 1399 2509 tempore
1421 2458 1531 2498 dicti
1567 2458 1756 2509 quadri-

121 2526 322 2576 mestris,
346 2526 486 2566 Pater
500 2527 690 2578 Laynez
711 2534 899 2568 secutus
916 2529 975 2568 sit
990 2529 1037 2568 in
1054 2528 1347 2580 expeditione
1363 2528 1591 2569 Africana
1608 2528 1754 2569 Suam

120 2596 472 2637 Excellentiam.
491 2598 673 2638 Interea
688 2610 819 2649 verO,
839 2599 895 2639 de
916 2605 1041 2640 statu
1059 2599 1268 2651 ejusdem
1283 2599 1450 2651 Patris,
1472 2606 1571 2640 tum
1587 2601 1757 2640 litteris

123 2668 343 2719 propriis,
385 2674 482 2708 tum
520 2670 773 2710 multorum
812 2677 940 2711 certo
979 2671 1246 2711 testimonio
1285 2671 1373 2711 hoc
1420 2671 1751 2711 intelleximus:

121 2750 261 2789 quam
290 2740 473 2780 abunde
503 2740 633 2781 Deus
669 2740 882 2792 Optimus
912 2742 1146 2782 Maximus
1177 2742 1482 2793 benignitatis
1512 2753 1625 2782 suae
1646 2742 1754 2782 effe-

122 2814 249 2849 ctum
282 2809 624 2851 demonstravit
657 2823 741 2864 per
773 2812 956 2853 fidelem
989 2824 1179 2853 servum
1212 2824 1368 2863 suum;
1401 2812 1498 2864 ejus
1532 2813 1754 2853 nimirum

123 2891 267 2931 opera
287 2887 384 2921 tam
412 2884 660 2924 salubriter
682 2896 821 2936 quam
848 2885 979 2925 varie
1014 2897 1126 2925 usus
1153 2891 1221 2925 est
1252 2885 1298 2925 in
1328 2885 1626 2937 procuranda
1654 2892 1753 2925 tum

125 2963 374 3002 corporum
409 2961 505 2994 tum
535 2956 795 2996 animarum
824 2957 971 2996 salute
1005 2956 1050 2996 in
1083 2956 1159 2996 illo
1194 2968 1278 2996 suo
1313 2957 1545 3004 exercitu3
1581 2956 1755 2996 etenim
