2074 3179
911 223 991 258 Ax.
1026 222 1109 259 1551
1761 220 1835 257 329

202 320 462 370 frequente,
486 318 550 367 gli
571 318 704 358 (11663
726 319 810 358 6116
832 319 1117 369 qualunque,
1142 315 1515 365 confessandosi,
1540 316 1738 356 havesse
1770 324 1834 356 ta-

202 390 326 429 611110
348 389 680 429 scientemente
700 400 761 428 un
782 389 852 428 sol
878 394 1094 439 peccato,
1128 399 1222 427 non
1249 393 1386 437 potea
1414 387 1665 437 conseguir
1696 388 1738 426 la
1769 399 1836 426 re-

204 459 394 499 mission
415 459 522 499 delli
543 459 650 498 altri
670 459 870 510 peccati,
903 459 1006 499 anzi
1033 459 1294 509 bisognava
1322 456 1407 497 che
1437 457 1686 496 reiterasse
1718 463 1838 497 tutta

204 532 247 570 13
269 529 584 579 confessione,
614 541 697 580 per
727 530 768 569 16
797 530 932 581 (111316
959 530 1118 581 parole
1147 529 1235 568 due
1262 528 1308 568 di
1334 528 1427 567 essi
1454 528 1492 567 si
1523 539 1840 567 commossero

203 602 294 641 alla
315 599 608 640 confessione
629 606 673 640 61
693 601 724 640 11
743 601 911 652 giorno
933 606 1154 649 seguente
1176 600 1215 638 si
1243 598 1576 639 confessarono
1609 598 1686 638 dal
1712 599 1840 638 detto

204 672 251 712 P.
277 671 570 712 Galvanello.

286 742 321 782 Il
341 743 448 793 qual
469 742 747 781 similmente
768 741 829 781 ha
850 741 977 781 udito
999 741 1046 781 in
1067 740 1359 781 confessione
1381 739 1514 791 quasi
1541 740 1646 779 tutti
1677 740 1742 790 gli
1770 740 1833 779 in-

204 813 339 852 fermi
359 812 405 852 di
425 813 549 852 detto
571 812 814 864 hospitale,
834 812 955 852 dove
972 813 1141 852 alcuna
1158 812 1289 851 volta
1310 822 1456 851 ancor
1477 811 1519 850 io
1537 822 1652 850 sono
1670 811 1844 850 anclato

207 885 278 924 col
312 883 360 923 P.
398 883 534 923 Mtro.
572 882 808 934 Philippo,
845 882 1028 923 Abbate
1055 882 1114 922 da
1145 881 1344 933 Spoleti,
1382 882 1412 921 il
1448 882 1580 932 qual,
1621 892 1752 921 come
1790 892 1842 920 sa

206 954 264 994 V.
287 954 359 1003 R„
383 955 423 994 si
443 959 467 994 e
487 954 682 994 risoluto
704 965 784 1005 per
805 955 850 994 13
872 953 1182 1005 Compagnia;
1215 960 1259 993 61
1287 965 1374 993 6011
1400 953 1445 992 13
1473 953 1630 1003 gratia
1658 952 1703 992 di
1732 952 1844 1004 Jesu

205 1025 392 1065 Christo
415 1020 552 1076 spero
570 1025 655 1064 che
673 1025 786 1064 detti
808 1024 992 1064 infermi
1012 1024 1144 1064 siano
1162 1024 1392 1064 consolati
1413 1029 1458 1064 et
1480 1023 1732 1063 commossi
1754 1024 1846 1063 alla

205 1095 453 1136 devotione
471 1101 515 1135 et
536 1095 894 1146 proponimento
916 1095 960 1135 di
982 1106 1143 1146 spesso
1162 1094 1445 1135 confessarsi
1468 1100 1512 1134 et
1533 1093 1783 1145 guardarsi
1799 1093 1842 1133 di

206 1166 439 1206 offendere
461 1165 606 1206 Iddio.

287 1236 418 1276 O'ltra
445 1235 491 1275 di
520 1236 591 1276 cio
620 1237 785 1276 alcune
820 1238 947 1276 volte
977 1237 1124 1277 siamo
1153 1236 1313 1276 andati
1341 1236 1400 1276 ad
1428 1236 1533 1275 udir
1560 1235 1845 1275 confessioni

206 1308 346 1348 etiam
366 1307 470 1347 fuor
491 1307 537 1346 di
557 1307 683 1347 detto
704 1308 955 1359 hospitale;
978 1320 1055 1348 ma
1078 1308 1203 1348 detto
1224 1307 1273 1347 Ρ.
1296 1307 1358 1347 Μ.
1383 1307 1575 1347 Andrea
1595 1308 1737 1346 molto
1767 1307 1842 1358 piu

206 1390 341 1429 speso
363 1378 434 1418 ch’
460 1378 524 1427 10;
550 1377 623 1418 (161
645 1377 729 1418 6116
750 1389 894 1429 penso
915 1380 1057 1418 molto
1080 1379 1118 1418 si
1139 1379 1207 1418 sia
1231 1378 1406 1418 servito
1427 1377 1512 1417 Dio
1534 1378 1587 1418 N.
1613 1377 1656 1418 S.
1675 1410 1682 1426 ,
1708 1378 1841 1417 satis—

206 1448 447 1489 facendosi
471 1450 613 1488 molto
644 1448 746 1488 dell'
773 1449 1070 1489 essortationi
1099 1450 1184 1489 che
1212 1450 1303 1488 essi
1333 1448 1515 1488 infermi
1543 1450 1757 1488 haveano
1789 1448 1849 1488 da

207 1520 304 1570 noi,
333 1531 416 1571 per
447 1519 719 1560 confortarli
754 1521 845 1560 alla
880 1520 1105 1571 patientia
1141 1525 1185 1559 et
1220 1525 1470 1571 supportar
1508 1531 1589 1570 per
1625 1531 1757 1559 amor
1793 1520 1851 1560 de

210 1591 394 1631 Christo
415 1592 442 1630 l’
467 1591 767 1631 infermitadi.

289 1661 422 1702 Nella
441 1667 602 1702 nostra
625 1661 794 1702 Chiesa
816 1662 927 1712 ogni
948 1662 1192 1701 domenica
1214 1668 1257 1701 et
1277 1661 1396 1701 festa
1424 1662 1463 1701 si
1492 1662 1849 1701 communicano

212 1732 420 1773 huomini
439 1738 484 1773 et
503 1732 655 1773 donne
676 1733 723 1773 in
743 1733 868 1773 buon
890 1745 1100 1783 numero,
1124 1738 1168 1773 et
1188 1739 1261 1773 tra
1283 1733 1375 1773 essi
1396 1745 1510 1773 sono
1532 1733 1673 1772 etiam
1696 1732 1852 1772 alcuni

212 1804 373 1855 nobili;
397 1815 614 1856 speramo
650 1805 772 1844 nella
808 1804 963 1855 gratia
993 1804 1040 1844 di
1066 1804 1252 1844 Christo
1283 1804 1338 1845 N.
1369 1803 1414 1844 S.
1445 1804 1647 1844 tuttavia
1675 1804 1714 1843 si
1741 1803 1850 1843 hab-

212 1876 350 1915 013110
379 1875 421 1915 d’
447 1881 692 1916 aumentar
719 1877 746 1915 l’
772 1876 1069 1927 occupationi
1097 1876 1349 1927 spirituali,
1380 1875 1710 1926 specialmente
1733 1875 1853 1915 nelle

213 1946 515 1997 confessioni,
539 1947 710 1997 perche
731 1947 770 1987 si
791 1947 907 1987 vede
928 1948 972 1986 la
992 1952 1131 1998 gente
1153 1948 1294 1987 molto
1317 1946 1531 1986 656113151
1553 1958 1580 1986 3
1602 1946 1851 1986 devotione

214 2030 295 2069 per
316 2018 357 2057 le
378 2017 599 2068 prediche
621 2017 694 2058 del
714 2017 762 2057 Ρ.
786 2017 924 2058 Mtro.
948 2017 1140 2058 Andrea
1160 2017 1197 2057 F
1201 2018 1342 2068 rusio,
1378 2018 1408 2057 il
1436 2018 1546 2069 qual
1572 2018 1709 2068 legge
1741 2018 1852 2067 ogni

214 2091 334 2139 lune,
358 2089 608 2128 mercoledi
629 2095 673 2128 et
691 2089 853 2129 veneri
874 2090 899 2128 l'
921 2089 1116 2140 epistola
1137 2089 1199 2128 ad
1220 2089 1466 2128 Romanos
1488 2088 1534 2127 di
1556 2087 1600 2128 S.
1621 2088 1784 2138 Paulo,
1805 2094 1849 2128 et

215 2160 405 2211 predica
422 2159 660 2210 ognifesta
677 2171 703 2198 3
719 2159 845 2199 buon
859 2171 1051 2199 numero
1069 2159 1111 2200 d'
1128 2159 1370 2210 auditorio,
1387 2160 1417 2199 il
1433 2161 1542 2211 qual
1560 2159 1670 2209 ogni
1686 2159 1853 2210 giorno

216 2242 389 2270 cresce.
411 2230 521 2283 Jesu
543 2229 730 2270 Christo
758 2231 824 2281 gli
852 2231 1058 2271 aumenti
1084 2231 1131 2270 in
1159 2231 1322 2282 spirito
1352 2236 1396 2270 et
1426 2231 1591 2271 verita.
1624 2230 1852 2270 Laudano

217 2302 359 2341 molto
379 2301 490 2354 Jesu
511 2301 714 2352 Christo,
740 2313 766 2340 3
787 2302 862 2341 6111
883 2302 921 2341 51
943 2301 1060 2342 deve
1082 2303 1194 2353 ogni
1217 2302 1368 2343 laude.

296 2372 431 2413 Della
452 2373 611 2412 scuola
633 2372 719 2412 che
741 2384 831 2423 (1113
852 2373 1101 2414 0300131110
1131 2374 1432 2425 cominciato,
1467 2386 1554 2414 con
1582 2375 1608 2413 l'
1635 2374 1760 2414 aiuto
1789 2373 1851 2413 di-

220 2444 329 2484 vino
358 2444 397 2484 si
424 2455 561 2494 spera
589 2444 713 2483 assai
740 2443 884 2484 frutto
912 2444 1153 2496 spirituale
1184 2447 1224 2485 si
1251 2444 1358 2485 delli
1385 2445 1613 2495 scholari,
1645 2447 1684 2484 si
1713 2444 1853 2484 etiam

220 2515 327 2554 delli
346 2516 447 2554 loro
469 2514 609 2554 Padri
629 2520 674 2554 et
696 2514 847 2554 Madri
877 2520 920 2554 et
950 2516 1154 2566 parenti3
1187 2516 1359 2567 perche
1387 2516 1542 2556 alcuni
1573 2516 1618 2555 di
1647 2515 1739 2555 essi
1768 2514 1855 2554 fre-

221 2594 456 2637 quentano
478 2585 611 2636 quasi
632 2585 742 2636 ogni
769 2585 1012 2626 domenica
1043 2592 1088 2626 et
1114 2585 1233 2626 festa
1262 2587 1305 2626 13
1333 2586 1625 2627 confessione
1654 2592 1698 2626 et
1732 2597 1853 2625 com-

222 2657 463 2708 munione,
501 2663 546 2696 61
581 2655 731 2696 odono
761 2657 802 2696 le
829 2656 1048 2707 prediche
1077 2664 1120 2697 61
1141 2657 1282 2697 fanno
1313 2658 1453 2698 molte
1481 2658 1555 2708 pie
1585 2668 1724 2708 opere
1752 2663 1796 2696 et
1823 2657 1855 2696 li

223 2728 428 2767 scholari
454 2738 547 2767 una
569 2727 722 2766 0110113
742 2733 875 2778 parte
901 2727 948 2767 di
974 2728 1067 2767 essi
1094 2729 1133 2767 si
1163 2740 1278 2768 sono
1307 2728 1561 2768 confessati
1589 2730 1667 2780 qui
1697 2739 1780 2779 per
1809 2728 1851 2767 13

223 2798 406 2849 Pasqua
427 2804 586 2838 rosata
611 2796 641 2837 ¹:
665 2803 709 2837 et
726 2797 975 2837 havendoli
996 2799 1039 2838 io
1057 2799 1275 2839 essortati
1296 2799 1382 2839 che
1403 2810 1620 2850 vengano
1643 2799 1734 2838 alla
1756 2798 1853 2839 clot—

280 2932 289 2951 ¹
331 2932 468 2959 Pascua
495 2935 627 2965 rosata,
651 2933 774 2959 festum
799 2932 1015 2960 Pentecostes
1040 2935 1120 2965 (6051
1146 2933 1237 2960 detta
1265 2941 1323 2968 per
1339 2934 1435 2961 venir
1451 2935 1504 2961 nel
1528 2939 1640 2968 tempo
1666 2934 1726 2961 che
1751 2942 1809 2961 son
1825 2935 1855 2960 le

226 2987 299 3006 rosc
316 2979 581 3007 —Vocabolario
602 2980 697 3013 degli
711 2980 935 3007 Actademicl'
952 2980 1045 3007 della
1070 2981 1387 3014 (rusca).—Varius
1408 2986 1460 3009 est
1484 2983 1575 3009 circa
1594 2982 1656 3009 hoc
1680 2982 1855 3008 variarum

226 3026 377 3059 gentium
401 3034 490 3061 usus,
515 3028 566 3054 cui
591 3027 646 3061 qui
671 3035 735 3054 non
762 3028 845 3054 bene
874 3028 1041 3061 attendat,
1072 3033 1107 3055 ut
1136 3036 1236 3062 saepe
1261 3029 1330 3063 jam
1356 3030 1487 3063 evenit,
1516 3038 1574 3057 nec
1603 3033 1694 3056 recte
1722 3036 1761 3054 ex
1789 3036 1855 3054 una
