2074 3179
825 175 856 209 A
865 186 886 211 x
932 174 1021 211 1550
1665 174 1735 211 ‘225

110 286 203 314 non
223 273 458 323 indoctus,
490 284 516 312 a
538 270 668 322 cujus
690 271 875 311 nomine
901 271 1126 321 abstineo,
1152 271 1371 321 quoniam
1399 270 1529 310 visus
1557 276 1625 309 est
1654 271 1734 310 Pa-

110 344 169 384 tri
184 344 466 384 Villanovae
487 343 651 382 domus
672 341 860 382 Domini
882 341 1186 382 exstructioni
1206 353 1299 381 non
1321 341 1607 381 adamussim
1628 353 1734 392 qua-

105 415 260 455 drare.
285 414 385 454 Hoc
407 413 528 453 enim
550 413 690 453 velim
712 413 793 453 tibi
813 412 1120 464 persuadeas,
1144 411 1281 451 Pater
1304 412 1500 463 optime,
1533 412 1579 451 in
1603 413 1736 451 colle-

111 496 280 535 garum
301 484 524 524 electione
545 484 778 535 prolixam
799 496 824 523 a
846 483 894 523 P.
919 484 962 524 V
968 484 1171 523 illanova
1188 482 1288 522 fieri
1305 482 1678 533 disquisitionem
1696 490 1739 522 et

112 568 218 596 cum
235 567 408 606 magna
426 555 599 606 ingenii
614 561 657 594 et
676 555 955 595 conditionis
971 554 1197 594 habeatur
1218 554 1354 604 ratio,
1374 553 1463 593 nisi
1480 554 1738 593 constantis

110 627 199 666 sibi
220 627 363 666 animi
385 632 429 666 et
450 626 639 666 sedatae
661 626 829 666 mentis
849 626 928 665 fiat
958 625 1188 674 accessio,
1211 624 1443 664 neminem
1464 624 1554 664 huc
1576 624 1739 674 pedem

112 698 326 737 laturum.
350 696 577 736 Discessit
600 697 742 747 igitur
762 697 1026 737 licentiatus
1048 696 1122 735 ille
1139 707 1232 735 non
1249 696 1348 735 sine
1365 707 1537 746 magno
1556 696 1740 735 animae

112 780 224 808 suae
245 768 556 808 emolumento
578 779 637 807 ex
663 767 1040 807 exercitamentis
1067 772 1308 818 excerpto,
1339 778 1423 806 nec
1453 766 1538 806 fuit
1566 766 1741 806 homini

113 838 419 879 succensendi
441 845 520 878 aut
542 838 818 889 indignandi
839 849 997 888 causa3
1022 838 1137 878 adeo
1160 837 1432 889 compositis
1459 837 1739 877 efficacibus-

114 921 201 961 que
222 910 480 949 rationibus
502 910 613 949 itum
636 916 704 949 est
725 910 789 949 illi
811 910 1011 949 obviam.
1039 908 1168 949 Alios
1190 909 1330 948 etiam
1352 908 1661 948 scholasticos
1684 920 1737 947 ac

112 980 381 1019 sacerdotes
403 992 495 1020 non
517 980 702 1020 admisit
724 980 773 1020 P.
792 979 1060 1030 Villanova,
1088 979 1194 1019 licet
1221 979 1307 1018 sibi
1334 979 1449 1019 satis
1467 979 1661 1018 animati
1677 979 1741 1018 vi-

113 1050 332 1090 derentur
349 1051 407 1090 ad
426 1051 609 1102 quidvis
625 1063 709 1102 pro
726 1051 913 1090 nomine
928 1050 1039 1102 Jesu
1056 1050 1392 1090 sustinendum.
1411 1049 1620 1089 Exerciti
1636 1056 1741 1089 sunt

112 1121 251 1161 etiam
273 1122 344 1161 his
366 1121 526 1161 diebus
543 1122 794 1161 transactis
812 1121 1000 1172 quidam
1017 1120 1134 1172 juris
1151 1121 1328 1171 doctor,
1352 1120 1439 1171 vir,
1459 1126 1646 1171 praeter
1665 1132 1736 1160 ca-

111 1192 331 1232 nonicam
353 1192 625 1232 cathedram
647 1204 786 1243 quam
806 1191 1090 1242 moderatur,
1114 1192 1270 1231 multis
1293 1192 1558 1232 nominibus
1590 1193 1739 1232 colen-

112 1263 213 1312 dus,
238 1263 427 1314 quidam
449 1263 656 1313 theologi
676 1268 720 1302 et
738 1263 1093 1302 concionatores
1109 1274 1203 1302 non
1221 1263 1408 1303 obscuri
1423 1263 1645 1313 nominis,
1666 1263 1742 1314 qui

110 1334 284 1385 partim
311 1345 416 1384 sua,
433 1334 617 1385 “partim
643 1339 804 1373 nostra
832 1334 1129 1374 cunctatione
1157 1334 1231 1373 vel
1258 1333 1417 1385 rejecti
1451 1340 1558 1374 sunt
1591 1335 1667 1374 vel
1696 1334 1741 1373 in

115 1405 405 1445 commodius
427 1410 608 1456 tempus
636 1404 793 1444 dilati:
816 1415 902 1444 nec
931 1410 1000 1444 est
1027 1405 1196 1455 exigua
1224 1404 1366 1444 futuri
1393 1405 1616 1456 temporis
1644 1416 1739 1455 spe—

115 1476 285 1516 ctanda
302 1487 448 1526 merx,
469 1476 690 1527 quoniam
710 1476 972 1516 studiorum
994 1476 1136 1515 instat
1162 1476 1437 1515 exercitatio
1457 1481 1501 1516 et
1523 1476 1738 1527 plurimo-

113 1558 215 1586 rum
237 1547 479 1597 adventus‚
506 1558 621 1598 quos
641 1546 911 1598 propediem
934 1546 1078 1586 affore
1100 1547 1218 1586 inter
1239 1558 1325 1586 nos
1348 1547 1580 1587 convenit.

194 1617 264 1657 Ac
286 1630 343 1657 ne
371 1618 508 1658 modo
537 1617 721 1657 desides
744 1624 823 1658 aut
852 1618 987 1657 otiosi
1009 1629 1111 1657 esse
1134 1618 1459 1669 intempestive
1482 1618 1739 1668 videamur,

116 1694 211 1729 tres
242 1689 370 1728 viros
405 1689 528 1728 domi
556 1689 766 1728 exerceri
793 1689 910 1728 scito
940 1688 1145 1739 cujusvis
1167 1689 1213 1728 in
1242 1689 1502 1728 litterarum
1532 1690 1741 1740 emporio

114 1760 262 1811 pretii.
287 1759 462 1800 Doctor
482 1760 655 1800 Torres
681 1760 704 1810 ¹,
736 1760 814 1811 qui
841 1759 1100 1811 Sigiienzae
1129 1760 1384 1800 canonicus
1417 1766 1486 1800 est
1517 1765 1560 1799 et
1588 1772 1740 1800 sacro>-

115 1836 306 1871 sanctae
328 1830 613 1882 Theologiae
635 1831 887 1871 cathedrae
918 1838 1124 1882 praeest,
1148 1831 1324 1882 primas
1345 1837 1503 1882 partes
1525 1832 1643 1882 agit3
1676 1843 1741 1871 se-

114 1901 291 1942 cundas
315 1902 501 1953 quidam
521 1902 788 1942 licentiatus
816 1901 1064 1952 Martinez‚
1094 1901 1241 1942 frater
1267 1902 1492 1942 licentiati
1517 1901 1743 1942 Martinez

115 1973 400 2013 Caxacensis
421 1973 455 2023 ²,
486 1979 625 2024 atque
652 1973 728 2013 hic
755 1973 895 2013 etiam
925 1972 1187 2012 Vallisoleti
1210 1984 1445 2013 canonum
1470 1972 1744 2013 cathedram

113 2044 397 2084 moderatur.
429 2044 627 2085 Ultimas
657 2050 782 2084 tenet
816 2050 974 2095 partes
1002 2043 1236 2095 parochus
1263 2044 1489 2083 ecclesiae
1519 2044 1683 2084 Gelate
1711 2043 1741 2093 ³,

113 2115 334 2156 sacerdos
350 2127 444 2154 non
458 2115 713 2166 imperitus.
733 2114 793 2154 Hi
810 2121 915 2155 sunt
932 2115 1012 2166 qui
1028 2114 1166 2154 modo
1183 2119 1475 2165 exercentur,
1490 2127 1576 2155 nec
1589 2121 1744 2155 tamen

116 2186 256 2237 (quod
276 2184 540 2236 conjectare
561 2186 681 2235 licet)
695 2186 792 2225 sine
815 2196 988 2236 magna
1000 2185 1211 2236 utilitate,
1231 2186 1507 2237 praesertim
1523 2186 1742 2237 doctoris,

117 2257 194 2308 qui
216 2268 264 2296 se
285 2256 588 2296 libentissime
610 2255 794 2297 videtur
815 2257 934 2296 velle
955 2256 1043 2296 Dei
1062 2256 1291 2296 voluntati
1311 2257 1510 2297 tradere.
1545 2256 1745 2307 Quidam

115 2332 360 2379 praeterea
381 2327 598 2367 doctores
620 2339 679 2367 ex
698 2327 985 2367 nostratibus
1006 2327 1129 2367 idem
1148 2327 1357 2368 facturos
1378 2339 1428 2367 se
1453 2328 1742 2379 praedicant.

118 2398 327 2439 Felicitet
348 2398 476 2438 Deus
499 2399 706 2450 ipsorum
728 2398 977 2449 cogitatus.

195 2469 385 2510 Interim
404 2475 567 2510 nostra
588 2469 882 2520 egrediemur
903 2469 1062 2509 limina
1079 2475 1123 2509 et
1140 2481 1314 2509 novum
1331 2469 1620 2511 Conchensis
1637 2471 1746 2511 civi—

119 2541 230 2581 tatis
251 2551 363 2592 erga
385 2552 470 2580 nos
493 2540 710 2580 affectum
733 2546 1026 2592 mentemque
1053 2540 1381 2581 reserabimus.
1410 2541 1558 2582 Nosse
1584 2547 1628 2582 te
1651 2541 1747 2593 jam

119 2611 289 2652 litteris
306 2611 509 2651 arbitror
525 2611 807 2662 Magistrum
842 2610 1059 2652 Stradam
1092 2610 1245 2662 Aprili
1277 2623 1436 2652 mense
1465 2612 1573 2652 hinc
1600 2613 1748 2664 profe-

177 2747 187 2767 ¹
227 2746 357 2774 Doctor
371 2747 653 2775 Bartholomaeus
665 2747 807 2781 Torres,
824 2747 879 2782 qui
895 2751 1013 2781 postea
1030 2746 1247 2774 Canariensis
1262 2745 1451 2781 Episcopus
1465 2747 1538 2775 suit.

179 2794 192 2813 ‘2
229 2793 315 2821 Erat
331 2794 394 2821 hoc
410 2797 559 2829 tempore
576 2794 745 2828 Compluti
760 2793 975 2821 Licentiatus
990 2793 1139 2821 Didacus
1162 2793 1327 2820 Martinez
1338 2815 1344 2826 ,
1360 2794 1414 2828 qui
1436 2795 1578 2822 multum
1590 2795 1661 2830 Jam
1676 2797 1750 2824 inde

122 2842 164 2867 ab
180 2841 274 2869 initio
290 2841 455 2869 Societati
470 2842 618 2875 faverat3
635 2842 692 2868 sed
707 2849 751 2869 an
765 2841 819 2868 hic
834 2842 889 2869 ille
915 2841 969 2875 sit,
994 2846 1027 2868 et
1042 2848 1102 2868 cur
1124 2840 1331 2868 Caxacensis
1354 2844 1413 2868 aut
1438 2841 1525 2869 forte
1550 2842 1752 2871 Caracensis

130 2889 331 2923 appelletur,
349 2888 525 2916 nescimus.

176 2935 189 2954 ³
227 2935 279 2963 Ita
301 2940 452 2963 nostrum
476 2936 723 2970 apographum
741 2940 776 2963 at
797 2943 871 2962 cum
885 2936 1012 2962 nullum
1026 2935 1070 2962 sit
1085 2935 1116 2961 in
1133 2939 1204 2962 tota
1220 2934 1385 2969 Hispania
1400 2936 1572 2970 oppidum,
1589 2938 1675 2971 quod
1691 2938 1753 2966 hoc

124 2982 257 3009 nomine
277 2984 480 3018 appelletur,
496 2984 653 3010 mendose
670 2983 723 3010 hic
738 2983 884 3017 positum
899 2983 1109 3009 arbitramur
1124 2989 1184 3015 pro
1202 2981 1336 3016 Getafe.

320 3041 418 3078 ΤΛ.
1507 3050 1544 3085 15
