2074 3179
239 175 308 209 (vliss
753 173 978 211 LITTERAE
1005 185 1363 218 QUADRIMESTRES

238 271 414 311 Diebus
436 271 575 311 etiam
599 271 826 322 operariis
848 272 999 311 solent
1029 271 1240 311 nonnulli
1261 271 1424 311 eadem
1453 271 1508 311 de
1531 283 1674 312 causa
1703 272 1762 312 ad
1788 285 1874 313 nos

242 343 414 383 venire.

316 415 417 465 Ego
439 426 553 454 vero
579 414 777 465 singulis
807 414 1053 454 dominicis
1084 419 1129 454 et
1158 413 1290 454 festis
1318 414 1494 463 diebus,
1529 420 1578 454 ut
1603 414 1870 466 plurimum,

236 485 426 525 confero
447 497 520 525 me
549 485 608 525 ad
637 485 733 525 divi
759 485 954 538 Joannis
982 485 1251 535 ecclesiam,
1286 496 1405 537 quae
1434 490 1504 525 est
1530 485 1774 537 potissima
1795 497 1872 537 pa-

237 557 412 605 rochia,
444 556 690 596 auditurus
717 556 897 596 nobiles
928 557 1105 608 aliquot
1133 561 1395 607 matronaS,
1428 556 1659 596 foeminas
1688 568 1873 608 quoque

235 628 454 678 plebeias,
478 639 641 668 omnes
670 626 772 667 Deo
801 633 900 668 toto
930 633 1121 679 pectore
1150 628 1425 677 servientes,
1449 634 1493 668 et
1510 628 1646 668 nobis
1666 633 1872 668 nostrae-

236 711 323 751 que
350 700 566 750 religioni
604 699 837 750 addictas;
874 711 994 750 quae
1022 710 1129 739 cum
1158 711 1252 739 non
1286 700 1466 750 possint
1502 699 1561 740 ad
1591 710 1677 739 nos
1711 699 1873 740 venire

237 776 425 822 propter
447 771 653 822 inopiam
684 770 844 822 templi
870 769 895 819 ¹,
922 782 1009 811 nos
1031 782 1085 810 eo
1107 770 1166 810 ad
1188 781 1237 810 se
1258 776 1448 821 vocant,
1472 771 1690 822 precibus
1717 770 1873 822 impel-

234 844 346 891 lunt,
370 848 414 882 et
436 842 791 894 perseverantia
821 848 1010 893 cogunt.
1036 841 1139 882 Viri
1161 842 1303 882 etiam
1324 842 1536 882 nonnulli
1564 841 1734 882 ibidem
1761 841 1873 881 mihi

232 914 534 965 confitentur;
558 925 648 965 quo
682 913 730 953 fit
758 919 830 964 ut,
861 913 969 953 illuc
990 924 1128 952 mane
1149 913 1431 964 profectum,
1455 924 1600 964 usque
1622 912 1681 953 ad
1708 913 1875 953 horam

234 985 416 1036 prandii
437 996 510 1024 me
531 986 780 1036 retineant,
804 995 890 1024 nec
912 991 1069 1025 tamen
1092 996 1254 1024 omnes
1277 984 1541 1034 audiantur,
1563 984 1746 1025 defectu
1763 990 1872 1024 tem-

235 1056 377 1107 poris.

313 1128 535 1168 Proximo
572 1140 731 1169 mense
763 1127 967 1179 januarii
1002 1128 1199 1179 profecti
1236 1133 1342 1167 sunt
1377 1127 1604 1179 Magister
1639 1127 1867 1178 Baptista,

236 1199 408 1240 Rector
437 1199 665 1251 Gandiae,
699 1206 743 1240 et
770 1203 930 1240 noster
958 1199 1006 1240 P.
1045 1200 1293 1240 Balthasar
1322 1199 1336 1217 ²
1364 1211 1445 1250 per
1481 1200 1655 1250 aliquot
1690 1199 1788 1239 dies
1816 1198 1873 1238 ad

232 1271 427 1323 populos
448 1272 679 1323 quosdam
695 1272 878 1311 vicinos
899 1271 1132 1319 Gandiae,
1157 1271 1232 1311 ille
1253 1277 1303 1310 ut
1324 1270 1699 1320 concionaretur,
1723 1270 1798 1309 hic
1822 1276 1871 1309 ut

231 1343 526 1393 poenitentes
548 1343 751 1393 audiret,
785 1343 1081 1383 xenodochia
1109 1343 1365 1382 invisentes
1393 1349 1438 1382 et
1466 1341 1778 1393 eleemosynis
1809 1341 1873 1380 vi-

231 1415 468 1457 ctitantes.
492 1415 689 1466 Excepti
715 1426 830 1455 vero
860 1415 991 1454 fuere
1022 1415 1081 1454 ab
1109 1415 1324 1455 omnibus
1354 1425 1527 1464 magno
1561 1425 1665 1453 cum
1700 1412 1873 1464 gaudio

234 1498 290 1526 ac
311 1497 405 1526 non
435 1488 631 1536 minore,
656 1493 705 1526 ut
726 1492 960 1538 speratur,
983 1485 1158 1533 fructu;
1184 1486 1307 1536 quod
1336 1485 1453 1525 satis
1483 1484 1659 1525 indicat
1689 1485 1873 1524 illorum

233 1558 422 1598 assidua
463 1557 736 1609 efflagitatio
772 1558 831 1597 ad
865 1557 1150 1609 Episcopum
1180 1556 1380 1607 Segrian
1411 1555 1439 1607 ³,
1472 1557 1623 1596 nostri
1656 1555 1873 1596 amantis—

233 1631 420 1680 simum,
452 1641 543 1681 quo
574 1629 777 1669 efficeret
803 1640 910 1669 cum
938 1629 1310 1680 Archiepiscopo
1339 1634 1389 1668 ut
1420 1639 1475 1668 eo
1508 1632 1872 1668 reverterentur:

234 1713 384 1754 neque
405 1702 574 1742 minori
595 1707 664 1741 est
694 1706 972 1751 argumento
1000 1701 1199 1752 populus
1227 1711 1348 1740 unus
1375 1711 1434 1740 ex
1462 1699 1551 1739 illis
1576 1698 1872 1750 praecipuus,

236 1772 459 1813 Ontinent
480 1771 495 1790 ⁴
515 1773 719 1823 nomine,
744 1772 821 1823 qui
838 1783 1077 1823 nunquam
1095 1771 1271 1823 quievit
1288 1771 1435 1811 donec
1452 1782 1535 1822 per
1554 1770 1735 1810 Ducem
1752 1770 1874 1810 Gan-

228 1844 338 1884 diae
372 1856 399 1884 a
435 1850 597 1884 nostro
632 1844 918 1884 Provinciali
953 1843 1150 1883 obtinuit
1180 1849 1228 1882 ut
1264 1843 1481 1893 proxima
1511 1841 1875 1894 quadragesima

235 1916 359 1967 apud
381 1916 486 1956 illos
507 1915 736 1966 Magister
758 1916 969 1967 Baptista
992 1915 1315 1963 concionetur.

314 1986 574 2027 Praeterito
597 1987 753 2027 carnis
769 1987 924 2038 privio
947 1986 1149 2038 quando,
1169 1986 1420 2026 Valentiae
1437 1985 1748 2037 potissimum,
1772 1984 1875 2024 dae·

235 2070 357 2110 mon,
385 2059 511 2098 nullo
529 2057 825 2109 impediente,
855 2058 1154 2110 tyrannidem
1176 2069 1309 2097 suam
1335 2068 1556 2097 exercere
1579 2057 1711 2105 solet,
1733 2067 1876 2107 popu-

233 2131 306 2170 lus
327 2141 441 2170 vero
462 2130 617 2170 furere
639 2136 682 2170 et
704 2130 944 2178 bacchari,
968 2141 1052 2170 sex
1075 2141 1133 2169 ex
1154 2128 1328 2169 nostris
1349 2128 1486 2168 valde
1508 2127 1729 2168 commoti
1748 2126 1877 2167 fuere

236 2202 325 2253 pio,
358 2208 408 2241 ut
443 2201 665 2249 creditur,
707 2202 822 2252 zelo,
853 2206 1103 2252 tentarent,
1134 2201 1170 2240 si
1207 2206 1399 2252 possent
1429 2211 1535 2239 cum
1569 2199 1657 2240 Dei
1685 2198 1875 2248 auxilio,

234 2273 415 2324 aliquot
439 2285 466 2313 a
487 2278 619 2313 tanto
640 2273 799 2313 furore
820 2284 1071 2323 revocare,
1097 2278 1176 2312 aut
1198 2273 1364 2312 saltem
1382 2271 1623 2312 Christum
1642 2276 1753 2311 tunc
1768 2277 1877 2310 tem-

236 2344 364 2395 poris
384 2345 540 2396 palam
560 2344 909 2396 profiterentur.
942 2343 1103 2395 ltaque
1125 2345 1200 2384 ub]
1225 2343 1498 2395 aliquandiu
1519 2347 1749 2391 orassent,
1769 2341 1878 2392 quid

237 2422 281 2455 et
302 2416 537 2467 quomodo
558 2415 730 2455 facturi
751 2421 928 2465 essent,
949 2415 1173 2455 convenit
1194 2415 1315 2454 inter
1336 2425 1417 2454 eos
1437 2420 1487 2454 ut
1507 2413 1644 2454 nudis
1664 2412 1875 2464 pedibus

238 2488 390 2538 capite
413 2492 599 2538 aperto,
625 2487 743 2526 collo
765 2486 874 2526 fune
906 2487 1098 2537 alligato
1120 2486 1167 2526 in
1195 2492 1464 2536 terramque
1485 2484 1711 2534 demisso,
1735 2494 1878 2523 manu

239 2559 526 2599 Crucifixum
545 2565 738 2609 gestans
765 2569 901 2606 unus,
934 2559 1050 2598 alter
1079 2569 1193 2597 vero
1223 2563 1362 2608 caput
1384 2556 1570 2606 mortui,
1592 2555 1689 2596 bini
1711 2555 1878 2595 darent

238 2642 341 2670 sese
370 2631 548 2681 turbas,
578 2631 897 2671 discurrerent
924 2640 1007 2680 per
1035 2629 1156 2679 loca,
1189 2629 1236 2668 in
1264 2628 1431 2680 quibus
1459 2627 1747 2678 frequentior
1778 2631 1880 2666 erat

271 2794 273 2796 ,
299 2768 306 2787 ¹
347 2772 489 2802 propter
505 2768 652 2802 inopiam
668 2767 802 2801 templi,
816 2774 874 2799 sc..
888 2766 965 2800 quia
982 2766 1120 2800 proprio
1137 2765 1263 2800 templo
1279 2772 1445 2792 caremus.

296 2817 308 2833 “-’
348 2815 411 2842 ΡΡ.
428 2815 575 2848 joannes
588 2814 747 2848 Baptista
762 2814 801 2841 de
816 2814 941 2841 Harma
957 2818 989 2841 et
1006 2813 1194 2840 Balthasar
1207 2812 1301 2840 Diaz.
1316 2811 1402 2839 Vide
1414 2820 1530 2853 supra,
1546 2820 1577 2839 n.
1591 2811 1811 2846 CXXXVIII,
1824 2813 1882 2845 pa-

244 2863 324 2895 gina
338 2863 400 2890 589.

295 2911 308 2928 ⁷¹
347 2910 511 2937 Dominus
534 2910 681 2943 Joannes
707 2910 869 2944 Segrian,
897 2909 1209 2944 Christopolitanus
1234 2908 1291 2942 (in
1319 2909 1505 2943 partibus)
1529 2908 1736 2943 Episcopus,
1764 2906 1881 2934 Sancti

242 2957 393 2984 ‘rhomae
408 2964 428 2984 a
442 2957 642 2989 Villanova,
662 2956 922 2991 Archiepiscopi
939 2956 1128 2990 Valentini,
1143 2955 1379 2989 suffraganeus
1395 2963 1453 2982 seu
1469 2955 1579 2989 potius
1594 2955 1783 2989 coadjutor.

294 3005 307 3023 ’ό
345 3004 558 3031 Ontoniente.
