2074 3179
833 182 917 216 AN.
949 179 1039 216 1552
1669 182 1740 218 OS‘)

113 276 257 316 simus
279 276 501 316 Societati
522 277 728 327 assignet
749 278 902 317 locum
923 277 1188 328 quemdam,
1213 278 1354 325 vulgo
1377 278 1551 317 Sancta
1579 278 1741 317 Marsa

114 347 168 385 de
189 346 236 386 la
258 346 409 386 Serva
436 353 775 398 nuncupatum,
800 358 890 399 quo
912 347 1098 399 quidem
1118 348 1221 386 loco
1251 348 1479 388 hactenus
1499 360 1739 399 propemo—

115 416 223 456 dum
244 417 328 456 fuit
348 417 573 468 parochia
595 418 716 457 illius
737 418 884 469 partis
906 418 1125 467 civitatis;
1149 430 1311 458 verum
1334 426 1441 458 ante
1463 431 1611 458 annos
1634 425 1741 458 octo

113 488 231 528 forte
251 487 465 527 Pontifex
493 488 663 528 Paulus
685 494 763 528 aut
783 500 922 540 resp,
951 488 1108 528 nescio
1130 500 1220 539 quo
1242 495 1394 540 pacto,
1419 488 1625 539 ejusdem
1652 491 1740 529 loci

113 564 307 610 partem,
333 570 421 609 qua
445 560 666 610 templum
687 565 892 599 erectum
920 565 1040 609 erat,
1071 560 1382 600 exstruendae
1413 561 1511 600 arci
1537 572 1617 600 seu
1638 572 1739 612 pro-

112 630 378 680 pugnaculo
400 629 723 680 designarunt,
749 630 866 670 adeo
895 636 944 669 ut
971 635 1067 669 tota
1092 629 1169 669 illa
1191 630 1396 670 civitatis
1417 643 1541 682 pars,
1566 632 1743 681 absque

112 700 285 751 templo
315 700 502 751 suisque
530 712 719 740 suorum
747 707 993 752 parentum
1020 702 1332 741 monumentis
1352 702 1553 752 privata,
1576 714 1742 753 prope-

112 770 298 810 modum
319 771 568 821 peregrina
594 783 677 822 per
700 772 851 811 aliena
879 773 1051 822 templa
1071 778 1214 821 erret,
1238 772 1374 812 modo
1398 772 1443 811 in
1465 773 1575 822 hoc,
1600 774 1744 813 modo

112 841 157 880 in
175 841 286 881 illud
308 841 512 891 cursitet,
532 853 624 881 non
642 842 816 893 absque
833 842 1001 893 grandi
1014 841 1198 893 jactura
1220 849 1264 882 et
1286 843 1476 894 spiritus
1494 850 1538 883 et
1558 844 1740 894 religio-

112 912 198 951 nis.
222 911 428 952 Primum
445 918 600 952 autem
617 919 717 952 erat
733 913 1068 953 monasterium
1085 913 1333 965 quoddam.
1354 914 1604 954 Caeterum
1625 913 1738 954 Pon-

111 983 223 1022 tifex
250 984 404 1023 locum
433 984 574 1023 alium
603 984 825 1024 fratribus
855 984 944 1024 illis
965 985 1239 1035 assignavit.
1273 985 1516 1036 Reliquam
1538 993 1743 1036 postmo-

112 1053 221 1093 dum
240 1059 422 1104 partem
442 1054 532 1093 loci
554 1055 688 1105 illius,
712 1055 931 1094 nimirum
954 1056 1211 1095 claustrum
1227 1056 1475 1106 integrum,
1496 1063 1544 1096 ut
1565 1057 1739 1106 dicunt,

112 1129 308 1175 excepta
326 1125 538 1175 ecclesia,
559 1137 678 1176 quae
696 1126 849 1165 diruta
865 1125 970 1177 fuit,
992 1126 1251 1177 assignavit
1272 1127 1393 1166 idem
1414 1127 1628 1167 Pontifex
1651 1134 1739 1167 stu-

111 1194 253 1235 diosis
275 1195 571 1246 quibusdam,
596 1197 673 1247 qui
702 1197 922 1237 facillimo
942 1198 1145 1248 negotio,
1171 1198 1310 1237 immo
1331 1199 1669 1249 lubentissime,
1692 1206 1741 1239 ut

111 1265 238 1317 ajunt
259 1266 348 1316 isti,
373 1267 607 1318 cederent,
632 1268 671 1307 si
692 1269 802 1319 quid
823 1280 849 1307 a
871 1268 1093 1309 Pontifice
1114 1271 1216 1309 loco
1238 1269 1374 1321 hujus
1391 1270 1500 1309 alibi
1519 1271 1741 1320 repende-

110 1342 252 1376 retur.
277 1337 377 1377 Hoc
399 1338 554 1388 itaque
577 1349 870 1389 summopere
892 1351 1014 1379 nunc
1035 1347 1265 1391 quaerunt
1287 1340 1414 1380 cives
1434 1341 1529 1391 isti,
1555 1348 1741 1391 reputa·

109 1407 314 1459 buntque
336 1407 436 1448 fore
457 1408 543 1448 sibi
564 1409 774 1449 beneficii
795 1410 997 1460 ingentis
1016 1411 1135 1461 loco,
1156 1411 1193 1451 si
1215 1411 1304 1451 hoc
1321 1412 1626 1463 impetrarint.
1653 1412 1739 1451 Ro-

109 1484 280 1529 garunt
297 1479 634 1530 me'plurimum
649 1481 817 1520 vellem
834 1491 975 1531 agere
997 1481 1120 1532 apud
1140 1483 1346 1532 legatum
1368 1483 1495 1522 illum
1516 1490 1565 1523 ut
1582 1495 1739 1534 quam·

109 1550 309 1600 primum
337 1550 576 1601 negotium
603 1551 690 1590 sibi
720 1552 1017 1592 commissum
1039 1559 1183 1592 curet.
1207 1553 1384 1603 Quibus
1404 1555 1623 1605 respondi
1643 1566 1738 1594 non

110 1621 260 1661 videri
294 1621 407 1661 mihi
442 1621 752 1662 aedificationi
787 1629 836 1662 ut
872 1623 1009 1663 anxie
1040 1623 1290 1664 admodum
1323 1624 1433 1664 illud
1463 1637 1735 1676 prosequar,

104 1691 228 1742 quod
246 1691 376 1742 vulgi
389 1691 561 1743 judicio
581 1693 738 1732 statim
758 1694 999 1744 proprium
1016 1702 1299 1742 censeretur;
1321 1701 1367 1735 at
1384 1707 1466 1746 per
1483 1696 1598 1736 alios
1616 1708 1737 1736 com—

105 1762 286 1804 modius
315 1774 466 1813 posse.
500 1763 793 1815 Quamquam
823 1765 982 1804 dicunt
1013 1765 1137 1805 hunc
1169 1766 1405 1806 hominem
1432 1767 1579 1807 vitam
1607 1769 1733 1818 spiri-

104 1832 278 1872 tualem
298 1845 392 1873 non
407 1834 704 1874 mediocriter
725 1836 956 1875 excolere.
976 1837 1032 1875 Et
1067 1837 1155 1876 hoc
1177 1837 1289 1887 ipsis
1309 1838 1582 1888 perplacuit.

185 1903 443 1954 Cupiebant
464 1916 604 1956 porro
625 1911 675 1945 ut
696 1906 785 1946 hoc
805 1907 1045 1957 negotium
1066 1908 1232 1947 litteris
1249 1909 1424 1948 nostris
1442 1911 1734 1950 commenda-

103 1986 202 2014 rem
222 1974 275 2014 R.
299 1975 377 2026 V.;
400 1987 565 2016 verum
582 1976 677 2016 dixi
698 1978 834 2028 plane
857 1978 980 2028 ipsos
1001 1978 1138 2029 idem,
1161 1980 1284 2030 quod
1306 1982 1444 2031 paulo
1465 1987 1586 2029 ante,
1612 1981 1732 2032 apud

103 2057 175 2085 me
197 2057 436 2097 quaerere3
460 2047 543 2086 sed
563 2047 747 2098 ipsimet
769 2048 827 2087 ad
848 2048 897 2088 P.
921 2049 979 2089 V.
1005 2050 1276 2100 scriberent,
1303 2051 1341 2090 si
1362 2052 1470 2102 quid
1492 2059 1734 2102 sperarent

103 2116 191 2156 hac
214 2117 305 2167 via;
329 2117 452 2168 quod
474 2118 661 2157 omnino
683 2119 873 2168 placuit.
897 2119 965 2159 Ita
986 2120 1097 2160 laeti
1119 2132 1145 2159 a
1167 2121 1299 2161 nobis
1320 2122 1650 2163 discesserunt.

183 2187 299 2227 Illud
316 2188 466 2239 ipsum
483 2199 600 2239 pene
617 2188 674 2228 ab
696 2189 910 2229 omnibus
927 2190 1130 2241 quotidie
1147 2197 1390 2243 tractatur,
1411 2204 1499 2244 quo
1516 2194 1733 2234 nimirum

103 2265 240 2310 pacto
270 2259 617 2310 collocabimur,
651 2258 869 2312 ajuntque
898 2261 976 2300 alii
1003 2262 1148 2301 satius
1177 2263 1365 2303 omnino
1396 2276 1497 2304 esse
1520 2265 1667 2315 nobis,
1694 2267 1729 2305 si

102 2329 635 2380 applicetursproventus
655 2330 850 2370 istorum
871 2331 1189 2382 professorum
1208 2344 1263 2372 ac
1280 2334 1727 2385 ludimagistrorum,

104 2400 181 2451 qui
203 2399 352 2440 officio
374 2400 668 2440 satisfaciunt
695 2401 903 2452 minime,
929 2403 1050 2442 unde
1078 2404 1221 2443 etiam
1248 2411 1467 2455 putamus
1489 2406 1733 2457 aliquoties

101 2470 270 2510 missos
292 2471 351 2510 ad
370 2482 455 2510 nos
471 2470 667 2521 juvenes
688 2472 897 2512 tentandi
919 2474 1095 2524 gratia,
1127 2474 1203 2526 qui
1231 2481 1274 2514 et
1296 2487 1321 2514 a
1344 2477 1532 2526 nostris,
1563 2489 1635 2516 me
1657 2478 1732 2517 ab·

102 2546 247 2591 sente,
271 2541 577 2592 inquisierunt
604 2542 763 2582 sedulo
790 2554 1060 2584 essemusne
1082 2546 1361 2596 praelecturi
1392 2547 1571 2587 litteras
1598 2559 1729 2598 grae-

102 2623 196 2652 cas.
216 2611 307 2652 Sed
323 2612 465 2652 etiam
480 2623 552 2652 me
569 2613 721 2664 ipsum
738 2614 966 2665 adierunt,
988 2615 1153 2667 quibus
1170 2628 1273 2667 ego:
1292 2618 1508 2667 vultisne,
1525 2620 1735 2669 inquam,

101 2682 287 2722 studere
303 2683 469 2723 litteris
480 2683 684 2733 graecis?
700 2684 801 2724 Hoc
819 2685 990 2737 dicunt,
1012 2687 1292 2737 quaerimus.
1312 2688 1429 2728 Tum
1443 2700 1545 2739 ego:
1562 2691 1736 2730 estisne

101 2753 439 2805 aliquantulum
472 2753 518 2793 in
548 2754 660 2805 ipsis
690 2756 930 2806 provecti?
965 2756 1205 2808 Novimus,
1229 2758 1461 2810 inquiunt,
1484 2766 1734 2812 utcumque

99 2825 269 2874 legere.
290 2823 522 2875 Nondum,
542 2825 746 2875 inquam,
766 2826 888 2865 serio
907 2827 1104 2877 agimus,
1125 2839 1234 2868 nam
1251 2829 1475 2870 habemus
1492 2830 1590 2882 jam
1607 2833 1732 2882 quin-

101 2894 251 2934 decim
272 2894 525 2946 discipulos
552 2901 596 2935 et
626 2896 672 2935 in
694 2896 792 2936 dies
819 2908 968 2937 novos
998 2897 1234 2938 adducunt
1268 2907 1487 2951 parentes
1517 2902 1626 2953 ipsi;
1658 2904 1737 2943 ubi.

102 2965 298 3005 aderunt
325 2965 561 3017 discipuli,
593 2972 689 3006 tum
718 2978 810 3007 non
837 2978 1037 3017 graecas
1064 2969 1245 3009 litteras
1271 2971 1407 3011 modo
1438 2972 1519 3012 sed
1546 2979 1590 3013 et
1615 2974 1738 3014 alias,

292 3041 343 3077 T.
373 3053 396 3076 ῐ.
1444 3061 1492 3093 44
