2074 3179
265 151 337 188 518
782 154 1010 193 LlTTERAE
1037 168 1395 200 QUADRIMESTRES

976 650 1201 704 CXXII

334 916 530 962 Joannes
551 916 735 961 Cancer,

384 980 454 1018 Ex
472 983 796 1021 commissione
818 985 960 1023 Patris
980 986 1191 1025 Andreae
1211 987 1478 1032 Galvanelli.

431 1046 555 1085 Patri
573 1048 744 1096 Ignatio
764 1050 817 1087 de
836 1050 1022 1098 Loyola.

479 1113 678 1160 Patavio‚
703 1115 748 1152 15
765 1115 964 1161 januarii
988 1117 1080 1155 1552
1099 1118 1122 1154 ¹.

1044 1293 1142 1370 iilis

348 1470 514 1512 Gratia
537 1478 580 1512 et
601 1485 696 1524 pax
725 1472 917 1514 Domini
944 1475 1093 1515 nostri
1117 1475 1229 1528 Jesu
1260 1475 1435 1516 Christi
1461 1476 1519 1515 sit
1549 1487 1733 1526 semper
1760 1480 1805 1515 et
1833 1487 1911 1515 au-

264 1547 433 1592 geatur
455 1543 501 1583 in
523 1550 800 1585 cunctorum
822 1546 1056 1586 cordibus.
1080 1546 1248 1587 Amen.

350 1613 631 1656 Venerande
652 1615 806 1657 Pater.
830 1616 1043 1669 Spatium
1064 1618 1404 1669 quadrimestre
1426 1624 1669 1670 peractum
1696 1617 1793 1670 jam
1824 1624 1907 1669 est,

270 1697 376 1726 cum
410 1685 458 1726 P.
498 1687 708 1739 Elpidius
742 1688 756 1707 ‘²
794 1689 853 1729 ab
887 1689 1080 1742 hujusce
1115 1690 1520 1730 administratione
1556 1689 1774 1741 Collegii,
1816 1702 1910 1730 non

268 1757 406 1808 plane
428 1758 546 1799 citra
568 1759 778 1801 dolorem
798 1767 1028 1812 nostrum,
1052 1773 1080 1801 a
1100 1761 1153 1802 T.
1177 1761 1227 1802 Ρ.
1247 1768 1476 1802 avocatus
1493 1762 1755 1813 decederet,
1775 1762 1909 1813 eique

267 1829 558 1871 sufficeretur
579 1831 629 1871 P.
653 1832 871 1873 Andreas
893 1832 1220 1884 Galvanellus‚
1246 1834 1338 1886 qui,
1368 1840 1417 1874 ut
1449 1834 1661 1874 omittam
1689 1845 1828 1885 quam
1851 1833 1908 1874 ab

267 1900 536 1952 hujusmodi
555 1903 803 1954 provincia
825 1905 1005 1945 alienus
1031 1904 1169 1945 fuerit
1200 1905 1467 1955 subeunda,
1499 1904 1587 1945 Dei
1617 1905 1907 1956 benignitate

266 1979 312 2012 et
334 1974 661 2014 sanctissimae
685 1975 978 2016 obedientiae
1004 1976 1178 2016 virtute
1206 1977 1269 2016 ita
1298 1988 1382 2016 suo
1409 1976 1682 2028 perfunctus
1709 1982 1779 2016 est
1809 1988 1904 2016 mu-

266 2056 378 2084 nere
412 2050 477 2097 ut,
510 2057 603 2086 una
640 2047 847 2087 omnium
877 2054 1091 2088 nostrum
1118 2048 1365 2099 sententia,
1402 2048 1517 2088 nihil
1551 2048 1779 2088 hactenus
1813 2053 1910 2087 tum

267 2116 512 2157 domitum
533 2117 672 2169 foris,
697 2119 821 2169 quod
849 2119 890 2159 ei
912 2130 996 2171 per
1024 2118 1339 2160 obedientiam
1367 2119 1516 2171 licuit,
1551 2118 1609 2159 ad
1641 2131 1720 2159 eas
1750 2124 1911 2171 partes

266 2187 313 2227 in
342 2187 444 2239 ipso
476 2188 747 2240 diligentiae
779 2189 981 2230 defuisse
1009 2189 1161 2230 videri
1190 2190 1353 2242 possit.
1383 2189 1475 2230 Pro
1508 2202 1637 2230 more
1667 2196 1825 2230 tamen
1855 2201 1910 2228 ac

267 2259 605 2300 consuetudine
641 2261 977 2312 quadrimestri
1009 2262 1209 2313 epistola
1240 2262 1434 2313 dignum
1464 2273 1629 2314 parum
1662 2260 1911 2301 admodum

268 2337 409 2382 atque
436 2331 554 2372 adeo
583 2332 697 2372 nihil
726 2333 802 2373 hic
834 2339 904 2372 est
934 2332 1174 2384 effectum,
1204 2339 1254 2373 ut
1284 2332 1344 2372 ad
1371 2345 1603 2373 summam
1633 2332 1909 2373 consolatio·

265 2413 373 2442 nem
395 2402 529 2443 dolor
549 2415 643 2443 non
670 2403 921 2444 mediocris
951 2404 1178 2444 accedere
1208 2404 1440 2454 videatur,
1475 2415 1581 2444 cum
1610 2408 1678 2444 tot
1705 2403 1908 2443 diversa-

266 2485 371 2514 rum
421 2475 846 2526 congregationum
885 2475 1022 2527 hujus
1067 2482 1261 2516 sanctae
1306 2475 1554 2517 Societatis
1599 2475 1911 2526 spiritualium

327 2610 337 2630 ¹
380 2611 630 2646 Autographae
646 2611 786 2638 litterae
802 2612 834 2639 in
850 2612 930 2639 folio
945 2612 1081 2646 duplici,
1104 2620 1157 2639 nn.
1180 2612 1214 2639 48
1236 2616 1269 2640 et
1293 2612 1498 2640 »la—Mirum
1513 2618 1593 2638 vere
1619 2615 1670 2638 est
1694 2611 1727 2638 in
1752 2610 1913 2644 Collegiis

276 2658 446 2686 Patavino
462 2663 494 2686 et
509 2658 654 2690 Veneto.
671 2663 742 2686 tam
758 2659 871 2693 exigui
887 2659 990 2694 spatii
1005 2660 1190 2687 intervallo
1206 2660 1421 2693 distantibus,
1447 2660 1489 2686 ab
1513 2667 1577 2686 uno
1599 2657 1780 2685 Trinitatis
1794 2658 1912 2684 Priore

268 2706 395 2734 erectis
410 2710 444 2734 et
458 2707 515 2734 uni
531 2707 713 2741 aliquando
731 2706 902 2741 Superiori
925 2707 1100 2742 subjectis,
1126 2707 1209 2735 duos
1233 2715 1297 2735 uno
1322 2708 1503 2741 eodemque
1528 2710 1679 2740 tempore
1700 2706 1802 2732 fuisse
1818 2705 1912 2732 scho-

267 2754 420 2788 lasticos,
438 2762 580 2788 quorum
600 2755 655 2781 uni
671 2761 792 2781 nomen
807 2759 882 2781 erat
898 2755 1048 2787 Joannes
1065 2755 1208 2787 Cancer,
1224 2755 1323 2782 alteri
1346 2762 1429 2782 vero
1453 2753 1600 2787 joannes
1622 2753 1825 2786 Cambarus,
1850 2753 1912 2780 ita-

268 2801 332 2828 lice
348 2801 531 2834 Gambero,
548 2802 653 2829 latine
669 2802 773 2829 etiam
787 2802 928 2829 Cancer.
945 2802 1037 2829 Duos
1052 2806 1169 2830 autem
1183 2802 1253 2832 hos.
1267 2810 1332 2829 non
1348 2809 1450 2829 unum
1464 2802 1684 2835 eumdemque
1700 2801 1802 2828 fuisse
1818 2804 1911 2827 certo

268 2853 417 2876 constat.
432 2849 492 2876 Ait
508 2850 596 2876 enim
614 2849 746 2876 Cancer
763 2850 827 2877 hic:
845 2849 1024 2877 Dominus
1033 2850 1195 2884 joannes
1209 2849 1414 2888 Lusitanus
1425 2854 1458 2876 et
1474 2857 1537 2877 EGO
1553 2850 1695 2883 coeptae
1711 2847 1839 2875 abhinc
1852 2847 1913 2873 tri-

269 2896 334 2922 hus
349 2897 533 2923 mensibus
547 2896 680 2930 logicae
695 2901 840 2931 operam
856 2898 986 2924 damus
1001 2897 1177 2932 (Patavii),
1193 2902 1227 2925 et
1252 2898 1282 2924 in
1299 2897 1425 2924 litteris
1442 2897 1530 2924 infra
1546 2904 1576 2923 n.
1593 2895 1737 2923 CXXIV
1753 2893 1900 2922 transcri

269 2943 397 2970 bondis:
416 2943 560 2971 Sclzolae
576 2944 684 2971 alteri
697 2944 912 2977 (Venetiis)...
925 2944 1134 2980 praefectus
1149 2946 1202 2972 est
1214 2944 1375 2979 joannes
1391 2944 1604 2975 Gambarus,
1625 2943 1739 2970 Teuto.

324 2991 338 3010 2
376 2991 413 3018 P.
430 2991 585 3026 Elpidius
597 2992 763 3026 Ugoletti.
