2074 3179
958 144 1042 181 AN.
1074 144 1160 182 1551
1805 145 1875 183 293

244 242 492 294 probitatis
539 248 583 282 et
622 241 893 282 eruditionis
934 242 1101 281 miram
1141 241 1441 291 concepimus
1487 242 1874 291 expectationem,

244 314 351 354 licet
370 313 577 353 nondum
592 313 743 364 prima
760 313 1020 364 pubertatis
1037 312 1173 362 signa
1191 311 1384 351 dederit.
1404 311 1491 351 Hic
1510 311 1647 363 (quod
1663 312 1800 351 modo
1823 325 1880 352 ex

244 384 566 436 praesentibus
606 384 712 423 licet
748 383 1034 435 conjectare)
1070 382 1314 422 nobiscum
1348 383 1576 432 manebit,
1614 383 1879 422 liberalibus

244 455 514 506 disciplinis,
534 466 650 506 quas
667 461 885 506 coeperat
907 455 1050 505 adire,
1070 460 1329 493 extremam
1351 454 1652 504 impositurus
1673 465 1878 495 manum.

323 525 516 565 Plurimi
535 532 723 577 praeter
744 526 829 565 hos
850 531 976 575 sunt,
1007 525 1085 576 qui
1116 524 1297 564 admitti
1323 524 1369 564 in
1401 530 1532 564 tuum
1552 524 1782 574 gremium
1801 536 1880 576 po-

244 598 438 645 stulant,
461 608 627 636 verum
646 608 795 648 neque
817 596 913 648 quit
934 595 1147 636 satisfieri
1175 607 1324 646 neque
1356 596 1403 634 in
1430 607 1528 635 rem
1556 606 1658 635 esse
1687 596 1882 635 arbitra-

243 679 345 708 mus
366 668 558 720 quosvis
585 668 683 707 sine
710 678 883 718 magno
910 667 1090 706 delectu
1117 672 1375 717 receptare.
1399 666 1495 706 Vix
1524 667 1686 707 diebus
1713 667 1881 717 viginti

243 745 442 790 quatuor
464 739 634 790 elapsis
656 739 713 778 ab
736 739 939 779 adventu
957 738 1177 778 Doctoris
1195 736 1403 785 Castillo,
1425 737 1668 777 Concham
1685 744 1754 777 est
1776 738 1881 777 mis-

244 795 323 850 sus
344 822 372 850 a
392 809 441 850 P.
464 816 626 850 nostro
644 809 896 850 Villanova
919 815 967 849 ut
988 808 1036 849 Ρ.
1060 809 1413 849 Emmanuelem
1432 807 1440 826 ¹
1465 809 1781 859 comitaretur,
1801 811 1880 859 qui

244 881 518 921 Emmanuel
551 892 578 920 a
608 880 812 920 Doctore
839 881 1058 931 Vergara
1085 879 1099 898 ²
1126 880 1278 920 fuerat
1306 879 1463 920 multis
1491 886 1616 919 retro
1645 880 1880 920 mensibus

244 951 500 992 accersitus
539 951 848 991 concionandi
897 963 1055 991 causa.
1106 951 1280 991 Eorum
1322 962 1437 991 vero
1487 951 1666 990 itineris
1716 950 1879 990 modus

243 1034 417 1062 novum
447 1028 491 1062 et
527 1028 591 1070 tut
627 1033 737 1061 vere
773 1021 940 1071 dicam)
976 1022 1188 1061 mirabile
1215 1027 1404 1061 nostrae
1431 1022 1585 1072 gentis
1615 1021 1879 1061 hominibus

242 1094 456 1145 praebuit
491 1092 823 1145 spectaculum.
861 1092 981 1133 Nam
1007 1098 1337 1144 praeterquam
1367 1093 1489 1144 quod
1524 1092 1717 1143 pedites,
1749 1092 1879 1132 ibant

243 1166 343 1205 sine
377 1166 543 1205 baculo
580 1171 623 1204 et
649 1176 782 1216 pera,
817 1163 947 1215 juxta
984 1164 1180 1204 Verbum
1212 1163 1417 1204 Domini.
1454 1163 1569 1203 Illud
1604 1164 1793 1215 insuper
1827 1169 1878 1202 ut

242 1248 416 1276 novum
443 1236 490 1275 in
518 1235 875 1275 admirationem
902 1234 1133 1285 rapiebat,
1166 1233 1289 1285 quod
1315 1233 1502 1274 Patrem
1529 1234 1878 1274 Emmanuelem

243 1309 290 1347 in
310 1307 507 1358 publicis
529 1306 807 1358 oppidorum
827 1317 882 1345 ac
904 1305 1149 1345 civitatum
1176 1305 1341 1356 plateis
1369 1305 1724 1345 concionantem
1752 1305 1875 1345 vide-

243 1379 369 1429 bant,
388 1366 626 1429 tamquam
642 1377 689 1417 in
705 1376 890 1417 sublimi
911 1376 1216 1416 ecclesiarum
1237 1383 1479 1427 suggestu3
1503 1376 1580 1416 alii
1601 1376 1775 1426 mirari,
1802 1376 1878 1416 alii

244 1461 434 1501 pavere,
458 1448 650 1489 laudare
673 1459 834 1488 omnes
854 1447 963 1487 boni
985 1452 1122 1498 atque
1144 1458 1420 1487 asseverare
1437 1459 1532 1486 non
1549 1447 1681 1487 aliter
1698 1447 1879 1498 priscos

245 1521 483 1561 Ecclesiae
503 1531 723 1571 proceres
743 1519 1005 1568 factitasse,
1030 1529 1137 1558 cum
1158 1518 1217 1558 ad
1238 1518 1570 1558 convellendas
1592 1530 1648 1558 ex
1669 1519 1881 1569 gentium

248 1593 415 1632 animis
442 1591 731 1632 idololatrias
753 1590 899 1630 divini
920 1589 1110 1641 spiritus
1132 1589 1317 1629 flatibus
1338 1590 1613 1639 agebantur.
1638 1590 1877 1630 Concioni-

244 1665 330 1704 bus
351 1674 465 1714 ergo
487 1675 543 1703 ac
565 1662 936 1703 confessionibus
956 1667 1204 1711 vacantes,
1229 1661 1384 1700 cibum
1404 1661 1668 1701 mendicato
1685 1672 1880 1712 quaren-

244 1742 328 1782 tes,
352 1735 439 1774 iter
469 1745 604 1774 suum
619 1738 916 1785 peregerunt.
935 1732 1113 1772 Doctor
1131 1731 1346 1782 Castillo,
1375 1733 1452 1771 ubi
1469 1733 1605 1783 signa
1622 1732 1808 1772 humilis
1826 1744 1882 1772 ac

247 1817 391 1845 sanae
411 1805 578 1845 mentis
600 1804 816 1855 ostendit,
840 1808 1090 1844 revocatus
1112 1803 1203 1843 huc
1225 1808 1308 1843 est.

324 1877 599 1917 Emmanuel
620 1887 732 1916 vero
755 1876 934 1916 duobus
955 1875 1138 1926 oppidis
1159 1886 1323 1914 curam
1344 1875 1584 1926 impendit,
1604 1875 1681 1914 ubi
1702 1875 1884 1915 Doctor

248 1948 465 1999 Vergara
488 1947 750 1987 sacerdotia
780 1946 1011 1998 quaedam
1037 1946 1177 1986 habet
1205 1958 1299 1985 non
1328 1946 1427 1986 sine
1458 1947 1724 1986 animarum
1750 1958 1881 1986 cura.

244 2019 373 2059 Fecit
394 2019 485 2058 illic
507 2019 687 2069 opimos
708 2018 888 2058 fructus
909 2017 1156 2068 spirituum
1177 2017 1326 2056 hortis
1346 2017 1673 2068 pullulascere.
1693 2016 1812 2057 Nam
1833 2023 1884 2056 ut

244 2091 439 2141 vulgata
455 2088 552 2140 jam
573 2095 886 2141 praeteream,
917 2087 1257 2137 confessiones,
1288 2088 1561 2137 conciones,
1597 2087 1880 2128 adhortatio-

245 2173 343 2211 nes,
368 2161 719 2210 catechismum,
746 2159 953 2209 consilia,
978 2159 1143 2210 quibus
1165 2159 1493 2209 indigenarum
1513 2159 1695 2199 animos
1722 2159 1769 2199 in
1791 2158 1883 2198 Do-

247 2231 360 2271 mini
382 2217 636 2271 adventum
655 2230 988 2282 praeparabat,
1012 2229 1123 2269 illud
1144 2235 1213 2269 est
1234 2241 1328 2269 non
1359 2230 1555 2280 vulgare
1583 2230 1708 2280 quod
1740 2235 1883 2270 statu-

246 2310 343 2343 tum
364 2302 694 2353 decretumque
715 2301 897 2352 reliquit
919 2301 964 2341 in
988 2307 1263 2352 perpetuum
1284 2301 1442 2352 populi
1463 2312 1695 2341 consensu
1721 2313 1778 2341 ne
1809 2302 1884 2341 cui

248 2438 306 2465 del
322 2437 456 2471 Colegio
472 2437 514 2464 de
529 2437 664 2470 Alcala',
678 2437 734 2464 lib.
750 2444 796 2471 111,
813 2445 886 2472 cap.
904 2437 946 2465 10.
962 2437 1082 2464 Mirum
1102 2444 1184 2464 vere
1200 2441 1251 2465 est
1273 2445 1312 2464 ne
1327 2438 1468 2464 verbum
1484 2437 1617 2471 quidem
1641 2438 1674 2464 in
1689 2437 1741 2464 his
1765 2437 1887 2464 fratris

246 2484 400 2520 Dionysii
417 2485 574 2519 vazquez
589 2485 716 2512 litteris
730 2485 875 2519 reperiri
891 2485 930 2512 de
947 2484 1145 2512 tumultibus
1167 2485 1345 2512 occasione
1367 2485 1539 2519 ingressus
1562 2484 1758 2519 Hieronymi
1775 2485 1815 2511 de
1830 2484 1869 2511 Ri

246 2532 349 2565 palda
365 2531 535 2566 Compluti
551 2531 724 2566 excitatis,
737 2539 818 2566 quos
834 2532 942 2559 refert
957 2531 992 2559 P.
1010 2531 1275 2566 Christophorus
1294 2531 1333 2558 de
1354 2531 1475 2558 Castro
1494 2536 1526 2558 et
1542 2535 1618 2565 post
1634 2539 1710 2558 eum
1726 2531 1761 2558 P.
1780 2531 1885 2558 Euse—

246 2578 321 2605 bius
335 2578 560 2613 Nieremberg
579 2583 612 2606 et
628 2579 697 2606 alii.

306 2625 316 2646 ¹
355 2626 391 2652 P.
408 2625 607 2656 Emmanuel
618 2626 742 2660 Lopez.
759 2627 937 2660 lusitanus,
953 2627 1161 2661 Portuensis,
1175 2627 1237 2654 hoc
1249 2626 1345 2653 estin
1357 2627 1438 2653 urbe
1454 2625 1579 2660 Oporto
1591 2630 1691 2654 natus
1703 2634 1790 2654 anno
1803 2627 1884 2659 1525,

247 2673 280 2700 in
308 2672 517 2701 Societatem
534 2673 768 2701 Conimbricae
784 2674 952 2701 admissus
966 2681 1053 2701 anno
1070 2674 1147 2707 1545,
1164 2674 1200 2701 Β.
1224 2674 1338 2701 Patris
1360 2673 1453 2701 Petri
1469 2674 1572 2701 Fabri
1593 2681 1634 2700 ex
1654 2673 1834 2701 Lusitania
1850 2673 1885 2700 in

248 2719 450 2754 Hispaniam
465 2729 587 2755 comes,
604 2725 637 2748 et
653 2721 692 2748 de
709 2721 892 2756 Societate,
907 2721 1089 2756 praecipue
1107 2722 1139 2749 in
1155 2721 1386 2756 Complutensi
1403 2721 1570 2755 Collegio.
1588 2722 1712 2756 optime
1728 2722 1870 2748 meritus

248 2767 340 2794 Obiit
356 2767 525 2803 Compluti
540 2776 627 2796 anno
645 2769 723 2796 1603.
738 2768 826 2796 Vide
849 2769 1004 2797 Varones
1025 2769 1203 2802 illustres,
1218 2773 1240 2797 t.
1258 2776 1328 2803 v111,
1345 2777 1423 2804 pag.
1444 2770 1505 2802 347,
1519 2769 1631 2803 ibique
1652 2773 1732 2797 nota
1748 2776 1833 2803 quae
1850 2769 1884 2795 in

253 2814 443 2842 ORLANfflNI
460 2815 622 2843 Historia
639 2817 843 2851 corrigenda
857 2824 930 2844 esse
946 2817 982 2844 P.
998 2816 1160 2844 Andrade
1182 2817 1438 2845 animadvertit.

301 2863 314 2882 2
352 2862 480 2890 Doctor
494 2864 691 2898 Alphonsus
706 2863 864 2892 Ramirez
877 2865 915 2891 de
929 2864 1099 2898 Vergara,
1114 2865 1152 2891 de
1171 2872 1235 2899 quo
1248 2866 1444 2899 saepissime
1457 2865 1883 2899 POLANCUS,ORLAND1NUS‚

249 2910 691 2945 ALCAKZAR,RIVADENE1RA,
709 2916 773 2939 etc.
789 2912 820 2939 Is
841 2912 928 2939 alius
953 2916 1003 2939 est
1028 2913 1070 2939 ab
1095 2912 1166 2947 ejus
1191 2916 1377 2940 coaetaneo
1401 2913 1548 2941 Doctore
1570 2914 1709 2947 (Joanne
1732 2913 1784 2946 de)
1800 2912 1885 2940 Ver—

247 2964 347 2991 gara,
366 2957 610 2993 Complutensi.
