2074 3179
167 150 240 187 3438
689 149 916 186 Lrsi—ERAE
943 159 1302 192 QUADRfflESTREs

169 257 309 286 cruce
331 251 433 286 erat
454 246 715 297 ingressus,
740 245 804 285 ita
826 250 870 285 et
896 245 998 296 ipsa
1027 245 1279 284 comitante
1307 245 1629 285 deduceretur.
1664 244 1806 295 Cujus

167 328 294 358 mors
316 328 479 357 omnes
495 317 783 368 stupefactos
799 316 1026 367 simulque
1044 316 1100 356 de
1119 314 1216 366 ejus
1236 316 1333 355 vita
1351 328 1406 356 ac
1424 323 1573 356 morte
1591 315 1802 356 aedifica-

169 395 245 429 tos
260 389 460 441 reliquit,
482 389 598 428 adeo
617 394 665 428 ut
682 387 740 427 ad
763 399 856 427 non
877 387 1121 428 minimum
1136 387 1437 438 perfectionis
1457 387 1659 437 gradum
1675 388 1804 427 illum

168 461 442 512 pervenisse
459 452 750 509 affirmarint3
769 458 893 510 quod
914 458 1101 509 quidem
1118 469 1172 498 eo
1195 458 1347 508 magis
1364 459 1533 498 mirum
1549 459 1703 498 visum
1722 466 1804 508 est,

168 533 291 584 quod
312 543 404 571 uno
427 543 549 572 anno
571 536 730 571 tantus
750 530 930 570 fructus
950 530 1153 570 ferventi
1175 529 1450 580 proficiendi
1480 529 1710 569 desiderio
1741 542 1807 569 re-

168 604 284 644 tulit.
319 602 409 643 Hic
445 608 546 642 erat
579 613 716 653 quem
750 601 804 641 R.
843 602 891 641 in
919 600 1107 641 Christo
1136 600 1184 640 P.
1216 600 1397 640 Natalis
1425 600 1484 640 ad
1510 612 1597 640 vos
1625 602 1807 640 mittere

168 676 324 715 animo
346 679 654 725 conceperat:
679 684 877 724 cumque
903 684 990 712 nos
1017 672 1091 723 pie
1119 673 1379 712 reclamare
1407 682 1545 722 posse
1574 671 1807 711 existima-

168 758 349 793 remus,
375 745 603 795 Christus,
628 750 677 784 ut
700 745 739 784 si
765 743 875 795 quid
905 751 1027 783 esset
1057 743 1237 783 dissidii
1258 743 1505 792 adimeret,
1531 742 1590 782 ad
1612 748 1803 782 aeterna

168 819 321 869 ipsum
352 816 657 856 tabernacula
685 815 877 865 recepit.
909 814 1120 866 Cumque
1147 814 1264 854 nihil
1293 814 1417 854 aliud
1447 814 1502 853 de
1531 814 1608 853 illo
1639 813 1807 853 habea-

167 901 284 940 mus,
309 889 398 928 tria
419 887 570 936 vobis,
595 899 715 938 quae
736 887 863 926 velut
884 886 1152 936 fragmenta
1170 891 1510 935 remanserunt,
1535 897 1746 936 quaeque
1764 885 1811 924 in

168 973 222 1001 eo
243 960 537 1012 potissimum
559 958 844 1008 relucebant,
867 957 1080 998 lubenter
1102 957 1569 997 communicabimus:
1595 957 1809 996 obedien-

168 1033 302 1083 tiam,
334 1030 682 1082 simplicitatem
709 1030 994 1081 spiritusque
1023 1029 1280 1078 fervorem3
1312 1040 1431 1080 quae
1454 1027 1560 1068 inde
1590 1040 1695 1069 eum
1723 1029 1811 1068 sibi

170 1114 471 1155 comparasse
493 1102 711 1152 arbitror,
736 1101 861 1153 quod
883 1114 910 1141 a
932 1101 1156 1152 quolibet,
1183 1101 1323 1140 etiam
1344 1100 1550 1150 minimo,
1576 1100 1809 1140 contemni

171 1175 408 1227 cupiebat,
440 1185 675 1225 verasque
705 1173 895 1213 divitias
927 1178 1253 1224 paupertatem
1287 1172 1530 1222 censebat,
1568 1183 1653 1211 nec
1689 1172 1810 1222 quic-

168 1258 308 1298 quam
331 1246 470 1296 aliud,
501 1251 689 1297 praeter
719 1244 1064 1294 tribulationes,
1099 1244 1302 1296 quietem
1332 1243 1396 1283 illi
1419 1243 1586 1283 afferre
1607 1249 1803 1294 poterat,

167 1318 334 1370 quibus
355 1317 414 1357 ad
435 1328 600 1357 veram
620 1328 786 1368 pacem
808 1316 874 1366 (ut
895 1322 939 1356 et
962 1316 1061 1367 ipse
1084 1314 1251 1366 ajebat,
1271 1320 1315 1354 et
1336 1322 1463 1354 recte
1485 1314 1687 1366 quidem>
1709 1326 1810 1365 per-

171 1390 368 1430 venitur.
400 1388 531 1429 Haec.
561 1394 669 1428 sunt
703 1399 901 1440 quorum
935 1398 1022 1428 vos
1057 1387 1312 1438 participes
1346 1386 1504 1426 facere
1539 1397 1803 1438 possumus.

167 1462 295 1502 Haec
325 1461 380 1501 de
415 1461 492 1501 illo
527 1459 796 1511 fragmenta
830 1465 1182 1509 remanserunt,
1213 1470 1331 1510 quae
1359 1469 1541 1498 summa
1569 1458 1807 1508 diligentia

167 1532 432 1584 colligenda
454 1538 561 1572 sunt
582 1538 627 1572 et
648 1531 816 1582 cuique
837 1530 1156 1581 observanda,
1180 1541 1236 1569 ne
1258 1530 1411 1581 perire
1439 1535 1601 1569 nostra
1627 1529 1806 1568 incuria

167 1617 222 1644 ac
243 1604 532 1656 negligentia
551 1603 891 1655 permittamus,
911 1601 1047 1641 Hanc
1069 1601 1129 1641 ad
1145 1612 1232 1640 vos
1249 1601 1496 1652 epistolam
1513 1600 1803 1651 scripsimus,

167 1687 274 1716 cum
293 1682 344 1716 ut
371 1674 471 1726 ejus
499 1674 660 1714 fratris
688 1680 838 1714 morte
868 1675 1004 1725 (quae
1031 1672 1227 1712 mirifice
1254 1683 1414 1712 omnes
1443 1670 1725 1711 aedificavit)
1760 1671 1806 1710 in

167 1748 354 1788 Christo
374 1747 633 1796 laetemini,
657 1757 835 1797 proque
856 1744 956 1797 ejus
978 1744 1135 1784 anima
1162 1755 1328 1795 preces
1357 1743 1404 1782 in
1432 1743 1613 1783 coelum
1641 1742 1808 1782 funda-

167 1821 246 1870 tis,
269 1826 368 1859 tum
389 1825 436 1859 ut
456 1818 557 1859 Deo
580 1817 768 1869 Optimo
790 1816 1016 1867 Maximo,
1042 1816 1121 1867 qui
1143 1827 1248 1856 eum
1271 1822 1366 1856 tam
1394 1814 1593 1855 feliciter
1616 1813 1674 1854 ad
1703 1825 1804 1854 sese

168 1903 340 1931 vocare
362 1891 584 1942 dignatus
606 1896 691 1940 est,
715 1889 911 1930 meritae
932 1888 1094 1928 laudes
1125 1887 1403 1927 referantur.

245 1963 428 2013 Valete,
452 1961 624 2002 fratres
646 1961 692 2001 in
715 1960 904 2001 Christo
927 1959 1228 2001 dilectissimi.

245 2035 508 2083 Messanae,
536 2032 584 2073 18
607 2032 810 2084 Augusti
838 2031 952 2072 1551.

246 2106 476 2147 Mittimus
496 2116 681 2157 quoque
700 2103 758 2144 ad
776 2116 862 2144 vos
879 2103 1116 2155 epitaphia
1135 2101 1366 2154 quaedam
1385 2113 1560 2153 graeca
1581 2106 1626 2140 et
1640 2100 1800 2147 latina,

165 2190 284 2229 quae
307 2178 453 2229 ipsius
476 2176 798 2227 condiscipuli,
824 2176 881 2215 ob
902 2175 1029 2226 piam
1050 2181 1095 2214 et
1111 2173 1368 2225 jucundam
1390 2172 1489 2224 ejus
1509 2172 1797 2220 memoriam,

165 2250 230 2290 mi
250 2255 434 2290 mortuo
456 2248 851 2299 conscripserunt.
876 2247 1020 2293 Haec,
1046 2247 1211 2286 eadem
1231 2258 1321 2297 qua
1343 2250 1388 2285 et
1410 2245 1530 2284 hanc
1558 2244 1801 2296 epistolam

166 2321 408 2373 patientia,
436 2320 474 2360 si
495 2321 664 2372 placet,
690 2320 904 2371 accipite.

247 2392 357 2432 Alsa
379 2403 525 2431 malm
546 2392 608 2431 ad
629 2402 764 2431 oram
780 2391 996 2442 paginae
1018 2395 1234 2431 octavae:
1261 2389 1381 2440 1551,
1406 2388 1533 2440 Qpis.
1558 2388 1695 2427 Mess.

248 2465 312 2504 Et
333 2475 478 2503 manu
502 2462 675 2503 Patris
697 2463 936 2503 Polanco:
959 2469 1174 2514 augusto.
