<?xml version="1.0" encoding="UTF-8"?>
<!DOCTYPE html PUBLIC "-//W3C//DTD XHTML 1.0 Transitional//EN"
    "http://www.w3.org/TR/xhtml1/DTD/xhtml1-transitional.dtd">
<html xmlns="http://www.w3.org/1999/xhtml" xml:lang="en" lang="en">
 <head>
  <title>
</title>
<meta http-equiv="Content-Type" content="text/html;charset=utf-8" />
  <meta name='ocr-system' content='tesseract 3.04.00' />
  <meta name='ocr-capabilities' content='ocr_page ocr_carea ocr_par ocr_line ocrx_word'/>
</head>
<body>
  <div class='ocr_page' id='page_1' title='image "./litteraequadrime13lain_0343.png"; bbox 0 0 2074 3179; ppageno 0'>
   <div class='ocr_carea' id='block_1_1' title="bbox 916 189 1829 227">
    <p class='ocr_par' dir='ltr' id='par_1_1' title="bbox 916 189 1829 227">
     <span class='ocr_line' id='line_1_1' title="bbox 916 189 1829 227; baseline -0.007 -1"><span class='ocrx_word' id='word_1_1' title='bbox 916 189 995 226; x_wconf 63' lang='lat' dir='ltr'>Ax.</span> <span class='ocrx_word' id='word_1_2' title='bbox 1028 189 1112 226; x_wconf 74' lang='lat'>1551</span> <span class='ocrx_word' id='word_1_3' title='bbox 1757 189 1829 227; x_wconf 83' lang='grc'>339</span> 
     </span>
    </p>
   </div>
   <div class='ocr_carea' id='block_1_2' title="bbox 194 283 1834 2822">
    <p class='ocr_par' dir='ltr' id='par_1_2' title="bbox 194 283 1830 1461">
     <span class='ocr_line' id='line_1_2' title="bbox 194 283 1827 339; baseline -0.002 -11"><span class='ocrx_word' id='word_1_4' title='bbox 194 288 333 337; x_wconf 63' lang='lat' dir='ltr'>«dum,</span> <span class='ocrx_word' id='word_1_5' title='bbox 358 286 479 339; x_wconf 87' lang='lat' dir='ltr'>quod</span> <span class='ocrx_word' id='word_1_6' title='bbox 501 287 547 326; x_wconf 91' lang='lat' dir='ltr'>in</span> <span class='ocrx_word' id='word_1_7' title='bbox 568 286 655 326; x_wconf 92' lang='lat' dir='ltr'>hoc</span> <span class='ocrx_word' id='word_1_8' title='bbox 678 298 892 335; x_wconf 85' lang='lat' dir='ltr'>carcerc,</span> <span class='ocrx_word' id='word_1_9' title='bbox 913 284 1046 336; x_wconf 86' lang='lat' dir='ltr'>juxta</span> <span class='ocrx_word' id='word_1_10' title='bbox 1069 285 1344 325; x_wconf 73' lang='lat' dir='ltr'>delictorum</span> <span class='ocrx_word' id='word_1_11' title='bbox 1366 283 1565 324; x_wconf 88' lang='lat' dir='ltr'>formam</span> <span class='ocrx_word' id='word_1_12' title='bbox 1587 285 1733 324; x_wconf 90' lang='lat' dir='ltr'>vincti</span> <span class='ocrx_word' id='word_1_13' title='bbox 1761 296 1827 325; x_wconf 90' lang='lat' dir='ltr'>se-</span> 
     </span>
     <span class='ocr_line' id='line_1_3' title="bbox 198 355 1828 411; baseline -0.002 -12"><span class='ocrx_word' id='word_1_14' title='bbox 198 365 440 411; x_wconf 79' lang='lat' dir='ltr'>parantur.</span> <span class='ocrx_word' id='word_1_15' title='bbox 474 358 633 408; x_wconf 87' lang='lat' dir='ltr'>Itaque</span> <span class='ocrx_word' id='word_1_16' title='bbox 668 357 868 408; x_wconf 78' lang='lat' dir='ltr'><strong>primam</strong></span> <span class='ocrx_word' id='word_1_17' title='bbox 903 356 1279 396; x_wconf 80' lang='lat' dir='ltr'>exhortationem</span> <span class='ocrx_word' id='word_1_18' title='bbox 1312 355 1402 394; x_wconf 88' lang='lat' dir='ltr'>tria</span> <span class='ocrx_word' id='word_1_19' title='bbox 1437 355 1528 395; x_wconf 90' lang='lat' dir='ltr'>alia</span> <span class='ocrx_word' id='word_1_20' title='bbox 1564 355 1828 396; x_wconf 88' lang='lat' dir='ltr'>vinctorum</span> 
     </span>
     <span class='ocr_line' id='line_1_4' title="bbox 201 426 1829 481; baseline -0.003 -11"><span class='ocrx_word' id='word_1_21' title='bbox 201 440 377 481; x_wconf 85' lang='lat' dir='ltr'>genera</span> <span class='ocrx_word' id='word_1_22' title='bbox 408 441 499 468; x_wconf 90' lang='lat' dir='ltr'>non</span> <span class='ocrx_word' id='word_1_23' title='bbox 529 428 795 478; x_wconf 74' lang='lat' dir='ltr'>audierunt,</span> <span class='ocrx_word' id='word_1_24' title='bbox 820 428 901 468; x_wconf 91' lang='lat' dir='ltr'>sed</span> <span class='ocrx_word' id='word_1_25' title='bbox 923 439 1083 467; x_wconf 89' lang='lat' dir='ltr'>omnes</span> <span class='ocrx_word' id='word_1_26' title='bbox 1106 427 1270 467; x_wconf 91' lang='lat' dir='ltr'>eodem</span> <span class='ocrx_word' id='word_1_27' title='bbox 1291 426 1534 466; x_wconf 87' lang='lat' dir='ltr'>charitatis</span> <span class='ocrx_word' id='word_1_28' title='bbox 1557 427 1654 466; x_wconf 85' lang='lat' dir='ltr'>zelo</span> <span class='ocrx_word' id='word_1_29' title='bbox 1681 428 1829 477; x_wconf 88' lang='lat' dir='ltr'>perlu-</span> 
     </span>
     <span class='ocr_line' id='line_1_5' title="bbox 201 496 1830 548; baseline -0.002 -8"><span class='ocrx_word' id='word_1_30' title='bbox 201 506 356 541; x_wconf 92' lang='lat' dir='ltr'>strans</span> <span class='ocrx_word' id='word_1_31' title='bbox 377 506 421 539; x_wconf 91' lang='lat' dir='ltr'>et</span> <span class='ocrx_word' id='word_1_32' title='bbox 444 499 503 539; x_wconf 86' lang='lat' dir='ltr'>ad</span> <span class='ocrx_word' id='word_1_33' title='bbox 530 498 874 538; x_wconf 86' lang='lat' dir='ltr'>consessionem</span> <span class='ocrx_word' id='word_1_34' title='bbox 902 498 1135 548; x_wconf 84' lang='lat' dir='ltr'>hortatus,</span> <span class='ocrx_word' id='word_1_35' title='bbox 1159 497 1281 548; x_wconf 88' lang='lat' dir='ltr'>fecit,</span> <span class='ocrx_word' id='word_1_36' title='bbox 1305 508 1388 548; x_wconf 90' lang='lat' dir='ltr'>per</span> <span class='ocrx_word' id='word_1_37' title='bbox 1415 496 1503 536; x_wconf 85' lang='lat' dir='ltr'>Dei</span> <span class='ocrx_word' id='word_1_38' title='bbox 1524 497 1749 547; x_wconf 80' lang='lat' dir='ltr'>gratiam,</span> <span class='ocrx_word' id='word_1_39' title='bbox 1782 503 1830 537; x_wconf 92' lang='lat' dir='ltr'>ut</span> 
     </span>
     <span class='ocr_line' id='line_1_6' title="bbox 201 567 1830 621; baseline -0.002 -10"><span class='ocrx_word' id='word_1_40' title='bbox 201 582 363 612; x_wconf 88' lang='lat' dir='ltr'>omnes</span> <span class='ocrx_word' id='word_1_41' title='bbox 393 571 449 610; x_wconf 90' lang='lat' dir='ltr'>de</span> <span class='ocrx_word' id='word_1_42' title='bbox 484 570 690 621; x_wconf 88' lang='lat' dir='ltr'>peccatis</span> <span class='ocrx_word' id='word_1_43' title='bbox 720 569 1049 609; x_wconf 90' lang='lat' dir='ltr'>confiterentur</span> <span class='ocrx_word' id='word_1_44' title='bbox 1088 574 1132 608; x_wconf 90' lang='lat' dir='ltr'>et</span> <span class='ocrx_word' id='word_1_45' title='bbox 1171 568 1231 608; x_wconf 88' lang='lat' dir='ltr'>ad</span> <span class='ocrx_word' id='word_1_46' title='bbox 1269 568 1618 607; x_wconf 77' lang='lat' dir='ltr'>sanctissimum</span> <span class='ocrx_word' id='word_1_47' title='bbox 1657 567 1830 608; x_wconf 80' lang='lat' dir='ltr'>Christi</span> 
     </span>
     <span class='ocr_line' id='line_1_7' title="bbox 201 638 1829 693; baseline -0.002 -11"><span class='ocrx_word' id='word_1_48' title='bbox 201 653 370 693; x_wconf 91' lang='lat' dir='ltr'>corpus</span> <span class='ocrx_word' id='word_1_49' title='bbox 399 641 731 681; x_wconf 89' lang='lat' dir='ltr'>assumendum</span> <span class='ocrx_word' id='word_1_50' title='bbox 760 652 809 680; x_wconf 89' lang='lat' dir='ltr'>se</span> <span class='ocrx_word' id='word_1_51' title='bbox 837 645 1074 692; x_wconf 89' lang='lat' dir='ltr'>pararent.</span> <span class='ocrx_word' id='word_1_52' title='bbox 1097 638 1316 679; x_wconf 91' lang='lat' dir='ltr'>Nonnulli</span> <span class='ocrx_word' id='word_1_53' title='bbox 1343 651 1401 678; x_wconf 86' lang='lat' dir='ltr'>ex</span> <span class='ocrx_word' id='word_1_54' title='bbox 1426 638 1679 678; x_wconf 88' lang='lat' dir='ltr'>Mahometi</span> <span class='ocrx_word' id='word_1_55' title='bbox 1702 644 1829 679; x_wconf 90' lang='lat' dir='ltr'>secta</span> 
     </span>
     <span class='ocr_line' id='line_1_8' title="bbox 201 709 1827 762; baseline -0.003 -9"><span class='ocrx_word' id='word_1_56' title='bbox 201 713 261 753; x_wconf 87' lang='lat' dir='ltr'>ad</span> <span class='ocrx_word' id='word_1_57' title='bbox 282 712 679 752; x_wconf 81' lang='lat' dir='ltr'>christianismum</span> <span class='ocrx_word' id='word_1_58' title='bbox 710 711 950 761; x_wconf 80' lang='lat' dir='ltr'>conversi,</span> <span class='ocrx_word' id='word_1_59' title='bbox 985 710 1062 762; x_wconf 92' lang='lat' dir='ltr'>qui</span> <span class='ocrx_word' id='word_1_60' title='bbox 1092 710 1155 750; x_wconf 91' lang='lat' dir='ltr'>ibi</span> <span class='ocrx_word' id='word_1_61' title='bbox 1180 709 1520 759; x_wconf 83' lang='lat' dir='ltr'>detinebantur,</span> <span class='ocrx_word' id='word_1_62' title='bbox 1553 709 1694 749; x_wconf 86' lang='lat' dir='ltr'>etiam</span> <span class='ocrx_word' id='word_1_63' title='bbox 1724 720 1827 749; x_wconf 92' lang='lat' dir='ltr'>con-</span> 
     </span>
     <span class='ocr_line' id='line_1_9' title="bbox 200 780 1829 835; baseline -0.003 -11"><span class='ocrx_word' id='word_1_64' title='bbox 200 783 311 824; x_wconf 90' lang='lat' dir='ltr'>fessi</span> <span class='ocrx_word' id='word_1_65' title='bbox 331 790 452 833; x_wconf 91' lang='lat' dir='ltr'>sunt,</span> <span class='ocrx_word' id='word_1_66' title='bbox 473 783 686 835; x_wconf 79' lang='lat' dir='ltr'>quamvis</span> <span class='ocrx_word' id='word_1_67' title='bbox 709 782 1035 822; x_wconf 76' lang='lat' dir='ltr'>sanctissimae</span> <span class='ocrx_word' id='word_1_68' title='bbox 1056 781 1380 821; x_wconf 79' lang='lat' dir='ltr'>Eucharistiae</span> <span class='ocrx_word' id='word_1_69' title='bbox 1400 780 1489 820; x_wconf 91' lang='lat' dir='ltr'>illis</span> <span class='ocrx_word' id='word_1_70' title='bbox 1510 786 1619 820; x_wconf 92' lang='lat' dir='ltr'>tunc</span> <span class='ocrx_word' id='word_1_71' title='bbox 1643 792 1829 820; x_wconf 89' lang='lat' dir='ltr'>conces-</span> 
     </span>
     <span class='ocr_line' id='line_1_10' title="bbox 200 850 1830 903; baseline -0.003 -8"><span class='ocrx_word' id='word_1_72' title='bbox 200 867 304 895; x_wconf 93' lang='lat' dir='ltr'>sum</span> <span class='ocrx_word' id='word_1_73' title='bbox 324 866 417 894; x_wconf 91' lang='lat' dir='ltr'>non</span> <span class='ocrx_word' id='word_1_74' title='bbox 438 854 573 894; x_wconf 89' lang='lat' dir='ltr'>fuerit</span> <span class='ocrx_word' id='word_1_75' title='bbox 601 858 969 903; x_wconf 73' lang='lat' dir='ltr'>sacramentum,</span> <span class='ocrx_word' id='word_1_76' title='bbox 994 858 1039 892; x_wconf 91' lang='lat' dir='ltr'>et</span> <span class='ocrx_word' id='word_1_77' title='bbox 1069 852 1177 903; x_wconf 90' lang='lat' dir='ltr'>quia</span> <span class='ocrx_word' id='word_1_78' title='bbox 1205 851 1264 891; x_wconf 89' lang='lat' dir='ltr'>ad</span> <span class='ocrx_word' id='word_1_79' title='bbox 1286 850 1476 902; x_wconf 86' lang='lat' dir='ltr'>jubilaei</span> <span class='ocrx_word' id='word_1_80' title='bbox 1502 851 1708 902; x_wconf 82' lang='lat' dir='ltr'>gratiam</span> <span class='ocrx_word' id='word_1_81' title='bbox 1733 856 1830 891; x_wconf 87' lang='lat' dir='ltr'>tam</span> 
     </span>
     <span class='ocr_line' id='line_1_11' title="bbox 201 922 1830 976; baseline -0.002 -11"><span class='ocrx_word' id='word_1_82' title='bbox 201 926 397 965; x_wconf 87' lang='lat' dir='ltr'>libenter</span> <span class='ocrx_word' id='word_1_83' title='bbox 431 937 480 965; x_wconf 87' lang='lat' dir='ltr'>se</span> <span class='ocrx_word' id='word_1_84' title='bbox 508 925 853 976; x_wconf 80' lang='lat' dir='ltr'>disposuerant,</span> <span class='ocrx_word' id='word_1_85' title='bbox 884 922 1022 963; x_wconf 89' lang='lat' dir='ltr'>Pater</span> <span class='ocrx_word' id='word_1_86' title='bbox 1052 923 1206 963; x_wconf 90' lang='lat' dir='ltr'>Miron</span> <span class='ocrx_word' id='word_1_87' title='bbox 1233 923 1556 973; x_wconf 87' lang='lat' dir='ltr'>eleemosynas</span> <span class='ocrx_word' id='word_1_88' title='bbox 1582 923 1830 962; x_wconf 91' lang='lat' dir='ltr'>nonnullas</span> 
     </span>
     <span class='ocr_line' id='line_1_12' title="bbox 200 991 1826 1047; baseline -0.002 -11"><span class='ocrx_word' id='word_1_89' title='bbox 200 996 268 1036; x_wconf 93' lang='lat' dir='ltr'>eis</span> <span class='ocrx_word' id='word_1_90' title='bbox 284 995 576 1047; x_wconf 86' lang='lat' dir='ltr'>quaerendas</span> <span class='ocrx_word' id='word_1_91' title='bbox 594 995 791 1045; x_wconf 83' lang='lat' dir='ltr'>curavit,</span> <span class='ocrx_word' id='word_1_92' title='bbox 812 1000 862 1034; x_wconf 93' lang='lat' dir='ltr'>ut</span> <span class='ocrx_word' id='word_1_93' title='bbox 874 993 1086 1034; x_wconf 91' lang='lat' dir='ltr'>homines</span> <span class='ocrx_word' id='word_1_94' title='bbox 1099 993 1271 1043; x_wconf 89' lang='lat' dir='ltr'>miseri,</span> <span class='ocrx_word' id='word_1_95' title='bbox 1292 993 1452 1033; x_wconf 88' lang='lat' dir='ltr'>diebus</span> <span class='ocrx_word' id='word_1_96' title='bbox 1460 991 1633 1044; x_wconf 89' lang='lat' dir='ltr'>jejunio</span> <span class='ocrx_word' id='word_1_97' title='bbox 1646 992 1826 1043; x_wconf 92' lang='lat' dir='ltr'>dicatis,</span> 
     </span>
     <span class='ocr_line' id='line_1_13' title="bbox 202 1063 1829 1117; baseline -0.002 -11"><span class='ocrx_word' id='word_1_98' title='bbox 202 1067 355 1106; x_wconf 90' lang='lat' dir='ltr'>cibum</span> <span class='ocrx_word' id='word_1_99' title='bbox 386 1072 607 1117; x_wconf 81' lang='lat' dir='ltr'>caperent</span> <span class='ocrx_word' id='word_1_100' title='bbox 632 1064 656 1105; x_wconf 91' lang='lat'>¹.</span> <span class='ocrx_word' id='word_1_101' title='bbox 690 1066 850 1116; x_wconf 89' lang='lat' dir='ltr'>Itaque</span> <span class='ocrx_word' id='word_1_102' title='bbox 873 1065 920 1104; x_wconf 94' lang='lat' dir='ltr'>in</span> <span class='ocrx_word' id='word_1_103' title='bbox 945 1070 1142 1116; x_wconf 88' lang='lat' dir='ltr'>utroque</span> <span class='ocrx_word' id='word_1_104' title='bbox 1163 1064 1348 1104; x_wconf 90' lang='lat' dir='ltr'>homine</span> <span class='ocrx_word' id='word_1_105' title='bbox 1370 1063 1556 1104; x_wconf 88' lang='lat' dir='ltr'>eosdem</span> <span class='ocrx_word' id='word_1_106' title='bbox 1578 1070 1647 1104; x_wconf 91' lang='lat' dir='ltr'>est</span> <span class='ocrx_word' id='word_1_107' title='bbox 1669 1076 1829 1104; x_wconf 92' lang='lat' dir='ltr'>conso-</span> 
     </span>
     <span class='ocr_line' id='line_1_14' title="bbox 200 1135 1830 1189; baseline -0.002 -11"><span class='ocrx_word' id='word_1_108' title='bbox 200 1140 343 1188; x_wconf 88' lang='lat' dir='ltr'>latus;</span> <span class='ocrx_word' id='word_1_109' title='bbox 369 1143 414 1177; x_wconf 91' lang='lat' dir='ltr'>et</span> <span class='ocrx_word' id='word_1_110' title='bbox 435 1137 557 1189; x_wconf 89' lang='lat' dir='ltr'>quod</span> <span class='ocrx_word' id='word_1_111' title='bbox 577 1136 655 1176; x_wconf 92' lang='lat' dir='ltr'>alii</span> <span class='ocrx_word' id='word_1_112' title='bbox 676 1136 808 1176; x_wconf 92' lang='lat' dir='ltr'>liberi</span> <span class='ocrx_word' id='word_1_113' title='bbox 826 1135 1048 1186; x_wconf 82' lang='lat' dir='ltr'>consequi</span> <span class='ocrx_word' id='word_1_114' title='bbox 1067 1147 1161 1175; x_wconf 93' lang='lat' dir='ltr'>non</span> <span class='ocrx_word' id='word_1_115' title='bbox 1180 1140 1446 1186; x_wconf 90' lang='lat' dir='ltr'>potuerunt,</span> <span class='ocrx_word' id='word_1_116' title='bbox 1470 1135 1629 1174; x_wconf 88' lang='lat' dir='ltr'>divina</span> <span class='ocrx_word' id='word_1_117' title='bbox 1646 1135 1830 1175; x_wconf 88' lang='lat' dir='ltr'>bonitas</span> 
     </span>
     <span class='ocr_line' id='line_1_15' title="bbox 201 1205 1830 1259; baseline -0.002 -10"><span class='ocrx_word' id='word_1_118' title='bbox 201 1209 328 1249; x_wconf 88' lang='lat' dir='ltr'>hisce</span> <span class='ocrx_word' id='word_1_119' title='bbox 349 1208 520 1248; x_wconf 86' lang='lat' dir='ltr'>vinctis</span> <span class='ocrx_word' id='word_1_120' title='bbox 541 1207 827 1259; x_wconf 80' lang='lat' dir='ltr'>perbenigne</span> <span class='ocrx_word' id='word_1_121' title='bbox 848 1206 1066 1258; x_wconf 82' lang='lat' dir='ltr'>providit.</span> <span class='ocrx_word' id='word_1_122' title='bbox 1090 1205 1267 1257; x_wconf 84' lang='lat' dir='ltr'>Quibus</span> <span class='ocrx_word' id='word_1_123' title='bbox 1288 1206 1626 1256; x_wconf 86' lang='lat' dir='ltr'>reconciliatis,</span> <span class='ocrx_word' id='word_1_124' title='bbox 1655 1205 1727 1246; x_wconf 89' lang='lat' dir='ltr'>die</span> <span class='ocrx_word' id='word_1_125' title='bbox 1754 1205 1830 1246; x_wconf 94' lang='lat' dir='ltr'>do-</span> 
     </span>
     <span class='ocr_line' id='line_1_16' title="bbox 200 1277 1830 1328; baseline -0.002 -8"><span class='ocrx_word' id='word_1_126' title='bbox 200 1280 373 1320; x_wconf 88' lang='lat' dir='ltr'>minica</span> <span class='ocrx_word' id='word_1_127' title='bbox 393 1279 531 1319; x_wconf 89' lang='lat' dir='ltr'>Pater</span> <span class='ocrx_word' id='word_1_128' title='bbox 552 1278 704 1318; x_wconf 89' lang='lat' dir='ltr'>Miron</span> <span class='ocrx_word' id='word_1_129' title='bbox 725 1289 831 1317; x_wconf 91' lang='lat' dir='ltr'>cum</span> <span class='ocrx_word' id='word_1_130' title='bbox 852 1283 1052 1328; x_wconf 84' lang='lat' dir='ltr'>quatuor</span> <span class='ocrx_word' id='word_1_131' title='bbox 1073 1277 1415 1325; x_wconf 83' lang='lat' dir='ltr'>sacerdotibuS,</span> <span class='ocrx_word' id='word_1_132' title='bbox 1451 1283 1546 1317; x_wconf 91' lang='lat' dir='ltr'>tres</span> <span class='ocrx_word' id='word_1_133' title='bbox 1572 1277 1741 1317; x_wconf 89' lang='lat' dir='ltr'>Missas</span> <span class='ocrx_word' id='word_1_134' title='bbox 1768 1277 1830 1317; x_wconf 89' lang='lat' dir='ltr'>di-</span> 
     </span>
     <span class='ocr_line' id='line_1_17' title="bbox 198 1347 1830 1398; baseline -0.002 -8"><span class='ocrx_word' id='word_1_135' title='bbox 198 1350 351 1390; x_wconf 86' lang='lat' dir='ltr'>versis</span> <span class='ocrx_word' id='word_1_136' title='bbox 371 1349 418 1389; x_wconf 88' lang='lat' dir='ltr'>in</span> <span class='ocrx_word' id='word_1_137' title='bbox 439 1349 554 1389; x_wconf 90' lang='lat' dir='ltr'>locis</span> <span class='ocrx_word' id='word_1_138' title='bbox 575 1347 588 1366; x_wconf 67' lang='lat'><strong>²</strong></span> <span class='ocrx_word' id='word_1_139' title='bbox 610 1348 904 1398; x_wconf 88' lang='lat' dir='ltr'>celebrandO,</span> <span class='ocrx_word' id='word_1_140' title='bbox 929 1347 1286 1388; x_wconf 85' lang='lat' dir='ltr'>Sanctissimum</span> <span class='ocrx_word' id='word_1_141' title='bbox 1309 1347 1666 1388; x_wconf 84' lang='lat' dir='ltr'>Sacramentum</span> <span class='ocrx_word' id='word_1_142' title='bbox 1689 1348 1830 1388; x_wconf 91' lang='lat' dir='ltr'>admi-</span> 
     </span>
     <span class='ocr_line' id='line_1_18' title="bbox 199 1421 471 1461; baseline -0.004 -1"><span class='ocrx_word' id='word_1_143' title='bbox 199 1421 471 1461; x_wconf 90' lang='lat' dir='ltr'>nistrarunt.</span> 
     </span>
    </p>

    <p class='ocr_par' dir='ltr' id='par_1_3' title="bbox 198 1489 1834 2536">
     <span class='ocr_line' id='line_1_19' title="bbox 278 1489 1829 1542; baseline -0.001 -10"><span class='ocrx_word' id='word_1_144' title='bbox 278 1492 379 1532; x_wconf 91' lang='lat' dir='ltr'>Hoc</span> <span class='ocrx_word' id='word_1_145' title='bbox 405 1492 593 1542; x_wconf 83' lang='lat' dir='ltr'>negotio</span> <span class='ocrx_word' id='word_1_146' title='bbox 622 1491 834 1531; x_wconf 85' lang='lat' dir='ltr'>absoluto</span> <span class='ocrx_word' id='word_1_147' title='bbox 864 1496 1063 1541; x_wconf 87' lang='lat' dir='ltr'>quatuor</span> <span class='ocrx_word' id='word_1_148' title='bbox 1092 1489 1254 1530; x_wconf 88' lang='lat' dir='ltr'>diebus</span> <span class='ocrx_word' id='word_1_149' title='bbox 1283 1490 1427 1541; x_wconf 90' lang='lat' dir='ltr'>(nam,</span> <span class='ocrx_word' id='word_1_150' title='bbox 1452 1490 1632 1531; x_wconf 90' lang='lat' dir='ltr'>duobus</span> <span class='ocrx_word' id='word_1_151' title='bbox 1653 1496 1829 1542; x_wconf 88' lang='lat' dir='ltr'>postre-</span> 
     </span>
     <span class='ocr_line' id='line_1_20' title="bbox 200 1561 1832 1614; baseline -0.001 -11"><span class='ocrx_word' id='word_1_152' title='bbox 200 1563 301 1614; x_wconf 89' lang='lat' dir='ltr'>mis,</span> <span class='ocrx_word' id='word_1_153' title='bbox 325 1563 527 1614; x_wconf 89' lang='lat' dir='ltr'>quinque</span> <span class='ocrx_word' id='word_1_154' title='bbox 550 1562 728 1602; x_wconf 89' lang='lat' dir='ltr'>ordinis</span> <span class='ocrx_word' id='word_1_155' title='bbox 745 1561 1129 1601; x_wconf 86' lang='lat' dir='ltr'>Praedicatorum</span> <span class='ocrx_word' id='word_1_156' title='bbox 1149 1567 1194 1601; x_wconf 92' lang='lat' dir='ltr'>et</span> <span class='ocrx_word' id='word_1_157' title='bbox 1216 1562 1307 1602; x_wconf 90' lang='lat' dir='ltr'>duo</span> <span class='ocrx_word' id='word_1_158' title='bbox 1331 1561 1374 1602; x_wconf 81' lang='lat' dir='ltr'>S.</span> <span class='ocrx_word' id='word_1_159' title='bbox 1399 1562 1644 1602; x_wconf 85' lang='lat' dir='ltr'>Francisci</span> <span class='ocrx_word' id='word_1_160' title='bbox 1667 1561 1832 1602; x_wconf 87' lang='lat' dir='ltr'>Patres</span> 
     </span>
     <span class='ocr_line' id='line_1_21' title="bbox 198 1632 1831 1685; baseline -0.001 -11"><span class='ocrx_word' id='word_1_161' title='bbox 198 1645 285 1674; x_wconf 92' lang='lat' dir='ltr'>nos</span> <span class='ocrx_word' id='word_1_162' title='bbox 313 1633 624 1685; x_wconf 86' lang='lat' dir='ltr'>adjuverunt),</span> <span class='ocrx_word' id='word_1_163' title='bbox 648 1633 863 1673; x_wconf 85' lang='lat' dir='ltr'>venimus</span> <span class='ocrx_word' id='word_1_164' title='bbox 885 1632 933 1672; x_wconf 90' lang='lat' dir='ltr'>in</span> <span class='ocrx_word' id='word_1_165' title='bbox 959 1633 1294 1672; x_wconf 89' lang='lat' dir='ltr'>monasterium</span> <span class='ocrx_word' id='word_1_166' title='bbox 1322 1633 1479 1673; x_wconf 91' lang='lat' dir='ltr'>domui</span> <span class='ocrx_word' id='word_1_167' title='bbox 1505 1638 1694 1673; x_wconf 88' lang='lat' dir='ltr'>nostrae</span> <span class='ocrx_word' id='word_1_168' title='bbox 1720 1633 1831 1673; x_wconf 86' lang='lat' dir='ltr'>vici-</span> 
     </span>
     <span class='ocr_line' id='line_1_22' title="bbox 199 1703 1833 1755; baseline -0.001 -10"><span class='ocrx_word' id='word_1_169' title='bbox 199 1716 325 1755; x_wconf 89' lang='lat' dir='ltr'>num,</span> <span class='ocrx_word' id='word_1_170' title='bbox 344 1704 640 1744; x_wconf 89' lang='lat' dir='ltr'>Hierusalem</span> <span class='ocrx_word' id='word_1_171' title='bbox 661 1704 849 1754; x_wconf 88' lang='lat' dir='ltr'>dictum,</span> <span class='ocrx_word' id='word_1_172' title='bbox 874 1704 953 1744; x_wconf 90' lang='lat' dir='ltr'>ubi</span> <span class='ocrx_word' id='word_1_173' title='bbox 972 1703 1111 1743; x_wconf 88' lang='lat' dir='ltr'>Pater</span> <span class='ocrx_word' id='word_1_174' title='bbox 1126 1703 1279 1744; x_wconf 90' lang='lat' dir='ltr'>Miron</span> <span class='ocrx_word' id='word_1_175' title='bbox 1301 1715 1407 1744; x_wconf 93' lang='lat' dir='ltr'>cum</span> <span class='ocrx_word' id='word_1_176' title='bbox 1423 1703 1651 1755; x_wconf 85' lang='lat' dir='ltr'>Magistro</span> <span class='ocrx_word' id='word_1_177' title='bbox 1673 1703 1833 1744; x_wconf 88' lang='lat' dir='ltr'>Hiero-</span> 
     </span>
     <span class='ocr_line' id='line_1_23' title="bbox 200 1774 1832 1828; baseline -0.001 -12"><span class='ocrx_word' id='word_1_178' title='bbox 200 1787 343 1828; x_wconf 79' lang='lat' dir='ltr'>nymo</span> <span class='ocrx_word' id='word_1_179' title='bbox 360 1775 598 1815; x_wconf 90' lang='lat' dir='ltr'>Domenec</span> <span class='ocrx_word' id='word_1_180' title='bbox 615 1775 936 1815; x_wconf 88' lang='lat' dir='ltr'>confessiones</span> <span class='ocrx_word' id='word_1_181' title='bbox 953 1774 1213 1826; x_wconf 85' lang='lat' dir='ltr'>audierant,</span> <span class='ocrx_word' id='word_1_182' title='bbox 1234 1775 1344 1815; x_wconf 93' lang='lat' dir='ltr'>dum</span> <span class='ocrx_word' id='word_1_183' title='bbox 1364 1781 1457 1815; x_wconf 89' lang='lat' dir='ltr'>tres</span> <span class='ocrx_word' id='word_1_184' title='bbox 1475 1775 1553 1815; x_wconf 91' lang='lat' dir='ltr'>alii</span> <span class='ocrx_word' id='word_1_185' title='bbox 1574 1775 1620 1815; x_wconf 88' lang='lat' dir='ltr'>in</span> <span class='ocrx_word' id='word_1_186' title='bbox 1643 1786 1832 1815; x_wconf 87' lang='lat' dir='ltr'>carcere</span> 
     </span>
     <span class='ocr_line' id='line_1_24' title="bbox 202 1845 1833 1898; baseline -0.001 -11"><span class='ocrx_word' id='word_1_187' title='bbox 202 1847 566 1898; x_wconf 87' lang='lat' dir='ltr'>occupabantur.</span> <span class='ocrx_word' id='word_1_188' title='bbox 590 1845 710 1886; x_wconf 88' lang='lat' dir='ltr'>Mira</span> <span class='ocrx_word' id='word_1_189' title='bbox 731 1846 954 1886; x_wconf 88' lang='lat' dir='ltr'>confluxit</span> <span class='ocrx_word' id='word_1_190' title='bbox 975 1845 1214 1886; x_wconf 89' lang='lat' dir='ltr'>hominum</span> <span class='ocrx_word' id='word_1_191' title='bbox 1234 1845 1500 1897; x_wconf 90' lang='lat' dir='ltr'>multitudo,</span> <span class='ocrx_word' id='word_1_192' title='bbox 1524 1846 1602 1886; x_wconf 90' lang='lat' dir='ltr'>ubi</span> <span class='ocrx_word' id='word_1_193' title='bbox 1631 1846 1833 1897; x_wconf 87' lang='lat' dir='ltr'>quinque</span> 
     </span>
     <span class='ocr_line' id='line_1_25' title="bbox 201 1916 1832 1958; baseline -0.001 0"><span class='ocrx_word' id='word_1_194' title='bbox 201 1917 449 1958; x_wconf 87' lang='lat' dir='ltr'>Societatis</span> <span class='ocrx_word' id='word_1_195' title='bbox 487 1916 757 1957; x_wconf 88' lang='lat' dir='ltr'>sacerdotes</span> <span class='ocrx_word' id='word_1_196' title='bbox 797 1928 958 1956; x_wconf 88' lang='lat' dir='ltr'>eorum</span> <span class='ocrx_word' id='word_1_197' title='bbox 998 1916 1370 1956; x_wconf 89' lang='lat' dir='ltr'>confessionibus</span> <span class='ocrx_word' id='word_1_198' title='bbox 1411 1917 1654 1957; x_wconf 90' lang='lat' dir='ltr'>audiendis</span> <span class='ocrx_word' id='word_1_199' title='bbox 1694 1928 1832 1957; x_wconf 88' lang='lat' dir='ltr'>vaca-</span> 
     </span>
     <span class='ocr_line' id='line_1_26' title="bbox 200 1987 1832 2039; baseline -0.001 -10"><span class='ocrx_word' id='word_1_200' title='bbox 200 1989 326 2029; x_wconf 90' lang='lat' dir='ltr'>bant.</span> <span class='ocrx_word' id='word_1_201' title='bbox 357 1988 407 2028; x_wconf 88' lang='lat' dir='ltr'>P.</span> <span class='ocrx_word' id='word_1_202' title='bbox 439 1995 595 2028; x_wconf 89' lang='lat' dir='ltr'>tamen</span> <span class='ocrx_word' id='word_1_203' title='bbox 624 1988 777 2028; x_wconf 90' lang='lat' dir='ltr'>Miron</span> <span class='ocrx_word' id='word_1_204' title='bbox 811 1988 916 2028; x_wconf 92' lang='lat' dir='ltr'>inde</span> <span class='ocrx_word' id='word_1_205' title='bbox 944 1999 1084 2039; x_wconf 82' lang='lat' dir='ltr'>saepe</span> <span class='ocrx_word' id='word_1_206' title='bbox 1112 1988 1203 2027; x_wconf 90' lang='lat' dir='ltr'>alio</span> <span class='ocrx_word' id='word_1_207' title='bbox 1233 1988 1534 2035; x_wconf 84' lang='lat' dir='ltr'>excurrebat,</span> <span class='ocrx_word' id='word_1_208' title='bbox 1564 1994 1612 2028; x_wconf 91' lang='lat' dir='ltr'>ut</span> <span class='ocrx_word' id='word_1_209' title='bbox 1639 1987 1832 2039; x_wconf 89' lang='lat' dir='ltr'>majoris</span> 
     </span>
     <span class='ocr_line' id='line_1_27' title="bbox 201 2059 1831 2110; baseline -0.001 -10"><span class='ocrx_word' id='word_1_210' title='bbox 201 2059 423 2100; x_wconf 91' lang='lat' dir='ltr'>momenti</span> <span class='ocrx_word' id='word_1_211' title='bbox 444 2059 823 2109; x_wconf 88' lang='lat' dir='ltr'>necessitatibus,</span> <span class='ocrx_word' id='word_1_212' title='bbox 853 2069 972 2109; x_wconf 89' lang='lat' dir='ltr'>quae</span> <span class='ocrx_word' id='word_1_213' title='bbox 1004 2059 1333 2109; x_wconf 88' lang='lat' dir='ltr'>occurrebant,</span> <span class='ocrx_word' id='word_1_214' title='bbox 1364 2059 1647 2099; x_wconf 89' lang='lat' dir='ltr'>subveniret.</span> <span class='ocrx_word' id='word_1_215' title='bbox 1679 2059 1831 2110; x_wconf 85' lang='lat' dir='ltr'>Quan-</span> 
     </span>
     <span class='ocr_line' id='line_1_28' title="bbox 201 2128 1833 2180; baseline -0.001 -9"><span class='ocrx_word' id='word_1_216' title='bbox 201 2137 300 2171; x_wconf 91' lang='lat' dir='ltr'>tum</span> <span class='ocrx_word' id='word_1_217' title='bbox 320 2142 433 2170; x_wconf 84' lang='lat' dir='ltr'>vero</span> <span class='ocrx_word' id='word_1_218' title='bbox 464 2129 811 2170; x_wconf 89' lang='lat' dir='ltr'>misericordiae</span> <span class='ocrx_word' id='word_1_219' title='bbox 840 2129 1087 2169; x_wconf 87' lang='lat' dir='ltr'>contulerit</span> <span class='ocrx_word' id='word_1_220' title='bbox 1115 2128 1245 2169; x_wconf 90' lang='lat' dir='ltr'>Deus</span> <span class='ocrx_word' id='word_1_221' title='bbox 1273 2130 1485 2180; x_wconf 91' lang='lat' dir='ltr'>plurimis</span> <span class='ocrx_word' id='word_1_222' title='bbox 1515 2129 1833 2170; x_wconf 85' lang='lat' dir='ltr'>confitentium</span> 
     </span>
     <span class='ocr_line' id='line_1_29' title="bbox 201 2199 1833 2252; baseline 0 -11"><span class='ocrx_word' id='word_1_223' title='bbox 201 2201 465 2249; x_wconf 89' lang='lat' dir='ltr'>animabus,</span> <span class='ocrx_word' id='word_1_224' title='bbox 490 2202 594 2252; x_wconf 89' lang='lat' dir='ltr'>plus</span> <span class='ocrx_word' id='word_1_225' title='bbox 616 2201 715 2252; x_wconf 91' lang='lat' dir='ltr'>ipse</span> <span class='ocrx_word' id='word_1_226' title='bbox 738 2199 816 2252; x_wconf 89' lang='lat' dir='ltr'>qui</span> <span class='ocrx_word' id='word_1_227' title='bbox 837 2200 1031 2240; x_wconf 89' lang='lat' dir='ltr'>contulit</span> <span class='ocrx_word' id='word_1_228' title='bbox 1048 2206 1206 2251; x_wconf 91' lang='lat' dir='ltr'>posset</span> <span class='ocrx_word' id='word_1_229' title='bbox 1226 2201 1502 2252; x_wconf 85' lang='lat' dir='ltr'>exprimere.</span> <span class='ocrx_word' id='word_1_230' title='bbox 1526 2200 1629 2241; x_wconf 93' lang='lat' dir='ltr'>Hoc</span> <span class='ocrx_word' id='word_1_231' title='bbox 1651 2207 1833 2241; x_wconf 91' lang='lat' dir='ltr'>tantum</span> 
     </span>
     <span class='ocr_line' id='line_1_30' title="bbox 201 2271 1832 2324; baseline 0.001 -12"><span class='ocrx_word' id='word_1_232' title='bbox 201 2272 368 2323; x_wconf 89' lang='lat' dir='ltr'>dicam,</span> <span class='ocrx_word' id='word_1_233' title='bbox 394 2271 574 2322; x_wconf 87' lang='lat' dir='ltr'>aliquos</span> <span class='ocrx_word' id='word_1_234' title='bbox 603 2271 859 2311; x_wconf 90' lang='lat' dir='ltr'>accessisse</span> <span class='ocrx_word' id='word_1_235' title='bbox 881 2271 959 2322; x_wconf 88' lang='lat' dir='ltr'>qui</span> <span class='ocrx_word' id='word_1_236' title='bbox 981 2271 1160 2311; x_wconf 91' lang='lat' dir='ltr'>duobus</span> <span class='ocrx_word' id='word_1_237' title='bbox 1188 2272 1343 2322; x_wconf 90' lang='lat' dir='ltr'>annis,</span> <span class='ocrx_word' id='word_1_238' title='bbox 1373 2272 1451 2323; x_wconf 92' lang='lat' dir='ltr'>qui</span> <span class='ocrx_word' id='word_1_239' title='bbox 1472 2283 1570 2323; x_wconf 89' lang='lat' dir='ltr'>sex,</span> <span class='ocrx_word' id='word_1_240' title='bbox 1595 2272 1673 2324; x_wconf 91' lang='lat' dir='ltr'>qui</span> <span class='ocrx_word' id='word_1_241' title='bbox 1694 2272 1832 2313; x_wconf 89' lang='lat' dir='ltr'>unde-</span> 
     </span>
     <span class='ocr_line' id='line_1_31' title="bbox 202 2342 1831 2395; baseline 0 -11"><span class='ocrx_word' id='word_1_242' title='bbox 202 2344 314 2394; x_wconf 88' lang='lat' dir='ltr'>cim,</span> <span class='ocrx_word' id='word_1_243' title='bbox 338 2343 416 2395; x_wconf 92' lang='lat' dir='ltr'>qui</span> <span class='ocrx_word' id='word_1_244' title='bbox 438 2342 623 2382; x_wconf 90' lang='lat' dir='ltr'>demum</span> <span class='ocrx_word' id='word_1_245' title='bbox 644 2342 814 2393; x_wconf 82' lang='lat' dir='ltr'>viginti</span> <span class='ocrx_word' id='word_1_246' title='bbox 834 2342 1037 2394; x_wconf 90' lang='lat' dir='ltr'>quinque</span> <span class='ocrx_word' id='word_1_247' title='bbox 1065 2343 1199 2382; x_wconf 92' lang='lat' dir='ltr'>annis</span> <span class='ocrx_word' id='word_1_248' title='bbox 1226 2354 1253 2382; x_wconf 91' lang='lat' dir='ltr'>a</span> <span class='ocrx_word' id='word_1_249' title='bbox 1281 2343 1573 2383; x_wconf 86' lang='lat' dir='ltr'>confessione</span> <span class='ocrx_word' id='word_1_250' title='bbox 1602 2344 1831 2384; x_wconf 88' lang='lat' dir='ltr'>abstinue-</span> 
     </span>
     <span class='ocr_line' id='line_1_32' title="bbox 202 2412 1834 2466; baseline 0 -11"><span class='ocrx_word' id='word_1_251' title='bbox 202 2421 324 2455; x_wconf 87' lang='lat' dir='ltr'>rant.</span> <span class='ocrx_word' id='word_1_252' title='bbox 356 2413 517 2454; x_wconf 91' lang='lat' dir='ltr'>Gloria</span> <span class='ocrx_word' id='word_1_253' title='bbox 544 2414 603 2453; x_wconf 88' lang='lat' dir='ltr'>sit</span> <span class='ocrx_word' id='word_1_254' title='bbox 636 2412 752 2463; x_wconf 93' lang='lat' dir='ltr'>Deo,</span> <span class='ocrx_word' id='word_1_255' title='bbox 784 2413 1012 2453; x_wconf 91' lang='lat' dir='ltr'>bonorum</span> <span class='ocrx_word' id='word_1_256' title='bbox 1045 2413 1251 2453; x_wconf 90' lang='lat' dir='ltr'>omnium</span> <span class='ocrx_word' id='word_1_257' title='bbox 1273 2415 1474 2465; x_wconf 87' lang='lat' dir='ltr'>auctori,</span> <span class='ocrx_word' id='word_1_258' title='bbox 1511 2415 1590 2466; x_wconf 91' lang='lat' dir='ltr'>qui</span> <span class='ocrx_word' id='word_1_259' title='bbox 1623 2415 1683 2455; x_wconf 92' lang='lat' dir='ltr'>ad</span> <span class='ocrx_word' id='word_1_260' title='bbox 1717 2415 1834 2456; x_wconf 90' lang='lat' dir='ltr'>haec</span> 
     </span>
     <span class='ocr_line' id='line_1_33' title="bbox 203 2484 1466 2536; baseline -0.002 -11"><span class='ocrx_word' id='word_1_261' title='bbox 203 2485 359 2526; x_wconf 86' lang='lat' dir='ltr'>omnia</span> <span class='ocrx_word' id='word_1_262' title='bbox 379 2484 596 2524; x_wconf 87' lang='lat' dir='ltr'>Patribus</span> <span class='ocrx_word' id='word_1_263' title='bbox 612 2484 739 2523; x_wconf 86' lang='lat' dir='ltr'>vires</span> <span class='ocrx_word' id='word_1_264' title='bbox 760 2484 992 2524; x_wconf 89' lang='lat' dir='ltr'>concessit</span> <span class='ocrx_word' id='word_1_265' title='bbox 1014 2484 1157 2524; x_wconf 89' lang='lat' dir='ltr'>animi</span> <span class='ocrx_word' id='word_1_266' title='bbox 1173 2490 1218 2524; x_wconf 91' lang='lat' dir='ltr'>et</span> <span class='ocrx_word' id='word_1_267' title='bbox 1240 2485 1466 2536; x_wconf 89' lang='lat' dir='ltr'>corporis.</span> 
     </span>
    </p>

    <p class='ocr_par' dir='ltr' id='par_1_4' title="bbox 202 2555 1834 2822">
     <span class='ocr_line' id='line_1_34' title="bbox 284 2555 1834 2609; baseline 0.002 -13"><span class='ocrx_word' id='word_1_268' title='bbox 284 2555 400 2597; x_wconf 91' lang='lat' dir='ltr'>Cum</span> <span class='ocrx_word' id='word_1_269' title='bbox 421 2555 545 2595; x_wconf 90' lang='lat' dir='ltr'>enim</span> <span class='ocrx_word' id='word_1_270' title='bbox 565 2560 845 2606; x_wconf 88' lang='lat' dir='ltr'>proventum</span> <span class='ocrx_word' id='word_1_271' title='bbox 865 2555 1054 2596; x_wconf 92' lang='lat' dir='ltr'>uberem</span> <span class='ocrx_word' id='word_1_272' title='bbox 1074 2555 1121 2595; x_wconf 91' lang='lat' dir='ltr'>in</span> <span class='ocrx_word' id='word_1_273' title='bbox 1152 2555 1292 2596; x_wconf 86' lang='lat' dir='ltr'>vinea</span> <span class='ocrx_word' id='word_1_274' title='bbox 1323 2556 1513 2597; x_wconf 90' lang='lat' dir='ltr'>Domini</span> <span class='ocrx_word' id='word_1_275' title='bbox 1539 2557 1775 2609; x_wconf 89' lang='lat' dir='ltr'>viderent,</span> <span class='ocrx_word' id='word_1_276' title='bbox 1807 2572 1834 2599; x_wconf 86' lang='lat' dir='ltr'>a</span> 
     </span>
     <span class='ocr_line' id='line_1_35' title="bbox 204 2624 1834 2680; baseline 0.002 -13"><span class='ocrx_word' id='word_1_277' title='bbox 204 2627 363 2678; x_wconf 87' lang='lat' dir='ltr'>quinta</span> <span class='ocrx_word' id='word_1_278' title='bbox 385 2626 503 2666; x_wconf 85' lang='lat' dir='ltr'>hora</span> <span class='ocrx_word' id='word_1_279' title='bbox 519 2631 624 2677; x_wconf 91' lang='lat' dir='ltr'>post</span> <span class='ocrx_word' id='word_1_280' title='bbox 646 2624 846 2665; x_wconf 89' lang='lat' dir='ltr'>mediam</span> <span class='ocrx_word' id='word_1_281' title='bbox 866 2631 1065 2677; x_wconf 90' lang='lat' dir='ltr'>noctem,</span> <span class='ocrx_word' id='word_1_282' title='bbox 1084 2626 1320 2677; x_wconf 80' lang='lat' dir='ltr'>integrum</span> <span class='ocrx_word' id='word_1_283' title='bbox 1337 2627 1459 2667; x_wconf 92' lang='lat' dir='ltr'>diem</span> <span class='ocrx_word' id='word_1_284' title='bbox 1475 2640 1621 2680; x_wconf 86' lang='lat' dir='ltr'>usque</span> <span class='ocrx_word' id='word_1_285' title='bbox 1643 2628 1702 2669; x_wconf 88' lang='lat' dir='ltr'>ad</span> <span class='ocrx_word' id='word_1_286' title='bbox 1722 2630 1834 2670; x_wconf 91' lang='lat' dir='ltr'>mul-</span> 
     </span>
     <span class='ocr_line' id='line_1_36' title="bbox 203 2696 1833 2749; baseline 0.002 -12"><span class='ocrx_word' id='word_1_287' title='bbox 203 2703 300 2737; x_wconf 90' lang='lat' dir='ltr'>tam</span> <span class='ocrx_word' id='word_1_288' title='bbox 329 2703 528 2746; x_wconf 89' lang='lat' dir='ltr'>noctem,</span> <span class='ocrx_word' id='word_1_289' title='bbox 553 2703 598 2736; x_wconf 88' lang='lat' dir='ltr'>et</span> <span class='ocrx_word' id='word_1_290' title='bbox 621 2696 870 2748; x_wconf 88' lang='lat' dir='ltr'>aliquando</span> <span class='ocrx_word' id='word_1_291' title='bbox 899 2697 958 2737; x_wconf 92' lang='lat' dir='ltr'>ad</span> <span class='ocrx_word' id='word_1_292' title='bbox 989 2697 1191 2738; x_wconf 89' lang='lat' dir='ltr'>mediam</span> <span class='ocrx_word' id='word_1_293' title='bbox 1211 2709 1378 2749; x_wconf 92' lang='lat' dir='ltr'>usque,</span> <span class='ocrx_word' id='word_1_294' title='bbox 1403 2698 1574 2739; x_wconf 90' lang='lat' dir='ltr'>Missae</span> <span class='ocrx_word' id='word_1_295' title='bbox 1602 2701 1833 2741; x_wconf 86' lang='lat' dir='ltr'>sacrificio</span> 
     </span>
     <span class='ocr_line' id='line_1_37' title="bbox 202 2767 1834 2822; baseline 0.002 -14"><span class='ocrx_word' id='word_1_296' title='bbox 202 2768 482 2818; x_wconf 88' lang='lat' dir='ltr'>intermisso,</span> <span class='ocrx_word' id='word_1_297' title='bbox 509 2767 880 2807; x_wconf 88' lang='lat' dir='ltr'>confessionibus</span> <span class='ocrx_word' id='word_1_298' title='bbox 903 2768 1150 2819; x_wconf 73' lang='lat' dir='ltr'>vacabant,</span> <span class='ocrx_word' id='word_1_299' title='bbox 1177 2774 1221 2809; x_wconf 93' lang='lat' dir='ltr'>et</span> <span class='ocrx_word' id='word_1_300' title='bbox 1242 2780 1348 2809; x_wconf 90' lang='lat' dir='ltr'>cum</span> <span class='ocrx_word' id='word_1_301' title='bbox 1366 2781 1453 2809; x_wconf 89' lang='lat' dir='ltr'>nec</span> <span class='ocrx_word' id='word_1_302' title='bbox 1473 2770 1541 2810; x_wconf 93' lang='lat' dir='ltr'>sic</span> <span class='ocrx_word' id='word_1_303' title='bbox 1558 2771 1744 2822; x_wconf 92' lang='lat' dir='ltr'>quidem</span> <span class='ocrx_word' id='word_1_304' title='bbox 1760 2772 1834 2812; x_wconf 90' lang='lat' dir='ltr'>de-</span> 
     </span>
    </p>
   </div>
   <div class='ocr_carea' id='block_1_3' title="bbox 204 2902 1833 3029">
    <p class='ocr_par' dir='ltr' id='par_1_5' title="bbox 204 2902 1833 3029">
     <span class='ocr_line' id='line_1_38' title="bbox 259 2902 1833 2942; baseline 0.004 -14"><span class='ocrx_word' id='word_1_305' title='bbox 259 2902 269 2922; x_wconf 75' lang='lat'>2</span> <span class='ocrx_word' id='word_1_306' title='bbox 308 2902 465 2936; x_wconf 81' lang='lat' dir='ltr'>Intellige</span> <span class='ocrx_word' id='word_1_307' title='bbox 478 2902 877 2937; x_wconf 73' lang='lat' dir='ltr'>consentaneam,juxta</span> <span class='ocrx_word' id='word_1_308' title='bbox 890 2902 1071 2931; x_wconf 74' lang='lat' dir='ltr'>Ecclesiae</span> <span class='ocrx_word' id='word_1_309' title='bbox 1082 2903 1334 2938; x_wconf 81' lang='lat' dir='ltr'>leges,J&#39;eJ&#39;um&#39;o</span> <span class='ocrx_word' id='word_1_310' title='bbox 1346 2904 1462 2932; x_wconf 82' lang='lat' dir='ltr'>cibum</span> <span class='ocrx_word' id='word_1_311' title='bbox 1476 2908 1656 2940; x_wconf 79' lang='lat' dir='ltr'>caperent,</span> <span class='ocrx_word' id='word_1_312' title='bbox 1667 2907 1721 2941; x_wconf 90' lang='lat' dir='ltr'>qui</span> <span class='ocrx_word' id='word_1_313' title='bbox 1732 2915 1833 2942; x_wconf 80' lang='lat' dir='ltr'>saepe</span> 
     </span>
     <span class='ocr_line' id='line_1_39' title="bbox 204 2949 911 2984; baseline 0.001 -8"><span class='ocrx_word' id='word_1_314' title='bbox 204 2956 225 2976; x_wconf 86' lang='lat' dir='ltr'>a</span> <span class='ocrx_word' id='word_1_315' title='bbox 241 2949 448 2983; x_wconf 82' lang='lat' dir='ltr'>pauperibus</span> <span class='ocrx_word' id='word_1_316' title='bbox 462 2956 526 2976; x_wconf 89' lang='lat' dir='ltr'>non</span> <span class='ocrx_word' id='word_1_317' title='bbox 541 2949 640 2976; x_wconf 87' lang='lat' dir='ltr'>facile</span> <span class='ocrx_word' id='word_1_318' title='bbox 655 2949 772 2984; x_wconf 86' lang='lat' dir='ltr'>parari</span> <span class='ocrx_word' id='word_1_319' title='bbox 788 2953 911 2984; x_wconf 87' lang='lat' dir='ltr'>potest.</span> 
     </span>
     <span class='ocr_line' id='line_1_40' title="bbox 259 2995 1095 3029; baseline 0.004 -7"><span class='ocrx_word' id='word_1_320' title='bbox 259 2996 272 3015; x_wconf 69' lang='lat'><em>²</em></span> <span class='ocrx_word' id='word_1_321' title='bbox 311 2995 458 3029; x_wconf 85' lang='lat' dir='ltr'>Scilicet,</span> <span class='ocrx_word' id='word_1_322' title='bbox 476 2998 512 3023; x_wconf 86' lang='lat' dir='ltr'>in</span> <span class='ocrx_word' id='word_1_323' title='bbox 529 2997 685 3023; x_wconf 78' lang='lat' dir='ltr'>diversis</span> <span class='ocrx_word' id='word_1_324' title='bbox 697 2997 793 3023; x_wconf 85' lang='lat' dir='ltr'>intra</span> <span class='ocrx_word' id='word_1_325' title='bbox 809 3004 988 3025; x_wconf 78' lang='lat' dir='ltr'>carcerem</span> <span class='ocrx_word' id='word_1_326' title='bbox 1001 2998 1095 3025; x_wconf 79' lang='lat' dir='ltr'>locis.</span> 
     </span>
    </p>
   </div>
  </div>
 </body>
</html>
