2074 3179
274 119 350 156 ,4)ῡο
790 116 1018 153 LlT'sssRAE
1046 127 1408 159 QUAomMEsi-RES

276 216 493 255 relictum
512 215 766 254 videretur.
787 213 1010 254 Attamen
1026 214 1119 264 Ille,
1144 214 1190 253 in
1212 213 1342 265 cujus
1362 214 1550 255 nomine
1573 215 1819 256 daemonia
1840 217 1914 268 (ji—

277 287 478 337 ciuntur,
503 286 673 342 quique
695 285 824 325 venit
845 291 895 325 ut
917 296 1060 336 opera
1082 285 1255 325 diaboli
1275 285 1577 337 dissolveret,
1600 291 1782 326 tantum
1803 286 1914 327 divi-

276 370 364 398 nae
385 358 503 398 lucis
525 357 571 397 in
591 357 712 396 illius
734 356 939 396 animam
960 356 1085 396 misit
1105 356 1302 407 radium,
1326 363 1376 397 ut
1397 368 1447 396 se
1469 357 1657 397 omnino
1679 355 1915 398 Sathanae

276 429 458 469 insidiis
480 428 691 468 delusam
713 434 993 478 agnosceret
1014 427 1147 479 eique
1169 426 1486 479 profiteretur:
1511 434 1620 467 tunc
1652 427 1749 477 illa,
1781 440 1914 480 expc-

275 500 464 551 rientia,
489 500 658 551 inquit,
689 499 830 539 didici
857 498 1200 539 confessionem
1232 510 1334 538 esse
1362 499 1586 539 vitiorum
1615 501 1914 550 expugnatri-

275 584 376 612 cem
389 571 669 622 virtutisque
682 571 938 610 cultricem.
955 570 1075 621 Quid
1083 569 1364 622 juvenculae
1375 569 1619 622 cujusdam
1632 571 1915 611 mentionem

274 643 538 693 fecerimus,
562 654 697 694 quae,
719 648 769 682 ut
789 642 953 693 paucis
975 648 1081 681 ante
1104 641 1362 691 mensibus,
1388 641 1517 693 operi
1538 640 1718 681 nefario
1740 642 1914 682 incum-

273 714 407 765 benS,
441 714 646 765 priorem
675 713 986 764 Magdalenae
1014 713 1162 752 vitam
1194 712 1320 752 omni
1348 712 1501 752 studio
1529 712 1818 763 sectabatur,
1849 713 1913 753 ita

271 797 394 825 nunc
417 785 463 825 in
487 790 666 825 tantam
692 784 763 825 sui
790 784 936 836 ipsius
967 783 1284 835 cognitionem
1314 783 1541 835 perducta
1568 789 1658 834 est,
1689 789 1737 824 ut
1763 790 1912 835 poste-

270 856 444 896 riorem
465 855 673 907 ejusdem
694 855 841 896 vitam
862 855 1035 895 imitari
1056 861 1100 895 et
1131 866 1180 894 se
1212 854 1363 906 ipsam
1393 853 1579 895 Christo
1608 854 1810 895 Domino
1843 867 1912 895 sa-

270 939 405 968 crare
427 934 590 968 sancte
612 927 876 978 affirmarit;
907 927 955 967 in
975 938 1067 978 qua
1088 937 1142 966 eo
1165 925 1411 966 dilucidius
1433 925 1606 976 digitus
1633 925 1723 975 Dei
1743 927 1912 966 reluxit

269 999 393 1050 quod
412 998 511 1039 fere
534 999 712 1047 omnia,
738 1010 857 1050 quae
879 999 927 1038 in
947 997 1250 1049 Magdalena,
1275 997 1322 1037 in
1342 997 1445 1048 ipsa
1466 1003 1626 1048 erant,
1650 1009 1728 1048 ea,
1752 997 1910 1038 videli-

268 1076 360 1120 cet,
386 1081 506 1122 quae
529 1070 589 1110 ad
608 1069 655 1110 id
675 1081 824 1120 genus
845 1070 972 1110 vitae
994 1069 1143 1109 solent
1173 1069 1353 1120 puellas
1379 1068 1676 1120 pertrahere?
1704 1068 1826 1119 Quid
1856 1069 1911 1108 de

266 1142 358 1181 alia
381 1153 759 1191 commemorem,
784 1153 903 1193 quae
924 1140 972 1181 in
992 1141 1131 1191 longe
1152 1140 1377 1191 graviora
1398 1139 1652 1180 inciderat?
1673 1140 1796 1179 Ecce
1818 1151 1911 1180 rna-

265 1219 402 1253 trona
431 1213 683 1266 quaedam,
714 1224 862 1264 eaque
893 1212 1053 1263 magni
1083 1211 1285 1252 nominis
1313 1223 1368 1251 ac
1395 1210 1573 1262 famae,
1609 1209 1740 1262 cujus
1768 1211 1907 1251 animi

265 1285 485 1325 tenebrae
514 1285 657 1336 longo
692 1284 941 1324 intervallo
977 1283 1272 1335 superiorum
1303 1281 1311 1300 ¹
1343 1288 1449 1334 post
1485 1294 1533 1322 se
1569 1282 1906 1333 relinquebant,

265 1357 343 1396 illa
364 1356 488 1396 enim
506 1368 601 1396 non
623 1355 761 1395 modo
789 1366 896 1395 cum
927 1354 1193 1395 hominibus
1223 1354 1306 1394 sed
1332 1365 1439 1394 cum
1472 1353 1777 1393 daemonibus
1808 1361 1907 1393 erat

262 1428 521 1478 fornicata,
551 1427 661 1479 quid
691 1427 852 1479 plura?
888 1438 994 1466 cum
1027 1425 1277 1466 haereticis
1312 1425 1635 1476 conglutinata
1673 1425 1730 1464 ab
1760 1424 1906 1476 iisque

263 1500 380 1540 adeo
403 1512 429 1539 a
452 1499 722 1540 Christiana
743 1498 970 1549 religione
992 1504 1036 1537 et
1056 1497 1256 1537 veritate
1277 1507 1462 1547 aversa,
1488 1502 1536 1536 ut
1557 1495 1903 1536 haeresiarcam

262 1571 485 1622 dixisses;
510 1582 619 1610 nam
640 1577 685 1610 et
705 1569 986 1620 rationibus,
1011 1568 1175 1620 quibus
1196 1573 1401 1620 poterat,
1435 1574 1478 1607 et
1510 1578 1674 1607 sacrae
1702 1567 1904 1618 paginae

261 1641 615 1693 Doctorumque
636 1640 916 1681 testimoniis
938 1651 1073 1679 suam
1093 1639 1310 1679 tuebatur
1332 1638 1652 1690 pervicaciam
1673 1644 1717 1678 et
1743 1637 1902 1678 haere-

259 1714 403 1753 ticam
424 1712 734 1764 pravitatem3
757 1711 878 1752 unde
900 1711 976 1751 hic
996 1711 1131 1750 labor
1152 1721 1361 1761 opusque
1388 1709 1488 1749 fuit.
1525 1709 1614 1760 Qui
1642 1715 1800 1749 autem
1829 1709 1901 1750 de-

258 1784 456 1836 ploratis
477 1790 521 1824 et
538 1782 846 1824 conclamatis
862 1782 1002 1822 rebus
1019 1781 1238 1833 opitulari
1260 1782 1392 1831 solet,
1412 1780 1713 1831 benignitatis
1735 1793 1791 1820 ac
1815 1782 1900 1820 cle-

259 1855 462 1896 mentiae
482 1866 674 1895 manum
695 1854 737 1894 ei
758 1853 989 1906 porrexit,
1013 1852 1265 1904 navimque
1287 1851 1406 1902 ejus,
1437 1863 1557 1903 quae
1578 1863 1670 1892 non
1687 1851 1785 1904 jam
1806 1853 1900 1902 agi-

259 1928 447 1968 tabatur
474 1926 557 1967 sed
591 1925 890 1978 operiebatur
919 1924 1156 1979 fluctibus,
1191 1923 1250 1963 ad
1280 1923 1445 1963 salutis
1472 1930 1660 1974 portum
1692 1922 1898 1963 deduxit.

258 1999 389 2039 Haec
411 1998 578 2049 igitur,
601 1996 889 2049 poenitentia
911 1995 1073 2045 ducta,
1103 1995 1162 2034 ad
1184 2000 1386 2034 mentem
1407 1994 1642 2034 saniorem
1663 1993 1822 2045 rediit,
1856 2001 1900 2034 et

253 2070 366 2122 Jam,
389 2081 508 2122 quae
529 2069 658 2109 velut
680 2067 988 2108 deliramenta
1012 2066 1234 2117 ducebat,
1260 2065 1451 2106 oracula
1474 2065 1734 2105 certissima
1756 2065 1899 2105 veris-

257 2142 468 2193 simaque
491 2141 773 2181 inconcussa
794 2137 882 2178 fide
905 2144 1043 2178 tenet.
1069 2136 1136 2178 Sit
1159 2137 1287 2176 Deus
1309 2148 1391 2188 per
1412 2135 1590 2176 infinita
1612 2136 1801 2176 saecula
1826 2136 1900 2176 be-

257 2212 485 2253 nedictus.

336 2283 509 2324 Multos
530 2295 557 2322 a
578 2281 776 2333 pristina
804 2279 1164 2320 conversatione
1193 2278 1377 2319 animae
1408 2278 1687 2330 corporique
1719 2277 1897 2330 pericu-

255 2356 356 2395 losa
376 2353 623 2395 revocavit
642 2351 803 2399 Pater;
827 2351 909 2391 sed
929 2350 1026 2401 hic,
1051 2361 1188 2402 quem
1209 2349 1487 2399 recensebo,
1512 2349 1633 2389 inter
1660 2360 1822 2389 omnes
1851 2349 1897 2388 in

254 2425 565 2467 conversione
587 2422 820 2464 excelluit.
845 2422 915 2462 Illi
936 2421 1059 2461 enim
1080 2433 1175 2461 non
1196 2421 1312 2461 satis
1334 2426 1434 2461 erat
1456 2420 1604 2460 vitam
1625 2419 1896 2472 deploratis-

254 2498 423 2538 simam
443 2507 606 2548 agere,
631 2494 713 2534 sed
734 2494 780 2533 in
801 2493 1041 2545 propriam
1062 2504 1258 2533 uxorem
1285 2503 1453 2532 manus
1480 2491 1710 2531 violentas
1741 2489 1893 2542 injice·

253 2581 327 2615 re,
351 2578 548 2620 eamque
568 2565 708 2606 morti
728 2565 915 2605 tradere
938 2563 1130 2615 optabat
1151 2569 1195 2603 et
1223 2563 1442 2613 curabat,
1475 2562 1614 2613 idque
1645 2561 1892 2611 immerito,

251 2638 632 2692 quandoquidem
652 2636 817 2676 eodem
838 2634 1046 2685 crimine,
1072 2645 1162 2685 quo
1185 2632 1418 2684 Susanna,
1442 2646 1469 2673 a
1486 2632 1722 2684 judicibus
1743 2633 1891 2685 perni-

251 2712 391 2752 ciosis
412 2709 673 2759 deferebat,
703 2714 749 2748 et
771 2706 911 2759 (quod
932 2705 1175 2746 scelestius
1196 2711 1287 2756 est,
1312 2703 1527 2756 quodque
1548 2710 1657 2745 tunc
1688 2715 1785 2744 non
1816 2705 1892 2743 ad-

250 2783 478 2837 vertebat⁴
498 2781 726 2821 scelestus
754 2777 868 2835 ipse)
900 2789 990 2829 quo
1021 2777 1216 2828 ipsemet
1244 2775 1538 2817 detinebatur
1573 2781 1618 2816 et
1650 2775 1893 2826 hucusque.

302 2942 311 2961 ¹
352 2949 454 2975 supra
472 2942 640 2968 dictarum
655 2938 888 2974 peccatricum
905 2939 1078 2965 tenebras.
