2074 3179
214 111 285 148 305
728 110 957 148 LITTERAE
984 120 1343 151 QUADmMEsTREs

215 214 349 247 sexta
384 208 614 248 matutina
651 208 706 247 ad
738 208 969 247 decimam
1003 218 1169 257 usque,
1207 206 1332 246 aliud
1363 207 1479 246 nihil
1510 206 1686 246 faciant
1713 218 1853 258 quam

215 278 535 319 confessiones
558 279 739 327 audire,
771 290 869 318 rem
903 278 1111 318 divinam
1141 277 1297 318 facere
1328 284 1372 317 et
1399 283 1755 318 sacrosanctam
1778 289 1851 317 eu-

214 350 490 390 charistiam
523 350 881 399 administrare;
919 349 1039 389 inter
1070 360 1186 400 quos
1219 349 1428 389 nonnulli
1462 354 1570 388 sunt
1605 349 1704 400 qui,
1746 360 1852 388 cum

213 429 355 462 antea
382 435 409 461 a
440 421 587 461 tribus
623 427 701 461 aut
735 426 935 471 quatuor
970 420 1104 459 annis
1133 419 1336 460 confessi
1365 432 1459 459 non
1485 420 1703 470 fuissent,
1738 418 1849 470 jam,

213 492 413 533 aliorum
434 493 652 543 exemplo·
670 492 940 543 provocati,
972 503 1056 543 pro
1077 503 1207 531 more
1235 490 1438 530 habeant
1468 496 1638 530 octavo
1668 502 1851 542 quoque

214 562 287 603 die
314 562 612 603 reconciliari
640 568 684 602 et
715 574 903 602 sacram
932 562 1152 614 synaxim
1174 562 1318 602 adire.
1343 561 1403 601 Hi
1435 573 1611 612 omnes,
1637 573 1719 613 per
1747 573 1849 613 gra-

214 635 327 674 tiam
344 633 447 685 Dei,
467 634 513 673 in
533 634 631 673 dies
652 633 806 684 magis
823 645 877 673 ac
899 634 1053 683 magis
1070 633 1117 672 in
1138 632 1302 672 melius
1324 632 1662 683 provehuntur,
1688 641 1851 672 euntes

213 706 270 746 de
291 706 465 745 virtute
486 705 533 744 in
554 704 800 754 virtutem,
825 710 986 756 estque
1007 715 1229 744 numerus
1250 715 1413 743 eorum
1435 703 1620 743 circiter
1651 703 1848 754 quadra-

212 777 345 827 ginta
371 775 395 814 ¹.
420 777 477 817 Et
499 787 682 826 revera,
706 776 745 815 si
766 775 931 816 domus
948 780 1070 815 esset
1087 775 1285 826 amplior
1301 781 1346 815 et
1364 774 1590 814 sacellum
1611 775 1848 825 capacius,

211 849 305 888 tale
325 847 604 899 praesertim
626 847 750 898 quod
770 847 975 898 plateam
995 847 1251 898 respiceret
1272 844 1300 897 ²,
1325 845 1515 886 dubium
1534 857 1629 885 non
1650 851 1719 885 est
1736 846 1849 896 quin

212 920 350 969 longe
373 920 529 970 plures
550 918 905 969 frequentarent
926 917 1043 957 haec
1065 923 1229 957 sancta
1251 922 1564 957 sacramenta.

292 990 340 1030 P.
362 990 575 1041 Baptista
592 995 778 1041 praeter
798 989 1051 1029 conciones
1074 989 1352 1039 ordinarias,
1377 1000 1493 1039 quas
1514 987 1718 1028 habebat
1741 992 1850 1027 tem-

207 1073 326 1113 pore
348 1060 771 1112 quadragesimali,
796 1061 852 1100 iis
879 1060 1021 1100 etiam
1049 1060 1377 1112 praedicabat,
1408 1059 1487 1111 qui
1516 1070 1708 1099 carcere
1740 1058 1850 1098 det-i-

208 1139 379 1172 nentur
400 1132 588 1183 inclusi,
619 1143 817 1183 quorum
847 1131 1165 1172 confessiones
1196 1131 1444 1171 audierunt
1474 1130 1553 1170 alii
1583 1129 1747 1170 Patres
1775 1129 1849 1169 do-

208 1215 314 1244 mus
334 1209 540 1244 nostrae.
565 1188 657 1244 Sed
673 1209 717 1243 et
740 1215 864 1243 nunc
887 1214 1050 1243 eorum
1067 1202 1266 1242 habetur
1283 1202 1440 1253 aliqua
1462 1200 1475 1219 ⁵
1496 1201 1638 1242 ratio:
1661 1201 1849 1241 visitan-

208 1282 285 1316 tur
307 1276 430 1315 enim
451 1286 787 1326 nonnunquam
814 1280 858 1314 et
891 1275 1196 1314 consolantur
1223 1272 1236 1291 ‘⁴
1264 1286 1290 1313 a
1312 1273 1361 1313 P.
1393 1273 1600 1313 Doctore
1631 1278 1676 1312 et
1708 1284 1734 1312 a
1761 1271 1850 1312 fra-

208 1347 380 1398 tribus;
404 1353 448 1386 et
469 1346 508 1386 si
530 1358 619 1398 qua
642 1347 733 1386 illis
754 1346 1006 1399 peculiaris
1028 1351 1247 1386 occurrat
1268 1345 1541 1395 necessitas,
1567 1344 1694 1384 circa
1717 1344 1848 1394 spiri-

207 1419 352 1458 tualia
387 1418 700 1469 potissimum,
742 1418 1002 1458 accersitur
1030 1417 1079 1457 P.
1113 1416 1311 1457 Doctor:
1340 1416 1463 1456 unde
1489 1415 1654 1467 paucis
1679 1415 1849 1454 abhinc

208 1490 393 1541 diebus,
418 1489 621 1541 quodam
643 1489 700 1529 ob
722 1489 914 1529 sceleris
935 1488 1332 1529 abominationem
1360 1488 1420 1528 ad
1448 1487 1649 1539 capitale
1681 1486 1847 1538 suppli-

207 1562 332 1601 cium
354 1561 680 1611 condemnato,
711 1560 972 1600 accersitus
998 1565 1068 1600 est
1094 1559 1144 1599 P.
1172 1559 1350 1600 Doctor
1372 1565 1421 1598 ut
1449 1571 1554 1599 eum
1583 1559 1814 1598 animaret

206 1645 263 1672 ac
285 1631 383 1683 ejus
403 1631 749 1672 confessionem
770 1631 974 1682 audiret,
1005 1630 1082 1682 qui
1102 1636 1295 1682 propter
1322 1630 1538 1680 corporis
1568 1630 1742 1670 malam
1770 1628 1847 1668 ha-

206 1704 463 1744 bitudinem
499 1701 545 1742 id
572 1702 729 1742 facere
763 1714 856 1742 non
890 1702 1063 1754 potuit,
1093 1702 1176 1742 sed
1211 1702 1354 1742 alium
1388 1701 1578 1741 Patrem
1611 1700 1736 1741 misit
1772 1699 1851 1751 qui

206 1786 311 1814 eum
334 1773 513 1814 audivit
535 1779 577 1813 et
600 1772 700 1825 ejus
722 1773 929 1813 animam
951 1772 1154 1813 Domino
1176 1772 1541 1823 commendaxrit3
1561 1784 1645 1824 pro
1667 1783 1775 1823 qua,
1799 1777 1843 1812 et

204 1846 307 1898 ipso
330 1845 403 1886 die
425 1856 515 1897 quo
538 1845 914 1885 concremandus
935 1850 1057 1895 erat,
1082 1844 1278 1885 Missam
1298 1844 1555 1885 celebravit
1577 1843 1633 1884 de
1663 1843 1850 1883 nomine

203 1918 330 1971 Jesu.
369 1916 565 1968 Semper
598 1927 824 1968 praesens
859 1915 1006 1956 adfuit
1038 1916 1138 1968 ipse
1174 1922 1218 1956 et
1248 1915 1427 1966 socius,
1466 1915 1851 1966 deduxeruntque

205 2000 311 2028 eum
332 1994 467 2028 extra
489 1994 651 2039 portas
673 1987 902 2037 civitatiS,
927 1987 1003 2027 ubi
1025 1987 1254 2039 supplicio
1276 1986 1547 2027 afficiendus
1575 1992 1700 2037 erat,
1725 1998 1811 2026 nec
1836 1985 1850 2003 ‘³

208 2060 266 2099 ab
290 2072 345 2099 eo
366 2065 666 2099 recesserunt
688 2058 838 2098 donec
861 2058 1138 2109 exspiraret.
1164 2058 1402 2109 Quantum
1429 2057 1659 2098 Dominus
1687 2057 1845 2107 dabat,

210 2132 366 2171 animo
389 2129 620 2181 dejectum
647 2130 694 2169 in
727 2141 859 2182 spem
887 2130 1131 2181 erigebant
1162 2136 1206 2170 et
1233 2130 1598 2170 consolabantur
1626 2135 1692 2179 et,
1725 2129 1851 2169 omni

208 2215 301 2254 quo
336 2207 554 2254 poterant
577 2201 843 2242 devotionis
874 2201 1063 2253 spiritu,
1101 2212 1183 2241 cor
1212 2201 1414 2241 hominis
1443 2200 1504 2241 ad
1525 2199 1766 2241 Creatoris
1794 2212 1849 2240 ac

205 2273 469 2314 Salvatoris
492 2273 563 2312 sui
592 2272 890 2313 dilectionem
920 2272 1288 2312 inflammabant.
1320 2272 1518 2312 Factum
1546 2277 1616 2311 est
1642 2271 1847 2318 tandem,

206 2345 297 2385 Dei
318 2344 574 2385 auxiliante
595 2343 771 2395 gratia,
795 2350 845 2384 ut
866 2349 964 2384 tam
985 2343 1238 2384 conformis
1259 2343 1446 2384 divinae
1474 2343 1726 2393 voluntati,
1750 2349 1847 2382 tam

207 2416 391 2456 fervido
424 2426 652 2455 accensus
685 2426 861 2464 amore,
887 2420 1111 2466 tantaque
1139 2415 1186 2454 in
1206 2414 1459 2455 Dominum
1487 2413 1649 2467 Jesum
1678 2413 1849 2453 fiducia

208 2493 485 2538 moreretur,
516 2491 565 2526 ut
587 2486 618 2525 ii
639 2485 717 2537 qui
748 2485 945 2526 aderant
971 2485 1283 2537 affirmarent,
1315 2498 1342 2526 a
1363 2485 1519 2526 multis
1540 2485 1675 2525 annis
1698 2484 1850 2524 visam

204 2571 303 2599 non
331 2557 475 2599 fuisse
505 2562 685 2597 tantam
717 2557 861 2596 animi
890 2557 1207 2597 constantiam
1241 2569 1297 2598 ac
1332 2556 1655 2597 fortitudinem
1691 2556 1736 2595 in
1772 2556 1849 2595 ho-

267 2693 274 2712 1
317 2692 433 2719 Verba
448 2693 544 2720 haec:
562 2694 682 2726 estque
699 2699 870 2719 numerus
886 2699 1005 2719 eorum
1021 2693 1166 2720 circiter
1180 2693 1420 2727 quadraginta
1436 2692 1549 2719 deleta
1563 2696 1640 2719 sunt
1657 2700 1676 2719 a
1691 2691 1849 2720 Polanco.

264 2741 278 2758 ”-'
317 2739 432 2767 Etiam
447 2740 544 2767 haec:
560 2740 632 2767 tale
645 2740 865 2774 praesertim
882 2740 972 2773 qnod
984 2740 1145 2774 plateam
1164 2741 1370 2775 respiceret,
1384 2739 1512 2767 delevit
1527 2739 1706 2767 Polancus.

267 2788 279 2805 ⁷⁸
321 2787 447 2821 Aliqua
463 2789 635 2814 sublatum
651 2791 701 2814 est
716 2795 736 2814 a
752 2787 911 2815 Polanco.

270 2837 276 2854 ἰ
318 2835 383 2868 Sic,
400 2842 460 2862 nec
476 2835 693 2862 emendatum
707 2842 728 2862 a
745 2835 903 2862 Polanco.

266 2883 280 2900 -“·
318 2882 570 2910 Maximilianus
585 2883 700 2910 habet:
718 2882 933 2918 confortaret
950 2885 981 2910 e!
1000 2884 1190 2911 animaret.

266 2929 281 2946 Γ·
320 2928 392 2957 Nec
407 2929 520 2956 latum
538 2937 692 2963 unguem
709 2930 751 2957 ab
768 2937 805 2957 eo
821 2930 956 2957 dixerat
974 2930 1234 2959 Maximilianus.
