2074 3179
920 103 1003 140 AN.
1036 102 1127 140 1552
1766 103 1838 139 527

288 236 657 287 Seraperscrz'ptm.
690 218 802 276 IHS.
835 234 894 275 Al
921 246 1032 285 muy
1060 233 1162 273 R.d0
1190 245 1247 272 en
1275 232 1366 272 (ΞΜ)
1397 232 1595 272 Nuestro
1623 232 1770 272 Sefior
1802 234 1844 272 el

202 308 357 348 Padre
378 307 566 358 Ignacio
588 307 643 347 de
666 307 858 358 Loyola,
882 305 1123 356 Preposito
1145 304 1338 355 general
1359 303 1414 342 de
1437 305 1481 342 la
1503 303 1761 354 Compafiia
1783 304 1839 344 de

201 379 363 431 Jesus,
387 389 444 418 en
466 377 609 418 Santa
631 377 779 417 Maria
803 377 875 417 del
896 375 1065 416 strada
1090 387 1146 415 en

1393 516 1545 556 ROMA.

289 768 437 807 Manu
460 768 509 820 J.
534 769 625 808 Plz.
662 769 783 809 I'l'to:
809 768 922 809 1552.
947 769 1095 819 Quad.
1116 767 1270 808 Valld.
1293 767 1485 821 Januar.

912 1194 1152 1248 CXXIV

278 1426 327 1463 P.
349 1426 541 1473 Joannes
559 1427 742 1473 Cancer,

326 1489 395 1527 Ex
414 1492 733 1530 commissione
754 1493 897 1531 Patris
918 1494 1125 1531 Andreae
1147 1493 1199 1531 de
1219 1493 1393 1541 Frusis,

378 1556 499 1594 Patri
516 1557 684 1605 Ignatio
705 1558 758 1595 de
777 1559 962 1605 Loyola.

425 1621 644 1668 Venetiis,
666 1623 713 1660 23
730 1623 929 1670 Januarii
952 1623 1042 1660 1552
1063 1625 1088 1661 ¹.

1023 1811 1028 1828 i

985 1831 1083 1872 IHS

291 1973 474 2024 Gratia,
499 1985 593 2024 pax
613 1979 657 2013 et
679 1985 808 2014 amor
830 1973 1021 2014 Domini
1050 1974 1196 2014 nostri
1219 1974 1331 2026 Jesu
1362 1973 1535 2014 Christi
1567 1974 1626 2013 sit
1658 1984 1845 2024 semper

209 2051 255 2084 ct
276 2052 508 2096 augeatur
528 2045 575 2084 in
598 2045 805 2084 omnium
826 2044 1059 2085 cordibus.
1083 2044 1249 2084 Amen.

289 2115 422 2156 Actis
444 2115 499 2155 de
520 2116 657 2156 rebus
684 2115 808 2166 apud
834 2127 919 2155 nos
946 2116 1186 2167 superiore
1213 2115 1564 2167 quadrimestri,
1596 2114 1644 2155 P.
1680 2116 1727 2155 in
1752 2116 1842 2167 pri-

209 2187 298 2227 mis
332 2186 432 2226 R.de
462 2192 600 2238 atque
629 2186 945 2237 observande,
969 2187 1111 2226 etiam
1131 2187 1171 2226 si
1191 2198 1294 2226 eam
1314 2198 1407 2226 non
1428 2198 1676 2238 possumus
1703 2198 1844 2237 quam

209 2266 254 2297 ct
274 2258 501 2297 vellemus
522 2264 566 2297 et
593 2257 866 2297 deberemus
892 2257 1088 2298 reddere
1114 2258 1364 2308 rationem,
1397 2263 1446 2297 ut
1476 2257 1554 2309 qui
1573 2258 1706 2298 nobis
1728 2258 1843 2309 ipsis

209 2334 401 2368 nostrae
439 2329 487 2368 in
523 2328 843 2380 promovendo
881 2327 970 2368 Dei
1018 2329 1209 2369 servitio
1249 2329 1581 2369 imbecillitatis
1621 2329 1758 2369 simul
1797 2335 1842 2369 et

266 2490 276 2510 ¹
317 2490 567 2524 Autographae
582 2490 720 2517 litterae
735 2493 812 2517 sunt
835 2490 868 2516 in
892 2489 971 2516 folio
987 2489 1111 2524 duplici
1135 2497 1188 2517 nn.
1211 2490 1246 2517 36
1270 2494 1303 2517 et
1325 2489 1447 2518 37.—1n
1463 2490 1510 2517 eis
1526 2491 1625 2524 plura
1641 2490 1843 2524 suppressit,

210 2537 363 2571 aliaque,
393 2538 473 2564 licet
500 2543 619 2571 pauca,
648 2537 841 2564 emendavit
871 2537 1048 2564 Polancus.
1076 2537 1207 2564 Harum
1234 2537 1338 2564 etiam
1363 2545 1383 2564 a
1410 2537 1558 2564 Polanco
1586 2537 1844 2565 emendatarum

208 2586 387 2618 exemplar
402 2585 566 2612 habemus
582 2585 613 2612 in
628 2583 755 2618 triplici
770 2584 849 2611 folio
865 2592 918 2611 nn.
934 2585 968 2611 34
984 2589 1016 2612 et
1030 2585 1074 2612 35.
1090 2585 1158 2612 Nos
1171 2586 1224 2612 hic
1240 2585 1476 2620 autographas
1493 2585 1770 2612 transcribemus.

264 2631 313 2658 Ne
337 2632 412 2666 quis
436 2635 549 2659 autern
574 2632 715 2659 miretur
739 2639 840 2659 unum
865 2632 1083 2666 eumdemque
1108 2632 1270 2665 Joannem
1296 2632 1463 2659 Cancrum
1485 2640 1543 2659 seu
1559 2631 1755 2666 Cancerem,
1771 2636 1840 2661 tum

211 2679 372 2707 Patavini
395 2679 539 2714 Collegii
555 2679 832 2714 quadrimestres‚
849 2687 934 2714 quas
948 2687 1050 2714 supra
1066 2687 1096 2707 n.
1111 2679 1235 2707 CXXII
1251 2681 1413 2713 dedimus,
1430 2684 1500 2707 tum
1516 2680 1578 2707 has
1595 2678 1718 2706 Veneti
1734 2679 1843 2707 Colle-

209 2727 257 2761 gii
269 2727 459 2761 scripsisse,
471 2727 505 2754 in
516 2727 714 2754 memoriam
726 2735 760 2754 re
768 2735 891 2755 vocare
903 2731 1038 2762 oportet
1051 2728 1190 2755 duorum
1203 2728 1337 2755 illorum
1350 2727 1588 2762 Collegiorum.
1602 2727 1685 2754 iniis
1698 2734 1784 2761 quae
1801 2729 1843 2755 ad

210 2774 325 2801 studia
339 2776 551 2809 spectabant,
567 2775 858 2809 gubernationem.
874 2779 1055 2810 postquam
1070 2783 1086 2802 e
1107 2775 1276 2802 Patavino
1292 2775 1446 2803 discessit
1463 2775 1615 2809 Ugoletti
1627 2797 1633 2808 ,
1649 2776 1705 2802 uni
1722 2775 1844 2803 eidem-

209 2829 273 2855 que
291 2821 450 2849 Andreae
466 2822 506 2848 de
521 2821 638 2849 Frusis
654 2822 755 2850 fuisse
780 2822 1005 2856 commissam3
1023 2823 1074 2850 cui
1090 2823 1229 2856 proinde
1255 2830 1357 2850 curae
1379 2823 1494 2849 debuit
1517 2829 1590 2850 esse
1614 2823 1677 2850 has
1701 2823 1843 2850 duorum

209 2869 432 2902 collegiorum
455 2870 589 2896 litteras
613 2869 785 2897 conficere.
808 2869 961 2897 Confecit
986 2874 1100 2897 autem
1124 2877 1181 2897 eas
1203 2877 1263 2904 per
1285 2869 1449 2903 joannem
1474 2869 1606 2897 Cancer
1629 2869 1765 2898 Patavii
1790 2871 1843 2897 de-

205 2920 358 2950 gentem.
