2074 3179
852 175 932 212 Ax.
964 175 1054 211 1552
1700 178 1770 215 033

141 278 417 323 purgarunt.
449 271 614 311 Mulier
641 273 893 323 quaedam,
930 273 1091 312 relicto
1120 273 1257 312 cubili
1293 273 1546 313 incestuosi
1577 275 1765 325 presby-

140 343 241 394 teri,
261 354 462 394 quocum
479 354 562 382 sex
578 350 702 382 totos
725 355 874 383 annos
896 351 1133 393 exegerat,
1159 343 1346 383 tandem
1367 344 1567 384 contrita
1590 345 1767 384 confes-

141 414 463 465 saque·multis
485 425 589 453 cum
611 414 848 465 lacrymis,
878 414 935 454 ad
959 415 1199 453 meliorem
1222 421 1421 454 mentem
1443 426 1544 454 sese
1576 416 1765 466 recepit.

141 484 320 534 Altera,
345 484 592 535 prostituta
616 497 641 524 a
664 491 812 524 matre
833 485 947 535 filia,
980 485 1026 524 in
1047 496 1150 524 eam
1171 485 1470 536 turpitudinis
1491 487 1768 535 voraginem

140 561 240 595 erat
266 555 485 606 prolapsa
510 562 557 594 ut
585 556 666 595 vix
693 567 794 595 sese
822 566 1111 595 emersuram
1142 556 1389 607 aliquando
1419 563 1651 607 speraret;
1689 558 1768 596 sed

140 626 315 677 potenti
338 625 511 666 Christi
534 626 698 666 dextra
720 627 921 666 eluctata
943 634 1013 666 est
1034 627 1223 666 tandem
1251 632 1295 666 et
1316 638 1342 666 a
1365 627 1537 667 diaboli
1557 627 1770 667 faucibus

138 704 314 748 erepta.
340 697 555 747 Quidam,
579 698 833 738 tentatione
856 698 1058 749 quadam
1079 698 1369 749 exagitatus,
1393 710 1499 738 cum
1518 710 1620 738 sese
1640 711 1770 750 prae-

139 768 327 819 cipitem
350 768 421 807 bis
452 774 581 807 terve
609 768 655 807 in
676 780 805 808 mare
836 768 1061 815 dedisset,
1099 768 1328 820 totiesque
1349 768 1522 819 divino,
1547 769 1670 820 quod
1691 770 1768 808 mi-

138 839 261 878 nime
282 839 554 888 invocabat,
579 838 754 878 auxilio
777 839 964 878 illaesus
991 840 1243 889 evasisset,
1272 839 1389 879 tanti
1414 839 1636 880 facinoris
1663 852 1770 892 poe-

137 910 379 949 nitentiam
401 910 510 960 egit.
534 909 700 949 Mulier
722 910 966 961 quaedam,
993 921 1112 961 quae
1130 922 1310 950 veneno
1334 922 1382 950 se
1403 923 1574 950 necare
1604 913 1771 951 consti-

137 986 304 1030 tuerat,
336 980 529 1020 liberata
552 986 642 1031 est,
669 979 994 1021 Praetermitto
1028 981 1357 1021 ardentissima
1391 981 1498 1021 odia
1527 982 1770 1032 restincta,

138 1051 325 1090 sedatas
342 1051 608 1090 inimicitias
625 1058 668 1090 et
686 1051 792 1100 alia,
813 1063 870 1091 ne
888 1052 1028 1102 longa
1045 1052 1315 1091 narratione
1338 1052 1561 1104 epistolae
1583 1053 1771 1092 modum

140 1122 381 1162 excedam.

216 1192 454 1232 Habendis
476 1204 557 1243 per
578 1194 721 1232 multa
743 1194 844 1232 loca
867 1193 1145 1244 diversaque
1179 1193 1482 1233 concionibus
1502 1205 1597 1234 non
1620 1206 1769 1245 parva

138 1278 164 1304 a
194 1263 366 1303 nostris
393 1274 534 1314 opera
562 1263 857 1314 impenditur.
891 1263 1119 1304 Dominus
1146 1264 1312 1304 Petrus
1340 1264 1655 1304 Rivadeneira
1675 1277 1769 1305 non

134 1336 282 1375 solum
302 1334 463 1374 solitas
484 1334 680 1384 singulis
702 1334 945 1374 dominicis
966 1335 1013 1375 in
1033 1334 1144 1374 Divi
1164 1335 1371 1385 Antonii,
1395 1335 1560 1386 majori
1588 1347 1771 1387 semper

134 1406 372 1445 hominum
393 1405 675 1456 frequentia,
707 1406 957 1445 conciones
984 1407 1294 1457 prosequitur,
1326 1407 1407 1446 sed
1428 1407 1537 1446 alibi
1558 1418 1767 1446 nonnun-

136 1488 275 1528 quam
295 1482 490 1526 rogatus
518 1488 544 1516 a
565 1473 796 1516 nobilibus
826 1477 1145 1516 concionatur.
1178 1476 1265 1516 Die
1294 1477 1404 1516 Divi
1425 1476 1573 1517 Marci
1601 1478 1770 1529 suppli-

137 1546 400 1587 cationibus
433 1547 652 1598 publicis,
689 1546 926 1587 Praetoris
957 1554 1148 1598 rogatu,
1183 1548 1241 1588 ad
1272 1548 1600 1599 magistratum
1631 1560 1771 1599 popu-

137 1619 325 1669 lumque
346 1618 442 1657 sere
464 1618 736 1658 universum
759 1619 1129 1670 extemporalem
1155 1630 1272 1670 pene
1294 1619 1454 1658 habuit
1483 1619 1770 1663 concionem,

137 1701 255 1740 quae
293 1689 646 1740 magistratibus
686 1690 976 1741 caeterisque
1018 1690 1267 1740 nobilibus,
1306 1690 1383 1741 qui
1423 1696 1532 1729 tunc
1575 1689 1771 1730 aderant

137 1761 486 1811 quamplurimi,
511 1772 689 1800 summe
716 1760 965 1811 satisfecit3
1000 1761 1126 1812 quod
1147 1772 1241 1800 non
1264 1762 1413 1801 solum
1435 1761 1770 1811 attentissimis,

139 1843 255 1882 quas
288 1831 597 1882 praebebant,
631 1831 842 1882 auribus,
877 1832 1052 1872 crebris
1088 1832 1274 1871 nutibus
1307 1838 1351 1872 et
1386 1831 1775 1882 applaudentibus

138 1902 437 1942 concionanti
471 1902 694 1953 gestibus,
731 1903 813 1942 sed
848 1903 1005 1943 multis
1046 1914 1206 1942 eorum
1243 1903 1418 1954 passim
1459 1902 1773 1942 disseminatis

139 1973 565 2025 praedicationibus
586 1972 825 2024 cognitum
854 1980 937 2013 est.
969 1973 1176 2013 Fuerunt
1198 1974 1338 2013 etiam
1359 1973 1625 2024 probissimi
1645 1973 1770 2013 nobi-

137 2043 390 2094 lissimique
411 2043 516 2094 viri,
537 2044 613 2094 qui
632 2055 887 2094 sermones,
908 2055 1038 2095 quos,
1060 2044 1107 2083 in
1125 2044 1324 2083 aliorum
1342 2044 1673 2094 congressibus
1696 2044 1773 2084 ha-

137 2115 274 2165 bitos,
298 2120 569 2165 praesentes
591 2114 857 2165 audierant,
888 2115 1161 2154 retulerunt.
1191 2114 1235 2154 A
1256 2114 1421 2165 quibus
1449 2115 1774 2166 praemonitus

138 2187 223 2226 fuit
244 2185 474 2226 Dominus
496 2185 661 2226 Petrus
682 2192 731 2225 ut
752 2198 801 2225 se
823 2186 870 2225 in
890 2186 1073 2225 futuras
1094 2186 1382 2236 rogationes,
1406 2186 1577 2237 quibus
1603 2186 1667 2226 illi
1697 2187 1772 2226 tri-

144 2257 229 2296 bus
253 2263 330 2296 aut
352 2263 550 2308 quatuor
570 2256 733 2296 diebus
750 2256 982 2296 continuis
999 2256 1085 2296 erit
1102 2256 1220 2296 forte
1240 2257 1624 2308 concionandum,
1643 2269 1773 2309 prae-

144 2334 291 2379 paret.
335 2328 469 2378 Quod
503 2328 700 2368 arduum
737 2327 1048 2367 concionandi
1084 2339 1266 2379 munus,
1306 2328 1662 2368 molestissimae
1698 2329 1773 2369 do-

142 2399 280 2438 cendi
311 2398 520 2450 junctum
555 2398 851 2450 provinciae,
887 2398 1055 2438 mirum
1083 2399 1272 2449 quantis
1298 2399 1397 2450 ipse
1424 2399 1631 2450 perferat
1651 2399 1772 2439 labo-

140 2470 282 2509 ribus.

219 2539 278 2580 D.
307 2540 506 2580 Michael
537 2538 547 2558 ¹
583 2540 732 2591 prima
771 2540 1005 2580 dominica
1039 2539 1261 2591 cujusque
1297 2541 1470 2580 mensis
1505 2540 1564 2580 ad
1598 2540 1775 2580 nobiles

140 2617 403 2660 matronas,
435 2611 584 2662 primo
616 2622 797 2662 quoque
832 2611 905 2651 die
942 2611 1122 2651 sabbati
1157 2611 1216 2651 ad
1242 2611 1530 2663 peccatrices
1557 2611 1775 2651 mulieres

142 2682 413 2722 concionari
442 2688 734 2733 perseverat,
772 2693 830 2722 ex
860 2681 990 2733 cujus
1021 2682 1324 2722 concionibus
1352 2682 1399 2722 in
1426 2682 1524 2722 dies
1553 2682 1775 2722 uberrimi

140 2753 300 2793 divina
335 2753 487 2803 gratia
522 2752 701 2792 fructus
736 2752 1073 2804 producuntur3
1103 2764 1212 2792 nam
1242 2759 1286 2792 et
1320 2752 1496 2792 nobiles
1531 2758 1775 2792 matronae

140 2823 254 2863 fiunt
280 2823 592 2874 promptiores
623 2823 681 2863 ad
702 2824 1040 2874 eleemosynas
1072 2823 1267 2863 honesto
1293 2822 1639 2874 jungendarum
1668 2835 1772 2863 con-

197 2982 206 3000 ¹
247 2982 391 3010 Michael
408 2982 569 3009 Botellus.
