2074 3179
178 170 248 207 326
692 169 917 206 LirsERAE
944 178 1304 210 QUADRIMESTRES

177 278 235 306 nc
270 265 338 305 sic
366 265 552 317 quidem
582 265 796 305 omnibus
824 263 1013 314 satisfit,
1049 264 1161 315 quin
1187 264 1345 315 plures
1376 269 1536 316 optent
1565 270 1610 304 et
1636 269 1812 316 petant.

175 337 333 387 Auget
367 337 507 377 etiam
541 348 635 376 non
670 347 836 387 parum
870 335 1070 375 fratrum
1101 340 1296 374 externa
1324 335 1651 386 conversatiO,
1684 334 1815 375 multi

177 407 406 459 siquidem
428 409 538 448 hinc
555 407 795 459 juvantur,
820 412 864 446 et
891 406 1107 458 quamvis
1135 406 1285 457 primo
1313 406 1428 446 satis
1457 407 1722 458 pertinaces
1749 407 1815 446 vi-

177 479 390 528 deantur,
421 479 560 530 paulo
588 483 694 530 post
720 483 878 517 tamen
907 477 1045 517 unius
1072 477 1265 516 horulae
1295 477 1446 528 spatio
1476 477 1638 517 mirari
1664 477 1817 528 possis

178 562 319 602 quam
341 550 477 590 facile
498 555 750 599 mutentur,
775 555 819 589 et
841 549 960 589 alius
983 548 1168 600 quidem
1189 548 1344 598 ludos,
1370 548 1488 588 alius
1509 560 1623 588 vero
1650 560 1815 588 concu-

177 622 335 662 binam
357 622 404 662 in
425 628 664 673 posterum
684 633 733 660 se
756 620 1058 660 dimissurum
1078 619 1321 671 promittat
1342 625 1387 659 et
1415 619 1474 659 ad
1504 619 1817 660 confitendum

178 692 477 745 perducatur.
498 692 614 733 Sunt
635 704 751 732 Vero
772 692 850 743 qui
870 693 958 732 hoc
979 692 1191 733 fecerunt
1212 703 1304 732 non
1325 691 1478 742 pauci,
1497 690 1576 742 qui
1597 696 1641 730 et
1663 701 1816 742 perse-

181 771 346 804 verant
371 775 511 815 saepe
540 762 766 803 confiteri.
796 763 1071 803 Inimicitiae
1098 763 1187 803 hac
1218 762 1296 802 via
1326 763 1445 802 inter
1471 762 1722 802 nonnullos
1753 773 1818 801 se-

183 835 334 875 datae.
365 835 486 875 Aliis
514 834 674 875 datum
709 835 957 875 consilium
990 841 1061 886 ut,
1099 834 1263 886 positis
1292 833 1435 874 armis
1461 833 1647 882 ferreis,
1679 844 1820 872 unum

178 907 361 947 hostem
382 906 754 958 impugnandum
776 907 865 946 sibi
886 906 934 946 in
964 906 1171 946 animum
1200 905 1493 955 inducerent,
1527 904 1818 944 daemonem.

180 978 229 1018 [n
251 989 447 1027 summa,
472 978 645 1029 singuli
668 977 827 1017 divina
848 977 1005 1029 gratia
1027 977 1073 1016 in
1096 976 1246 1016 officio
1269 982 1390 1016 sunt.

259 1049 356 1089 Nec
378 1050 452 1089 ille
476 1049 678 1101 quidem,
699 1049 777 1100 qui
799 1049 983 1089 emendi
1000 1048 1270 1088 necessaria
1288 1047 1434 1087 victui
1456 1058 1620 1087 curam
1637 1045 1775 1086 habet
1796 1044 1820 1096 ¹,

180 1126 385 1172 vagatur
419 1132 502 1172 per
536 1121 700 1160 urbem
735 1120 981 1169 inutiliter;
1012 1119 1095 1160 sed
1124 1125 1168 1160 et
1196 1119 1376 1170 aliquos
1404 1117 1593 1158 adducit
1623 1118 1670 1157 in
1706 1122 1818 1157 rete.

182 1192 416 1243 Planeque
444 1192 509 1232 ita
536 1192 635 1232 noti
665 1191 762 1244 jam
797 1202 952 1232 mores
979 1191 1130 1231 nostri
1160 1191 1374 1231 omnibus
1401 1196 1465 1241 ut,
1497 1189 1680 1241 quotics
1710 1188 1824 1229 urbe

181 1264 465 1314 egredimur,
485 1264 524 1303 si
542 1263 618 1315 qui
639 1263 758 1303 forte
780 1264 827 1303 in
843 1263 993 1315 pratis
1009 1263 1185 1313 ludant,
1207 1262 1342 1302 nobis
1361 1261 1641 1313 conspectis,
1664 1260 1824 1300 statim

184 1348 233 1375 se
253 1335 300 1375 in
321 1335 483 1386 fugam
505 1341 717 1386 vertant,
742 1346 1096 1386 nonnumquam
1117 1334 1258 1374 etiam
1279 1333 1464 1373 omissis
1485 1332 1706 1382 nummis,
1729 1331 1823 1383 pal-

188 1407 261 1447 liis
282 1413 327 1447 et
351 1407 553 1458 ensibus,
578 1407 699 1447 unde
721 1413 765 1446 et
786 1407 1036 1447 redeuntes
1058 1406 1320 1458 capiuntur.

265 1478 450 1530 Quanta
473 1479 533 1519 sit
553 1479 628 1518 hic
650 1477 901 1519 Societatis
922 1477 1180 1518 auctoritas
1201 1482 1520 1529 quantumque
1542 1474 1827 1526 integritatis

186 1561 377 1600 nomen,
398 1549 497 1601 jam
516 1556 627 1602 puto
650 1550 766 1590 alias
788 1550 1014 1601 scriptum
1035 1560 1152 1589 esse.
1178 1547 1409 1599 Quoniam
1428 1554 1586 1587 tamen
1615 1546 1704 1586 hoc
1735 1557 1828 1585 non

186 1628 284 1662 tam
305 1634 330 1662 e
350 1622 481 1673 vulgi
502 1622 734 1661 sententia
756 1633 896 1672 quam
919 1633 977 1660 ex
997 1620 1302 1672 probatorum
1323 1620 1533 1659 virorum
1561 1616 1829 1658 testimonio

186 1693 299 1733 sciri
318 1693 551 1743 conducit,
573 1692 746 1733 addam
767 1692 890 1744 quod
911 1691 1074 1744 paucis
1097 1697 1204 1731 ante
1226 1691 1388 1730 diebus
1411 1689 1594 1730 accidit.
1615 1689 1830 1740 Quinque

188 1765 279 1805 viri
299 1765 529 1816 religiosi,
550 1770 647 1805 tres
669 1764 978 1814 dominicani,
1004 1764 1094 1803 duo
1116 1762 1426 1813 franciscani,
1450 1773 1543 1802 una
1573 1760 1830 1811 eademque

187 1837 261 1876 die
283 1842 328 1877 et
348 1837 465 1877 hora
487 1837 546 1877 ad
567 1849 653 1877 nos
674 1842 926 1885 venerunt,
951 1835 1245 1887 postulantes
1267 1834 1356 1874 sibi
1375 1833 1467 1884 legi
1489 1832 1677 1884 aliquid.
1701 1831 1825 1871 Pete-

188 1910 299 1948 bant
320 1915 476 1948 autem
498 1908 577 1948 alii
597 1908 844 1948 hebraicas
861 1908 1057 1958 litteraS,
1080 1906 1159 1946 alii
1175 1905 1477 1956 theologiam.
1496 1903 1652 1944 Multis
1675 1908 1833 1943 autem

188 1980 310 2019 ultro
331 1980 543 2031 citroque
565 1979 725 2019 mixtis
748 1978 1057 2028 sermonibus,
1088 1986 1197 2017 tunc
1226 1976 1631 2017 franciscanorum
1661 1974 1830 2024 senior,

189 2051 490 2103 septuaginta
512 2051 658 2092 ferme
683 2062 833 2091 annos
855 2055 1015 2099 natus,
1038 2049 1305 2100 theologiae
1336 2047 1550 2088 doctrina
1578 2052 1623 2086 et
1650 2045 1834 2086 concio-

189 2123 332 2163 nandi
352 2123 575 2163 facultate
597 2122 863 2174 insignitus,
893 2122 1095 2162 “nullum
1115 2131 1217 2172 ego,
1238 2120 1401 2172 inquit,
1426 2118 1667 2159 hominum
1686 2127 1835 2169 genus

192 2194 264 2234 his
297 2194 395 2234 vidi
429 2194 608 2234 melius.
649 2194 842 2234 Utinam
870 2203 1204 2245 repuerascere
1235 2192 1349 2232 mihi
1378 2191 1539 2230 liceret
1567 2201 1658 2241 quo
1688 2189 1836 2228 Vitam

194 2277 287 2305 una
315 2277 421 2305 cum
451 2266 523 2306 his
558 2265 869 2316 transigerem
885 2298 918 2315 „.
956 2264 1101 2304 Paulo
1129 2268 1236 2315 post
1265 2274 1401 2313 vero,
1432 2261 1836 2301 dominicanorum

196 2337 328 2388 alter,
355 2336 566 2388 “censeo,
590 2337 758 2388 inquit,
789 2335 1055 2387 hujusmodi
1083 2334 1295 2375 homines
1322 2334 1486 2373 beatos
1513 2343 1638 2383 esse,
1673 2331 1838 2383 quibus

197 2408 313 2448 nihil
348 2408 477 2448 deest
514 2408 573 2448 ad
608 2408 866 2459 perfectam
900 2407 1254 2459 disciplinarum
1289 2404 1631 2455 cognitionem,
1668 2402 1837 2453 quique

198 2479 351 2520 Deum
378 2479 568 2530 docent,
599 2479 676 2531 qui
707 2485 776 2519 est
804 2479 906 2530 ipsa
934 2478 1175 2530 perfectio.
1204 2477 1391 2528 Nosque
1422 2476 1685 2516 fortunatos
1719 2472 1837 2512 arbi-

198 2558 312 2602 tror,
338 2551 505 2603 quibus
526 2550 723 2601 contigit
744 2549 1007 2601 hujusmodi
1028 2548 1193 2589 Patres
1214 2548 1261 2588 in
1282 2553 1443 2588 nostra
1464 2546 1637 2586 habere
1666 2543 1836 2583 vicinia

202 2631 329 2671 (nam
366 2622 487 2662 inter
521 2627 733 2662 nostram
768 2621 1046 2672 illorumque
1082 2620 1272 2660 domum
1306 2619 1407 2659 sola
1445 2615 1691 2658 intercedit
1725 2615 1836 2664 via),

201 2705 400 2745 quorum
426 2705 610 2733 summa
631 2698 700 2733 est
721 2691 992 2737 affabilitas,
1024 2691 1231 2731 charitas
1262 2695 1306 2730 et
1333 2688 1621 2738 humanitas,
1653 2692 1697 2726 et
1725 2697 1840 2737 erga

202 2777 363 2806 omnes
383 2771 628 2816 promptus
647 2769 932 2816 paratusque
954 2763 1138 2803 animus
1159 2773 1384 2814 semper„.
1403 2760 1491 2800 Hic
1514 2770 1626 2799 vero
1649 2764 1694 2798 et
1715 2758 1840 2797 theo-

260 2942 269 2961 ¹
312 2942 381 2970 Nec
397 2943 608 2977 expenditor
624 2943 701 2977 ipse
717 2942 903 2977 scripserat
921 2941 1097 2973 vim-laus,
1114 2941 1172 2968 sed
1190 2939 1315 2967 rectius
1338 2939 1519 2965 Polaticus:
1546 2936 1605 2963 ille
1626 2935 1767 2970 quidem
1783 2935 1844 2968 qui

205 2991 350 3017 emendi
369 2993 575 3018 necessaria
591 2991 703 3017 victui
718 2998 840 3018 curam
857 2989 970 3016 habet.
