2074 3179
890 217 969 254 AN.
1001 216 1088 254 1551
1730 215 1801 252 409

166 315 236 354 los
258 314 399 354 etiam
420 314 597 354 nobiles
618 314 677 354 ad
697 313 746 353 P.
773 313 782 331 ¹
813 320 860 353 ut
888 313 943 353 de
972 313 1181 364 peccatis
1208 311 1562 362 confiterentur,
1594 312 1671 362 qui
1702 313 1797 363 qui-

167 386 271 426 dem
298 390 342 425 et
369 396 554 425 sacram
582 397 674 424 una
701 385 946 425 nobiscum
978 384 1219 435 cupientes
1246 382 1485 434 suscipere
1514 383 1797 422 communio-

166 468 294 507 nem,
319 462 368 496 ut
393 455 678 508 temporibus
711 456 811 496 istis
839 455 898 496 ad
929 455 974 495 id
998 467 1100 495 sese
1127 454 1241 495 satis
1267 453 1465 494 humiles
1492 453 1797 504 praebebant.

165 528 432 579 Augei-etur
453 527 619 567 horum
641 539 884 577 numerus,
909 532 958 566 ut
979 538 1137 577 spero,
1163 525 1393 577 siquidem
1413 530 1457 564 et
1480 524 1796 575 sacerdotum,

166 599 241 650 qui
263 611 342 639 eos
363 598 591 649 audirent,
614 609 836 638 numerus
856 603 1122 648 augeretur,
1148 602 1226 636 aut
1248 596 1287 636 si
1306 595 1424 636 forte
1445 595 1669 634 lectiones
1700 595 1797 635 illa-

161 682 249 721 que
280 669 483 721 negotia,
516 681 634 721 quae
663 669 826 709 Patres
855 674 1041 708 nostros
1075 668 1310 718 distinent,
1342 678 1436 706 non
1471 671 1633 715 totum,
1672 665 1797 717 quod

165 741 387 792 suppetit,
425 747 606 792 tempus
642 740 730 779 sibi
765 739 867 779 dari
902 745 1232 790 exposcerent3
1275 738 1399 790 quod
1434 737 1472 777 si
1507 736 1681 788 aliquid
1719 736 1799 776 ali-

169 811 354 863 quando
385 812 442 851 ab
464 811 536 851 his
567 810 779 851 subtrahi
799 810 946 862 possit
974 810 1218 861 temporis,
1251 808 1296 849 id
1322 814 1470 848 totum
1497 812 1576 847 aut
1604 806 1799 846 infirmis

167 882 425 922 invisendis
445 888 525 921 aut
547 881 685 921 alicui
707 880 972 932 hujusmodi
994 891 1165 931 operae
1186 880 1290 931 piae
1311 878 1614 919 libentissime
1643 877 1795 917 datur.

246 952 370 993 Dum
390 953 436 992 in
458 964 719 992 sermonem
741 952 797 992 de
817 951 1012 991 infirmis
1035 950 1295 1001 incidimus,
1321 950 1377 990 de
1397 949 1570 990 nostris
1592 949 1733 988 etiam
1754 949 1801 988 in

167 1029 367 1063 mentem
387 1024 537 1073 venit,
563 1035 678 1074 quos
700 1023 917 1074 quadam,
940 1028 1046 1073 post
1069 1022 1322 1062 adventum
1343 1021 1433 1061 huc
1454 1026 1682 1070 nostrum,
1708 1020 1800 1071 pie-

166 1102 260 1134 tate
280 1094 509 1134 Dominus
531 1094 754 1145 exercuit,
781 1106 835 1134 ac
856 1094 1021 1145 paucis
1042 1093 1236 1133 subinde
1258 1092 1420 1132 diebus
1441 1092 1578 1132 solita
1606 1103 1690 1131 sua
1714 1092 1801 1131 cle-

168 1165 342 1205 mentia
376 1165 605 1204 liberavit.
636 1164 732 1205 Vix
759 1165 850 1204 huc
880 1165 1233 1216 appuleramus‚
1265 1163 1375 1203 dum
1402 1163 1542 1202 febris
1572 1162 1803 1214 quaedam

166 1242 415 1286 utcumque
435 1235 599 1286 gravis
620 1233 910 1285 Suetonium,
935 1235 1203 1285 Martinum‚
1225 1233 1554 1283 Guilhelmum‚
1574 1233 1803 1273 Brietium

167 1319 221 1346 ac
234 1306 475 1357 Moralem,
494 1306 664 1346 fratres
681 1306 1024 1357 dilectissimos,
1044 1306 1298 1356 invaserat;
1318 1317 1436 1357 quae
1454 1304 1641 1356 quidem
1658 1311 1800 1353 certe,

165 1377 297 1417 brevi
318 1377 576 1427 discedens,
601 1388 695 1416 non
718 1383 767 1416 ut
789 1389 1011 1428 corpora,
1036 1378 1179 1417 multo
1209 1376 1389 1416 itineris
1417 1376 1576 1416 labore
1605 1376 1801 1427 aliisque

166 1448 473 1488 incommodis
494 1448 766 1499 defatigata,
790 1454 1001 1497 vexaret,
1025 1459 1190 1488 verum
1210 1454 1259 1487 ut
1279 1448 1425 1487 multa
1449 1447 1678 1487 charitate
1711 1458 1800 1486 me-

165 1520 294 1560 dicos
314 1519 543 1571 quosdam
563 1519 698 1559 nobis
719 1517 1039 1569 conjungeret,
1062 1519 1165 1558 Visa
1187 1524 1258 1558 est
1278 1518 1550 1558 accessisse.
1587 1517 1647 1556 Hi
1677 1517 1802 1556 enim

166 1602 260 1631 non
281 1592 431 1631 solum
451 1592 571 1630 ultro
593 1601 726 1630 suam
748 1601 940 1641 operam
961 1589 1317 1641 pollicebantur,
1340 1600 1506 1628 verum
1527 1588 1668 1629 etiam
1690 1594 1734 1627 et
1755 1587 1801 1627 id

166 1666 403 1713 exoptare,
428 1667 472 1702 et
492 1666 595 1701 uter
615 1673 719 1701 eam
746 1666 1030 1712 praestaret,
1060 1666 1225 1700 sancta
1256 1659 1458 1711 quadam
1489 1659 1803 1699 aemulatione

168 1732 449 1772 contendere
470 1732 761 1772 vibebantur.
794 1731 1075 1783 Compenset
1104 1731 1232 1771 Deus
1260 1730 1365 1782 Opt.
1394 1730 1519 1770 Max.
1550 1730 1801 1781 largitione

167 1804 349 1854 gratiae
370 1803 556 1843 illorum
578 1804 786 1855 ipsorum
807 1809 851 1843 et
873 1814 1064 1854 operam
1086 1808 1130 1842 et
1151 1803 1457 1842 voluntatem.

247 1873 544 1926 Scripsimus,
564 1874 702 1914 Pater
719 1874 1160 1924 observandissime,
1180 1873 1234 1913 R.
1258 1873 1307 1913 P.
1331 1873 1402 1924 T.,
1426 1884 1545 1924 quae
1563 1871 1707 1912 menti
1728 1884 1802 1912 oc-

169 1945 432 1986 currebant.
455 1945 590 1986 Nunc
609 1957 723 1985 vero
746 1944 792 1985 id
812 1949 1039 1996 superest,
1069 1951 1119 1984 ut
1145 1956 1231 1984 nos
1257 1949 1365 1984 tuae
1387 1943 1440 1984 R.
1464 1943 1512 1984 P.
1547 1943 1803 1983 humillime

108 2018 110 2020 ’
170 2016 562 2067 commendemus,
587 2014 719 2067 cujus
741 2015 1030 2056 orationibus
1050 2027 1141 2067 quo
1171 2014 1324 2065 magis
1353 2013 1637 2065 indigemus,
1672 2020 1803 2053 tanto

169 2088 355 2139 quidem
375 2087 613 2127 ardentius
635 2087 790 2126 cuncti
810 2085 1043 2137 supplices
1065 2097 1146 2126 eas
1167 2086 1420 2137 poscimus.

248 2158 482 2208 Viennae,
506 2158 657 2209 primo
678 2156 965 2209 Septembris
988 2156 1062 2197 die
1087 2156 1202 2196 1551.

252 2228 305 2269 R.
331 2229 380 2269 P.
404 2229 456 2268 T.
479 2229 699 2279 indignus
721 2239 905 2276 serVUS,

999 2369 1241 2422 JOHANNES
1262 2382 1322 2409 DE
1340 2369 1584 2410 VICTORIA.

227 2559 238 2579 ¹
277 2558 331 2586 Sic
345 2559 448 2586 etiam
464 2563 642 2591 utrumque
656 2562 808 2585 nostrum
821 2557 1006 2591 exemplam
1023 2555 1111 2590 quod
1122 2555 1252 2582 sirecte
1266 2555 1381 2587 habet,
1395 2555 1433 2582 de
1446 2562 1511 2582 uno
1526 2555 1559 2581 P.
1574 2554 1714 2582 Claudio
1730 2554 1805 2588 Jajo

173 2614 284 2634 sermo
299 2614 372 2634 esse
387 2606 532 2633 videtur.
