2074 3179
168 115 239 152 310
681 115 908 153 LITTERAE
936 126 1294 160 QUADRIMESTRES

248 211 488 262 Elegimus
509 218 754 264 praeterea
781 212 920 263 duos,
951 213 1029 264 qui
1049 225 1164 264 prae
1193 214 1390 254 caeteris
1413 214 1694 255 authoritate
1723 228 1803 255 va-

165 283 338 333 lebant,
363 295 562 334 quorum
582 283 640 323 sit
663 283 864 323 officium
878 284 983 324 lites
1001 285 1193 336 quasvis
1211 285 1443 336 deponere
1461 298 1516 326 ac
1533 286 1803 327 inimicitias

166 355 266 394 sive
287 354 547 395 discordias
564 367 571 405 3
595 354 857 405 regnabant
871 354 994 394 enim
1010 355 1238 407 plurimae
1253 356 1482 397 factiones
1499 363 1638 409 atque
1654 359 1800 398 horni-

167 426 310 466 cidia:
334 427 409 466 hic
432 426 570 466 audio
598 438 690 466 uno
713 426 786 466 die
813 426 1154 478 quinquaginta
1179 428 1361 468 occisos
1387 428 1552 478 fuisse,
1585 429 1647 469 ibi
1669 441 1800 469 sexa-

163 497 310 548 ginta,
327 498 436 537 alibi
453 497 993 549 centumquadraginta:
1011 498 1169 538 omnia
1186 498 1371 539 demum
1387 499 1650 540 homicidiis
1663 502 1801 552 plena

167 574 212 608 et
246 569 566 608 seditionibus.
599 568 637 609 O
673 574 783 620 quot
818 569 1165 620 oppressiones,
1204 575 1314 621 quot
1345 577 1506 621 raptus
1542 571 1797 622 virginum,

166 646 277 691 quot
298 640 560 690 latrocinia,
585 646 695 691 quot
724 640 997 680 violentiae!
1022 647 1065 680 et
1094 641 1248 681 adhuc
1276 642 1444 692 plagae
1471 642 1641 682 calent.
1673 643 1731 683 Et
1753 650 1801 683 ut

167 723 323 763 unum,
353 711 474 752 unde
504 718 692 751 caetera
713 710 955 763 conjicies,
985 712 1201 763 referam,
1237 712 1296 752 ad
1324 713 1638 764 quadraginta
1668 714 1803 754 exiis

167 783 243 833 qui
271 783 426 823 occiso
455 783 641 823 cuidam
668 782 904 834 conjuncti
931 789 1085 834 erant,
1118 784 1164 823 in
1193 782 1431 834 conjectos
1462 783 1473 802 ¹
1502 784 1690 836 quidam
1717 785 1801 825 Ta-

167 855 328 894 narius
356 855 597 905 sigillatim
624 854 843 894 evocavit
869 860 928 905 et,
959 855 1163 895 securim
1189 855 1236 896 in
1262 867 1405 896 manu
1434 856 1626 907 habens,
1650 857 1803 908 capite

165 926 422 973 truncavit3
447 937 504 965 ne
526 925 605 965 uni
627 925 813 977 quidem
832 926 1057 978 pepercit,
1081 932 1126 966 et
1148 932 1304 967 tamen
1325 933 1439 967 natu
1458 928 1654 978 grandis
1686 934 1800 967 erat.

167 997 315 1037 Electi
337 1002 444 1036 sunt
464 996 609 1047 igitur
629 995 893 1048 hujusmodi
920 998 1052 1048 pacis
1079 998 1422 1049 conciliatores,
1454 1004 1497 1038 et
1527 1010 1804 1050 componen-

166 1068 333 1108 darum
360 1067 705 1108 dissensionum
732 1068 946 1119 modum,
970 1074 1020 1109 ut
1040 1080 1129 1120 ego
1151 1069 1198 1110 in
1218 1068 1419 1109 Domino
1441 1070 1714 1120 sentiebam,
1739 1070 1805 1109 eis

166 1139 358 1191 tradidi,
378 1146 421 1179 et
444 1139 641 1191 singulis
663 1139 920 1192 quibusque
936 1140 1068 1180 festis
1090 1141 1375 1192 congregari
1392 1153 1499 1182 cum
1514 1141 1619 1181 filiis
1637 1141 1804 1181 debent

164 1211 211 1251 in
233 1211 460 1262 ecclesiis,
484 1217 534 1251 ut
556 1211 865 1251 christianam
891 1212 1156 1252 doctrinam
1183 1212 1367 1264 utrique
1400 1212 1660 1253 addiscant.
1687 1212 1805 1252 Ver-

164 1289 331 1323 santur
352 1283 475 1323 enim
500 1283 547 1322 in
568 1283 778 1323 maxima
799 1282 1068 1333 ignorantia
1098 1283 1188 1324 Dei
1216 1290 1260 1324 et
1287 1295 1445 1324 rerum
1473 1284 1801 1336 spiritualium;

163 1355 285 1395 unde
307 1356 427 1395 inter
443 1355 587 1395 hosce
604 1361 787 1395 montes
804 1361 902 1395 tam
916 1355 1063 1395 multa
1079 1354 1332 1395 homicidia
1349 1356 1564 1408 malaque
1582 1355 1673 1395 alia
1692 1362 1802 1395 nata

164 1432 283 1467 sunt.

241 1497 516 1549 Delegimus
550 1499 692 1539 etiam
725 1498 969 1549 foeminas,
1007 1511 1126 1551 quae
1155 1498 1447 1539 infirmorum
1475 1510 1637 1539 curam
1665 1499 1803 1539 habe·

161 1576 286 1621 rent3
310 1570 461 1622 primo
484 1570 672 1621 quidem
692 1576 741 1610 ut
764 1570 1075 1610 confiteantur
1096 1577 1141 1610 et
1163 1571 1532 1621 communicent3
1556 1570 1742 1623 deinde,
1767 1571 1806 1610 si

160 1653 394 1694 pauperes
415 1641 602 1693 fuerint,
622 1647 672 1681 ut
694 1641 876 1693 aliquos
894 1641 949 1681 de
967 1641 1358 1693 congregatione,
1379 1647 1428 1681 ut
1443 1641 1554 1692 dixi,
1574 1641 1802 1692 instituta,

161 1726 244 1765 per
266 1713 492 1765 oppidum
513 1713 712 1763 mittant,
748 1713 825 1765 qui
852 1713 1124 1753 necessaria
1154 1713 1350 1754 infirmis
1378 1719 1564 1753 curent:
1596 1714 1655 1753 ad
1689 1724 1808 1765 quas

163 1785 307 1825 etiam
328 1784 580 1836 pertinebit
602 1784 810 1835 dissidia,
837 1796 956 1836 quae
980 1785 1101 1824 inter
1116 1784 1344 1824 foeminas
1366 1784 1598 1835 accidunt,
1620 1796 1803 1836 compo-

160 1868 290 1896 nere.
316 1856 390 1896 Ad
418 1856 726 1896 christianam
755 1856 896 1896 etiam
920 1856 1186 1896 doctrinam
1214 1856 1495 1896 audiendam
1522 1856 1686 1896 iisdem
1714 1856 1803 1896 die-

160 1928 246 1968 bus
267 1927 399 1967 festis
423 1927 591 1967 debent
612 1927 881 1978 convenire,
905 1927 1116 1979 filiasque
1137 1928 1186 1968 in
1200 1927 1426 1979 pudicitia
1445 1939 1539 1968 non
1558 1928 1605 1967 in
1622 1927 1809 1967 choreis

161 2006 204 2039 et
231 1999 416 2051 pompis
444 1999 663 2049 enutrire,
698 2004 748 2039 ut
777 1998 1006 2039 hactenus
1034 2010 1141 2038 cum
1177 2010 1350 2050 magno
1388 1999 1600 2050 corporis
1633 2005 1678 2039 et
1707 1999 1802 2038 ani-

161 2082 264 2110 mae
282 2070 453 2110 damno
471 2069 698 2110 fecerunt.
723 2069 842 2110 Tam
858 2070 987 2121 ipsae
1009 2081 1150 2122 quam
1165 2070 1256 2110 viri
1272 2076 1321 2110 ut
1340 2069 1534 2110 Missam
1551 2070 1743 2110 audiant
1760 2075 1805 2109 et

161 2153 387 2182 coronam
414 2153 496 2181 seu
525 2141 758 2181 rosarium
779 2141 984 2193 quotidie
1013 2141 1186 2192 dicant,
1214 2140 1389 2193 jejunia
1419 2141 1476 2181 ab
1504 2141 1717 2181 Ecclesia
1738 2141 1804 2181 in-

163 2213 304 2253 ducta
327 2213 593 2264 observent,
617 2218 663 2253 et
690 2220 851 2253 mutua
883 2213 1114 2253 charitate
1144 2225 1192 2253 se
1215 2213 1600 2265 complectantur,
1626 2212 1807 2252 efficere

163 2284 449 2325 curavimus.
472 2283 607 2335 Quod
623 2295 706 2335 per
721 2283 811 2324 Dei
825 2284 1032 2335 gratiam
1048 2295 1098 2324 se
1116 2284 1452 2324 observaturos
1469 2284 1800 2335 promiserunt.

245 2354 443 2395 Multum
464 2355 605 2395 etiam
625 2355 979 2406 lachrymarum
999 2353 1217 2395 fuderunt
1239 2355 1512 2395 sacerdotes
1529 2361 1574 2395 et
1595 2354 1703 2395 laici
1721 2366 1807 2406 per

163 2427 296 2467 verbi
319 2426 407 2467 Dei
436 2427 671 2467 virtutem.
706 2427 764 2467 Et
790 2438 959 2467 revera
989 2426 1317 2467 admirandam
1347 2427 1471 2467 vitae
1500 2426 1804 2466 mutationem

161 2510 264 2539 esse
284 2498 461 2538 factam
483 2504 589 2549 post
610 2497 811 2549 primam
831 2498 1166 2549 visitationem,
1190 2498 1237 2538 in
1258 2499 1348 2538 hac
1371 2498 1578 2538 secunda
1600 2496 1804 2537 animad-

162 2575 311 2610 verto.
341 2568 475 2609 Adeo
504 2575 552 2608 ut
578 2568 674 2609 fere
712 2580 874 2608 omnes
901 2568 1066 2609 diebus
1088 2569 1335 2609 dominicis
1367 2568 1731 2615 communicent,
1762 2574 1807 2608 et

162 2648 260 2682 tam
277 2640 548 2681 sacerdotes
566 2652 706 2692 quam
717 2640 861 2680 laicos
878 2641 925 2680 in
939 2640 1111 2691 pietate
1120 2640 1375 2692 profecisse
1395 2646 1639 2691 tantopere
1650 2639 1803 2687 video,

165 2719 213 2753 ut
236 2712 337 2752 Deo
359 2711 619 2752 ineffabiles
641 2711 904 2762 gratiarum
925 2711 1137 2751 actiones
1157 2712 1428 2752 debeantur.

246 2784 304 2824 Et
330 2789 380 2823 ut
408 2783 673 2823 devotionis
708 2782 897 2833 aliquod
935 2782 1122 2833 signum
1156 2782 1238 2822 tibi
1272 2782 1493 2832 referam,
1524 2781 1727 2833 quodam
1760 2782 1808 2821 in

226 2895 234 2915 ¹
277 2894 343 2928 Sic;
370 2895 429 2922 sed
457 2895 540 2923 haec
570 2896 688 2923 iisdem
717 2895 786 2922 sere
814 2894 930 2922 verbis
955 2897 1119 2923 enarrata
1143 2894 1221 2922 vide
1242 2894 1275 2922 in
1298 2894 1465 2925 POL'ANco.
1493 2893 1696 2927 Clzronz'con,
1724 2898 1747 2921 t.
1774 2900 1809 2926 11,

167 2949 220 2969 an.
237 2941 316 2977 1551,
333 2949 364 2969 n.
380 2943 425 2978 77,
441 2950 520 2978 pag.
539 2943 599 2970 190.
