2074 3179
915 136 998 172 Ax.
1030 136 1120 172 1552
1761 139 1833 175 573

204 232 325 283 apud
347 237 534 271 exteras
555 232 790 283 nationes,
814 232 928 282 cibi,
952 231 1029 283 qui
1050 243 1142 271 non
1164 231 1304 281 perit,
1335 243 1435 271 sese
1459 232 1732 273 defraudent
1753 235 1830 273 ali-

205 303 375 342 monia.
400 302 516 343 Cum
538 304 659 343 enim
681 303 752 343 his
776 303 977 343 maxime
997 303 1334 354 posterioribus
1354 304 1488 358 annis
1511 303 1716 343 destituti
1737 304 1828 344 fue-

204 374 295 413 rint
326 374 532 413 subsidio
568 375 885 424 sacerdotum,
918 385 1113 425 quorum
1142 372 1329 425 quidem
1363 363 1571 426 linguam
1608 374 1829 425 intellige-

203 450 319 494 rent,
353 444 488 484 facile
524 445 718 496 quisque
753 445 876 496 apud
913 456 961 484 se
997 444 1173 495 colligit
1208 456 1345 495 quam
1380 445 1548 495 gravia
1584 445 1831 485 inciderint

203 526 314 554 suae
337 515 499 554 salutis
520 515 776 565 dispendia.
799 515 926 555 Haec
945 527 1071 563 sane,
1096 527 1215 566 quae
1234 515 1297 554 ita
1315 514 1574 564 referimus,
1595 515 1829 567 haudqua-

202 597 343 636 quam
364 598 418 625 eo
440 585 671 636 pertinent
692 592 740 625 ut
762 586 1024 637 proximum
1056 591 1269 625 nostrum
1297 586 1544 637 supercilio
1566 586 1833 637 pharisaico

203 656 520 696 traducamus.
545 655 634 696 Sed
660 662 708 696 ut
731 668 961 696 summam
982 656 1070 696 Dei
1098 656 1392 696 clementiam
1423 658 1739 697 venerabundi
1761 669 1831 698 su-

203 727 470 777 spiciamus,
492 726 681 778 ejusque
702 728 900 777 gloriam
916 739 1000 779 pro
1016 733 1177 767 nostro
1195 727 1381 767 modulo
1400 727 1750 778 amplificemus.

282 798 398 838 Cum
426 798 582 850 itaque
611 798 731 838 RdUS
758 798 805 838 Ρ.
837 805 994 838 noster
1021 798 1078 838 D.
1103 798 1326 838 Claudius
1351 798 1498 850 Jayus
1529 811 1621 838 non
1649 800 1832 850 ignora-

202 875 271 909 ret
294 880 388 908 non
410 869 630 920 exiguam
652 869 870 910 Italorum
892 870 1179 921 aliorumque
1197 875 1463 910 exterorum
1480 870 1719 910 hominum
1741 876 1833 910 tur-

201 940 307 979 bam
335 940 380 979 in
413 940 500 979 hac
531 941 645 980 urbe
676 940 863 991 ejusque
894 940 1108 980 districtu
1137 941 1440 990 commorari,
1475 953 1673 992 quorum
1694 942 1833 981 saluti

201 1023 293 1050 non
316 1011 379 1050 ita
401 1010 563 1051 fuisset
585 1012 785 1051 antehac
807 1017 1132 1063 prospectum,
1167 1012 1407 1051 constituit
1437 1018 1485 1052 ut
1507 1012 1640 1052 statis
1668 1013 1833 1052 diebus

200 1081 524 1121 hebdomadae
545 1082 719 1133 aliquot
756 1094 814 1122 ex
836 1082 1057 1122 fratribus
1093 1082 1301 1122 officinas
1337 1089 1379 1122 et
1415 1094 1470 1122 ea
1504 1084 1628 1133 loca,
1665 1084 1833 1134 quibus

200 1152 365 1191 diurno
396 1151 655 1202 fatigantur
682 1153 857 1203 labore,
896 1153 1349 1203 circumlustrarent,
1380 1165 1434 1193 ac
1463 1154 1640 1194 monita
1670 1154 1833 1194 salutis

201 1222 380 1271 darent,
405 1228 449 1262 et
471 1222 778 1262 confessionis
804 1224 1049 1263 utilitatem
1078 1224 1167 1264 illis
1193 1224 1328 1263 unice
1351 1224 1746 1264 commendarent.
1771 1225 1833 1265 At

199 1304 289 1343 quo
306 1288 494 1332 'facilius
522 1293 638 1333 haec
661 1293 870 1334 desolata
900 1295 1167 1345 pastoribus
1194 1295 1433 1346 plebecula
1454 1295 1752 1335 induceretur
1773 1296 1831 1335 ad

199 1364 538 1415 capessendam
564 1364 728 1404 salutis
750 1365 1034 1415 doctrinam,
1060 1377 1178 1416 quae
1210 1366 1273 1405 illi
1304 1366 1498 1406 subinde
1525 1367 1832 1407 familiaribus

201 1434 498 1485 ingerebatur
520 1435 786 1486 colloquiis,
817 1436 1015 1476 invitata
1043 1442 1111 1476 est
1139 1447 1321 1487 quoque
1344 1437 1402 1476 ad
1424 1438 1696 1477 concionem
1717 1438 1831 1478 itali-

201 1516 320 1556 cam3
340 1517 398 1545 ex
418 1517 509 1557 qua
526 1506 682 1557 plures
700 1507 842 1546 etiam
859 1507 1065 1558 apertius
1084 1507 1315 1547 discerent
1337 1514 1512 1559 quanta
1534 1509 1687 1559 gratia
1705 1508 1834 1548 Deus

204 1576 418 1627 Optimus
445 1576 677 1616 Maximus
702 1589 783 1617 eos
811 1577 1098 1629 dignaretur,
1124 1579 1202 1629 qui
1224 1579 1487 1619 animarum
1508 1579 1622 1630 ipsis
1645 1566 1835 1620 offerret

200 1647 422 1698 medicos,
447 1659 474 1687 a
504 1648 669 1699 quibus
690 1649 930 1701 percipere
958 1650 1170 1689 valerent
1191 1657 1597 1690 sacramentorum
1627 1651 1833 1690 remedia

201 1719 384 1769 aliaque
425 1719 735 1770 spiritualium
772 1720 1104 1760 beneficiorum
1139 1721 1327 1771 solatia,
1366 1721 1505 1761 etiam
1541 1721 1659 1761 citra
1695 1721 1833 1761 ullius

201 1790 470 1841 temporalis
491 1791 720 1830 mercedis
741 1791 1040 1831 refusionem.

280 1860 454 1912 Magna
475 1872 586 1900 sane
608 1861 849 1901 hominum
877 1862 1122 1902 multitudo
1151 1862 1242 1902 huc
1263 1862 1537 1902 adventavit
1567 1864 1613 1903 in
1634 1864 1832 1914 quadra-

201 1931 380 1981 gesima
401 1938 449 1971 ut
471 1944 497 1971 a
517 1932 651 1972 nobis
673 1933 986 1983 poenitentiae
1008 1939 1052 1973 et
1080 1945 1244 1973 sacrae
1266 1934 1604 1973 communionis
1626 1935 1830 1986 percipe-

202 2008 270 2042 ret
299 2009 658 2043 sacramentum.
689 2003 809 2043 Nam
835 2010 1021 2055 praeter
1049 2015 1130 2044 eos
1158 2005 1399 2044 manuales
1426 2005 1683 2056 operarios,
1716 2017 1834 2056 quos

202 2073 398 2112 fratrum
415 2079 682 2113 nostrorum
705 2074 966 2125 diligentia,
991 2081 1040 2115 ut
1065 2074 1161 2126 jam
1189 2075 1386 2125 dictum,
1410 2076 1469 2115 ad
1490 2076 1741 2116 conciones
1762 2088 1832 2116 sa-

203 2156 308 2184 cras
339 2150 621 2196 attraxerat,
655 2145 831 2196 pariter
858 2146 917 2185 ad
946 2157 1032 2186 nos
1067 2147 1336 2187 convolavit
1372 2147 1537 2198 ingens
1566 2152 1759 2187 caterva
1788 2135 1855 2187 et¹

202 2215 398 2255 militum
433 2221 476 2255 et
518 2227 679 2255 eorum
721 2216 797 2267 qui
838 2222 1094 2268 sequuntur
1135 2217 1290 2257 curias
1328 2217 1596 2269 Principum
1635 2218 1830 2258 istorum

202 2286 544 2336 Austricorum3
568 2291 612 2326 et
632 2286 679 2326 hi
699 2286 796 2326 fere
817 2287 989 2339 partim
1012 2287 1210 2339 hispani,
1234 2288 1405 2340 partim
1422 2289 1533 2339 galli
1551 2294 1697 2339 erant;
1723 2300 1831 2340 quo-

201 2369 302 2397 rum
325 2358 469 2408 multi,
495 2357 666 2397 diutius
689 2357 774 2398 has
796 2359 1072 2409 peregrinas
1092 2359 1311 2410 regiones
1328 2360 1590 2411 pervagati,
1611 2359 1707 2411 J'am
1725 2372 1831 2400 con-

201 2429 311 2468 fessi
331 2440 425 2468 non
453 2428 636 2468 fuerant
662 2441 745 2480 per
771 2429 945 2481 aliquot
972 2441 1135 2470 annos.
1166 2430 1417 2471 Praeterea
1439 2443 1497 2471 ex
1518 2431 1666 2481 fama,
1691 2443 1831 2482 quam

201 2499 313 2539 dicti
334 2500 452 2549 itali,
476 2499 831 2540 admonentibus
852 2500 1095 2552 fratribus,
1126 2501 1182 2542 de
1210 2498 1406 2552 collegio
1434 2487 1682 2542 Societatis
1703 2514 1829 2553 spar—

202 2576 373 2620 serant,
408 2571 670 2622 complures
691 2582 749 2610 ex
775 2570 974 2612 diversis
1007 2584 1061 2612 ac
1082 2572 1349 2624 longinquis
1377 2573 1516 2613 etiam
1545 2573 1829 2621 civitatibus,

201 2641 290 2681 huc
326 2641 451 2681 circa
487 2641 656 2681 festum
688 2641 899 2682 Paschae
939 2654 1075 2683 sacra
1115 2655 1297 2696 quoque
1337 2644 1598 2684 animarum
1642 2655 1833 2684 suarum

201 2712 412 2752 antidota
443 2712 677 2764 recepturi
704 2721 1039 2754 convenerunt.
1078 2714 1257 2755 Horum
1293 2715 1498 2755 omnium
1533 2715 1833 2755 conscientiis

202 2795 307 2833 nos,
340 2790 539 2835 quatuor
579 2789 768 2824 nostrae
808 2784 1013 2825 familiae
1048 2786 1342 2835 sacerdotes,
1381 2786 1538 2826 divina
1576 2786 1832 2838 opitulante

202 2854 371 2904 gratia,
402 2865 537 2905 opem
567 2854 688 2894 ferre
723 2855 1004 2906 studuimus,
1036 2862 1132 2897 tam
1159 2857 1205 2896 in
1241 2857 1645 2897 administratione
1676 2869 1830 2897 sacra-

204 2925 345 2965 menti
366 2925 700 2976 poenitentiae,
725 2937 864 2976 quam
886 2926 1025 2967 etiam
1047 2928 1259 2979 corporis
1288 2927 1520 2968 dominici.
1553 2928 1668 2968 Cum
1691 2929 1828 2977 enirn,
