2074 3179
210 150 282 186 500
730 150 955 186 LITTERAE
981 159 1341 192 QUADRIMESTRES

213 245 427 287 absoluta
446 246 597 298 prima
619 246 934 296 hebdomada,
958 246 1210 287 insalutato
1232 247 1418 299 hospite
1437 281 1444 298 ‚
1470 249 1559 288 hoc
1582 254 1672 298 est,
1695 248 1847 298 nobiS,

210 318 441 358 discessit.
477 318 616 358 Dolet
650 324 807 358 tamen
842 324 885 357 et
918 318 1073 369 pergit
1105 318 1241 358 nobis
1268 319 1482 360 confiteri
1510 326 1555 359 et
1582 319 1853 371 frequenter

211 389 561 430 communicare
581 401 687 429 cum
708 388 855 429 tribus
877 389 981 429 aliis
1001 388 1303 441 grandaevis,
1327 390 1565 442 Hispanis,
1592 391 1671 442 qui
1695 396 1739 430 et
1760 391 1849 442 ipsi

210 461 479 501 desiderant
501 472 549 501 se
570 461 704 501 nobis
725 460 996 512 adjungere.

291 532 342 572 In
363 533 739 584 praesentiarum
758 533 984 573 habemus
1000 531 1224 584 juvenem
1254 533 1527 584 quemdam,
1556 533 1695 573 valde
1725 545 1848 574 ama-

211 603 349 644 bilem
371 604 418 644 in
439 603 656 654 Domino,
682 604 729 643 in
749 604 1006 655 exercitiis,
1039 604 1118 655 qui
1148 604 1249 644 heri
1279 604 1482 644 absolvit
1509 604 1709 655 primam
1737 605 1847 644 heb-

210 673 464 714 domadam
485 681 530 715 et
551 675 756 715 animum
779 675 918 714 habet
939 675 999 715 ad
1020 674 1317 716 Societatem.
1342 675 1426 715 Est
1449 680 1493 715 et
1516 675 1636 715 alius
1658 676 1850 727 quidam

205 745 394 798 juvenis
413 746 723 786 novendecim
745 758 976 786 annorum
997 752 1077 787 aut
1098 746 1299 796 circiter,
1324 747 1402 798 qui
1423 747 1525 787 heri
1547 746 1694 787 adfuit
1715 747 1850 787 nobis

210 823 254 858 et
276 818 465 858 omnino
488 818 548 858 ad
569 818 724 858 omnia
745 824 940 869 paratus
961 829 1011 858 se
1031 818 1168 858 nobis
1190 818 1316 869 cupit
1338 816 1616 869 adjungere3
1647 818 1729 858 sed
1757 830 1851 858 non

209 895 363 941 potest
389 889 524 929 nobis
556 901 642 930 nec
670 889 884 929 habitare
910 889 1042 940 (sic),
1065 901 1150 930 nec
1181 889 1478 939 conversari,
1509 900 1595 929 nec
1625 890 1848 929 exercitia

207 961 467 1012 suscipere,
506 962 613 1012 quia
640 960 765 1000 dicto
792 960 991 1012 Regenti
1019 960 1258 1001 cohabitat
1287 967 1331 1000 et
1360 960 1475 1000 satis
1504 959 1694 1012 conjicit
1726 960 1851 1012 quod

207 1038 428 1084 parentes
448 1044 542 1072 non
563 1032 911 1083 permitterent,
936 1031 1018 1072 sed
1037 1031 1255 1072 fortassis
1277 1032 1443 1072 turbae
1480 1031 1664 1083 aliquae
1697 1031 1850 1072 denuo

208 1104 544 1143 excitarentur.
570 1103 711 1144 Volui
742 1115 856 1154 ergo
884 1104 1015 1155 prius
1044 1104 1305 1155 intelligere
1333 1104 1445 1155 quid
1473 1103 1521 1143 P.
1557 1103 1616 1144 V.
1649 1103 1705 1144 de
1733 1103 1851 1143 actis

208 1174 319 1225 illis,
345 1187 450 1215 curn
472 1175 632 1215 ultimo
653 1181 790 1226 posta
812 1187 838 1214 a
866 1187 939 1215 me
960 1175 1283 1226 transcriptis,
1308 1175 1499 1225 sentiat,
1530 1181 1575 1215 et
1596 1174 1708 1226 quid
1727 1179 1850 1226 post-

208 1246 297 1286 hac
332 1246 379 1286 in
414 1246 640 1286 similibus
670 1252 714 1286 et
743 1246 791 1286 in
819 1246 908 1286 hoc
938 1258 1123 1297 quoque
1160 1257 1273 1286 casu
1305 1257 1447 1297 agere
1483 1245 1692 1286 debeam.
1727 1245 1848 1296 Ego,

208 1317 298 1357 Dei
331 1317 509 1368 gratia,
546 1317 678 1357 nihili
704 1317 826 1357 facio
855 1317 1050 1368 quaevis
1078 1317 1303 1368 adversa3
1335 1317 1418 1357 sed
1445 1317 1492 1357 in
1512 1316 1602 1357 hoc
1623 1316 1853 1356 sollicitus

207 1401 312 1429 sum
339 1401 433 1429 non
461 1401 628 1441 parum
657 1395 704 1429 ut
739 1389 994 1440 prudenter
1029 1396 1073 1429 et
1103 1389 1273 1429 minori
1308 1400 1415 1429 cum
1442 1388 1667 1428 scandalo
1695 1388 1853 1428 omnia

208 1460 398 1511 fierent;
432 1461 491 1501 ad
519 1461 643 1512 quod
672 1472 760 1511 ego
788 1461 913 1501 nullo
941 1461 1079 1501 modo
1107 1459 1308 1511 sufficio;
1343 1458 1546 1500 confisus
1575 1465 1734 1500 tamen
1762 1459 1852 1499 Do—

210 1532 335 1572 mino
358 1539 401 1572 et
424 1532 716 1572 orationibus
736 1532 785 1571 P.
810 1531 868 1572 V.
893 1532 1008 1572 satis
1029 1532 1146 1581 bene
1167 1542 1270 1571 sum
1293 1536 1555 1571 contentus.

288 1603 375 1644 His
396 1605 553 1644 valeat
574 1604 621 1643 in
648 1603 851 1644 Domino
878 1604 990 1657 Jesu
1016 1602 1066 1643 P.
1096 1602 1156 1644 V.
1187 1608 1231 1643 et
1259 1615 1344 1643 nos
1374 1602 1470 1642 suis
1498 1608 1640 1654 atque
1660 1601 1854 1643 Patrum

207 1688 264 1715 ac
285 1675 506 1716 Fratrum
528 1676 818 1716 orationibus
840 1674 1194 1715 commendatos
1214 1674 1390 1714 habere
1414 1674 1649 1725 dignetur.

287 1747 490 1799 Raptim.
515 1746 728 1796 Lovanii,
752 1746 791 1786 8.
814 1746 1043 1798 Januarii,
1064 1757 1187 1786 anno
1210 1745 1401 1786 Domini
1428 1745 1544 1785 1552.

288 1818 341 1859 R.
368 1819 426 1859 V.
452 1830 617 1858 servus
641 1820 686 1857 in
709 1817 927 1868 Domino,

1149 1961 1396 2001 Amzmxus
1425 1960 1652 2010 Anam-NI,

1272 2051 1316 2077 ab
1338 2049 1541 2083 Antucrpia.

287 2286 511 2337 Indignus
533 2287 758 2326 sacerdos
780 2285 1030 2326 Societatis
1049 2286 1175 2338 Jesu.

290 2465 659 2517 superscriptio.
690 2429 802 2506 HTIS.
827 2465 929 2505 R.d0
951 2466 999 2506 in
1019 2465 1102 2505 X.0
1129 2464 1273 2513 Patri,
1298 2465 1448 2516 Mgro.
1474 2463 1658 2514 Ignatio
1688 2462 1744 2502 de
1765 2462 1853 2502 Lo—

208 2538 339 2589 yola,
376 2536 651 2588 Praeposito
687 2535 935 2577 Societatis
961 2537 1094 2590 Jesu,
1133 2536 1258 2588 apud
1292 2535 1519 2576 Sanctum
1556 2533 1771 2574 Marcum
1805 2532 1853 2572 in

207 2608 383 2649 Sancta
404 2608 555 2648 Maria
576 2608 632 2648 de
653 2607 845 2659 Strada,
868 2608 1037 2648 Roma.

290 2679 493 2720 Franco.

291 2750 402 2791 Alia
424 2762 593 2791 manu:
618 2750 732 2790 1552.
758 2750 828 2791 De
849 2750 1099 2802 Lobayna,
1125 2748 1389 2799 Adrianus,
1412 2748 1437 2787 S
1457 2747 1700 2801 Januario.

266 2857 329 2884 Ubi
345 2865 431 2885 nunc
447 2858 550 2885 habet
566 2855 750 2891 Lobayna.
766 2857 858 2891 prius
874 2861 948 2884 erat
965 2856 1116 2892 Napoli,·
1131 2856 1188 2883 sed
1206 2856 1296 2883 linea
1312 2855 1534 2889 sumi-,ducta
1550 2854 1699 2881 deletum
1716 2859 1779 2880 est.
