2074 3179
301 168 373 205 652
816 168 1044 206 LITTERAE
1071 180 1428 213 QUADRlMESTRES

382 264 436 305 R.
460 264 509 306 P.
534 266 585 306 T.

382 336 605 377 Mandato
626 336 717 377 R.di
740 337 789 377 Ρ.
821 337 1028 379 Antonio
1055 338 1225 379 Vinck.

381 407 558 449 Servus
580 408 753 449 inutilis
774 415 818 449 et
839 409 1055 461 ingratus
1075 409 1210 460 filius,

1130 552 1349 592 ANNIBAL
1369 552 1427 593 A.
1452 554 1717 595 COUDRETO.

380 764 735 817 Superscriptz'o
757 765 807 805 in
828 769 997 806 octava
1011 766 1220 818 pagina:
1240 766 1342 807 R.d0
1368 767 1415 808 in
1431 767 1570 808 Chro.
1589 768 1718 809 Patri
1733 768 1938 810 Domino

297 834 491 886 Ignacio
513 837 630 887 (sic)
652 837 708 877 de
726 837 930 889 Loyola,
954 837 1228 889 Praeposito
1247 837 1470 879 Generali
1486 838 1735 881 Societatis
1754 841 1881 895 Jesu.

377 907 528 947 Manu
550 908 601 960 J.
627 909 716 949 Ph.
754 908 872 949 Vito:
898 909 1011 959 1552,
1036 909 1271 950 Mesanae.
1298 909 1490 961 Quadri.
1514 916 1716 953 messan.
1745 912 1790 952 17
1808 912 1934 964 maji.

1002 1249 1245 1304 CXLIX

366 1476 590 1515 Robertus
611 1477 899 1524 Clayssonius

415 1542 537 1580 Patri
555 1542 725 1591 Ignatio
745 1543 798 1581 de
818 1543 1003 1592 Loyola.

462 1607 658 1655 Parisiis,
683 1609 727 1646 18
745 1609 849 1647 Maii
871 1609 962 1647 1552
982 1610 1007 1645 ¹.

1060 1743 1158 1820 ulis

372 1902 537 1943 Gratia
559 1909 603 1943 et
623 1915 717 1956 pax
748 1904 936 1944 Domini
964 1905 1122 1946 Nostri
1150 1906 1260 1959 Jesu
1293 1905 1467 1947 Christi
1496 1905 1555 1946 sit
1583 1917 1690 1945 cum
1720 1905 1933 1945 omnibus

292 1973 442 2014 vobis.
467 1973 634 2015 Amen.
1084 1971 1089 1977 ’

368 2044 645 2086 Reverende
669 2047 715 2087 in
737 2047 926 2088 Christo
948 2047 1108 2088 Pater:

366 2116 503 2157 Nova
523 2118 700 2169 negotii
727 2120 940 2170 urgentis
966 2119 1225 2160 necessitas
1253 2120 1379 2171 cogit
1408 2131 1494 2160 nos
1521 2126 1570 2160 ut
1602 2120 1790 2171 saepius
1811 2120 1932 2159 auri-

287 2187 373 2227 bus
394 2188 484 2228 tuis
506 2195 692 2230 nostras
714 2190 895 2231 litteras
917 2191 1257 2243 obstrepamus.
1280 2190 1371 2232 Sed
1393 2197 1472 2232 tua
1493 2191 1762 2232 humanitas
1780 2201 1929 2243 aequo

287 2259 443 2300 animo
463 2259 582 2301 feret
604 2261 828 2313 quidquid
847 2263 1192 2314 scripserimus.

363 2330 469 2383 Jam
498 2332 569 2372 bis
599 2338 730 2372 terve
761 2334 1028 2375 monuimus
1058 2333 1396 2375 Paternitatem
1430 2340 1559 2374 tuam
1589 2346 1675 2374 nos
1704 2334 1751 2374 in
1786 2346 1930 2386 angu-

285 2408 409 2443 stum
429 2415 676 2444 numerum
704 2405 943 2455 redactOS,
973 2417 1141 2457 nempe
1171 2406 1451 2457 ternarium,
1483 2411 1679 2457 excepto
1703 2405 1877 2445 famulo
1899 2405 1928 2452 ‘·’,

286 2473 345 2513 ob
366 2473 627 2515 discessum
650 2476 909 2527 sociorum,
937 2477 1015 2528 qui
1036 2476 1236 2517 Romam
1257 2477 1386 2517 missi
1408 2483 1536 2528 sunt,
1556 2483 1601 2517 et
1622 2476 1804 2516 felicem
1825 2488 1930 2517 evo-

286 2545 434 2586 latum
455 2546 504 2586 in
523 2547 705 2587 coelum
725 2547 885 2588 fratris
906 2548 1055 2588 nostri
1076 2548 1293 2599 magistri
1321 2547 1475 2589 Caroli
1502 2547 1792 2588 Commelini.
1818 2546 1931 2589 Item

290 2616 529 2658 dominum
552 2617 718 2658 domus
735 2626 925 2659 nostrae
943 2617 956 2635 ³
973 2619 1032 2659 ad
1049 2630 1242 2670 gregem
1265 2630 1400 2659 suum
1421 2627 1529 2659 ante
1551 2617 1670 2659 festa
1690 2618 1932 2670 paschalia

289 2688 555 2738 profectum
585 2702 702 2730 esse.

344 2849 353 2868 ¹
394 2850 644 2885 Autographae
661 2851 692 2877 in
709 2851 788 2878 solio
804 2850 928 2885 duplici
945 2858 974 2877 n.
992 2850 1188 2878 139.—Vere
1214 2848 1482 2885 quadrimest'res
1508 2858 1572 2878 non
1597 2854 1692 2885 sunt,
1718 2851 1775 2878 scd
1801 2850 1933 2884 quadri-

293 2900 438 2923 mestres
454 2898 631 2931 complent,
647 2905 731 2932 quas
746 2905 851 2932 supra
866 2906 897 2925 n.
913 2905 1000 2925 cxnv
1016 2898 1178 2931 dedimus,
1196 2905 1273 2932 pag.
1289 2898 1351 2925 622.

345 2943 359 2962 ²
398 2943 484 2971 Vide
500 2952 613 2979 supra.
630 2953 660 2972 n.
678 2953 765 2973 chv
778 2967 783 2979 ‚
798 2950 867 2973 not.
885 2947 909 2978 1,
925 2953 1003 2980 pag.
1019 2946 1082 2973 624.

342 2991 356 3010 ³
397 2991 598 3020 Guilielmus
616 2994 658 3020 du
674 2993 775 3027 Prat,
793 2994 1078 3022 claromontanus
1094 2994 1292 3029 Episcopus.
