2074 3179
177 130 250 169 342
693 130 920 168 L1TTERAE
948 140 1306 173 QUADRlMESTRES

178 229 269 268 lem
290 240 418 279 sane,
435 239 491 268 ac
508 227 718 268 divinum
734 226 982 278 quemdam
1000 226 1217 266 affectum
1234 225 1293 266 ad
1309 225 1592 268 Societatem
1607 231 1821 266 nostram

180 298 444 339 ostendens.
1699 297 1702 299 ’

259 369 502 410 Summam
535 376 691 410 autem
723 367 860 419 hujus
892 368 1136 408 concionis
1163 379 1423 420 prosequar
1453 367 1480 407 ¹.
1508 369 1686 409 Thema
1712 367 1813 408 fuit:

179 442 459 482 mandatum
481 452 657 481 novum
678 440 736 479 do
759 440 908 490 vobis,
930 443 982 480 ut
1010 438 1234 490 diligatis
1259 439 1482 490 invicem,
1503 439 1626 480 sicut
1652 443 1696 480 et
1725 450 1815 490 ego

179 513 335 553 dilexi
364 524 466 553 vos.
503 500 640 566 Joanf
682 511 741 551 13.
779 511 831 551 In
864 511 968 562 lege
1003 510 1271 551 carnalibus
1305 511 1589 562 rudibusque
1623 510 1817 563 Judaeis

180 586 452 625 mandatum
481 584 586 624 fuit:
620 582 798 634 diliges
819 583 1103 634 proximum
1134 586 1269 622 tunm
1296 581 1419 621 sicut
1450 585 1492 621 te
1523 581 1707 633 ipsums
1727 581 1817 622 hoc

178 668 293 696 vero
313 668 438 696 novo
460 655 533 695 X.i
562 654 751 694 Domini
773 654 923 694 nostri
944 653 1167 694 mandato
1187 652 1403 704 jubemur
1429 652 1597 693 debere
1625 652 1818 703 diligere

178 727 445 779 proximum
466 727 586 766 sicut
607 738 693 765 nos
715 726 863 777 ipsos,
895 724 1134 775 videlicet,
1166 725 1286 764 sicut
1316 724 1420 764 X.us
1446 723 1607 764 dilexit
1633 735 1740 774 nos,
1768 729 1818 763 ut

179 799 373 850 pulchre
395 798 587 849 exponit
609 797 666 837 D.
691 797 895 848 Cyrillus
914 796 990 837 lib.
1015 797 1053 835 9.
1078 796 1125 836 in
1145 796 1407 849 Johannem
1429 808 1468 835 c.
1497 794 1562 835 23.
1586 794 1823 835 Doctores

181 870 363 920 docent,
384 875 428 909 et
444 874 586 920 recte,
607 868 888 908 charitatem
905 879 1007 908 esse
1027 867 1307 918 ordinatam,
1332 872 1376 907 et
1396 867 1546 918 primo
1566 866 1770 917 incipere
1792 877 1818 905 a

180 942 303 993 Deo,
328 940 534 981 secundo
563 953 590 980 a
616 952 665 980 se
694 941 816 992 ipso,
847 945 959 991 etC.;
989 939 1071 979 sed
1092 939 1195 991 ipsa
1215 944 1385 979 natura
1413 937 1670 988 charitatis,
1694 937 1742 977 in
1768 948 1818 977 se

181 1013 494 1063 considerata,
513 1012 654 1052 alium
672 1011 770 1063 jam
791 1011 967 1051 dictum
988 1010 1202 1050 ordinem
1221 1015 1396 1050 servat.
1414 1009 1545 1049 Haec
1566 1020 1693 1048 nova
1708 1009 1820 1062 Jesu

178 1084 389 1125 Societas
406 1083 561 1124 studet
576 1095 669 1123 non
686 1083 836 1123 solum
855 1082 1090 1122 communi
1107 1081 1243 1122 modo
1261 1082 1378 1121 bene
1395 1081 1573 1131 vivere,
1592 1086 1641 1120 ut
1658 1091 1820 1120 ornnes

178 1157 352 1209 Xpiani
374 1161 607 1206 tenentur,
631 1167 718 1195 nec
738 1160 920 1195 tantum
941 1153 1187 1194 excellenti
1208 1153 1367 1204 modo,
1391 1159 1439 1193 ut
1460 1152 1688 1203 religiosi,
1719 1151 1816 1202 sed,

177 1228 435 1269 secundum
461 1239 637 1267 novum
664 1226 790 1267 istud
817 1225 892 1266 X.i
920 1225 1208 1275 mandatum,
1239 1223 1634 1264 excellentissimo
1662 1223 1821 1271 modo;

176 1300 290 1341 nihil
321 1298 559 1340 dilectioni
592 1298 792 1338 fratrum
820 1303 1125 1349 anteponere,
1157 1296 1228 1336 sui
1255 1296 1432 1336 nullum
1462 1296 1636 1336 habere
1666 1307 1818 1347 respe-

176 1377 322 1422 ctum,
347 1383 396 1411 se
420 1371 572 1422 ipsum
593 1369 861 1420 exinanire,
892 1380 1034 1420 seque
1056 1364 1206 1408 totum
1228 1367 1286 1408 ad
1308 1367 1398 1407 Dei
1418 1367 1643 1407 honorem
1663 1366 1818 1418 proxi-

175 1454 450 1494 morumque
481 1443 677 1482 salutem
709 1440 969 1491 effundere,
1000 1439 1148 1480 vitam
1174 1438 1416 1490 propriam
1442 1450 1526 1489 pro
1555 1437 1818 1478 animarum

173 1515 324 1555 salute
360 1520 682 1564 contemnere,
713 1524 899 1552 omnem
927 1511 1125 1563 denique
1145 1510 1355 1550 laborem
1383 1521 1611 1561 omneque
1638 1509 1818 1560 pericu—

173 1587 268 1626 lum
289 1586 445 1626 subire
465 1596 551 1637 pro
573 1584 658 1625 X.⁰
678 1584 1035 1635 animarumque
1057 1583 1220 1623 salute.
1245 1581 1408 1621 Novus
1430 1592 1543 1621 sane
1565 1586 1609 1620 et
1640 1580 1818 1620 inaudi—

173 1664 248 1698 tus
269 1663 340 1698 est
360 1657 435 1697 hic
454 1656 718 1697 dilectionis
734 1655 916 1705 modus,
937 1666 1075 1706 quem
1091 1654 1195 1694 X.1¹S
1213 1653 1442 1701 dominus,
1463 1664 1522 1692 ex
1538 1652 1628 1692 hoc
1645 1651 1819 1692 mundo

173 1729 231 1770 ad
248 1729 437 1770 Patrem
453 1728 752 1777 transiturus,
773 1727 897 1767 serio
916 1726 1158 1778 discipulis
1178 1723 1541 1766 commendavit.
1559 1724 1690 1764 Haec
1707 1722 1819 1764 San-

175 1808 253 1842 cta
279 1799 493 1841 Societas
519 1811 696 1840 novum
724 1799 849 1839 istud
883 1797 957 1838 X.i
991 1796 1267 1838 mandatum
1301 1808 1386 1848 pro
1421 1795 1726 1835 fundamento
1764 1807 1819 1835 ac

172 1872 332 1914 radice
348 1872 501 1912 habet.
522 1870 627 1911 Non
649 1870 707 1910 ad
724 1870 1010 1922 particulare
1033 1868 1221 1920 aliquod
1239 1867 1484 1908 charitatis
1502 1878 1583 1906 seu
1605 1866 1819 1906 obedien-

174 1945 266 1986 tiae
301 1943 501 1984 officium
537 1954 587 1982 se
617 1941 918 1993 adstringunt
953 1941 1031 1992 qui
1067 1940 1123 1980 de
1161 1940 1249 1979 hac
1278 1938 1512 1980 Societate
1540 1944 1670 1988 sunt,
1700 1938 1820 1978 sicut

173 2016 379 2067 reliquae
400 2015 654 2066 religiones
674 2013 868 2062 faciunt,
888 2012 970 2053 sed
993 2012 1052 2052 ad
1073 2023 1128 2052 ea
1147 2011 1318 2061 omnia,
1339 2010 1398 2050 ad
1420 2021 1538 2061 quae
1555 2009 1816 2058 mittuntur,

173 2099 354 2139 quaeve
375 2092 617 2138 tamquam
639 2084 698 2125 ad
719 2085 918 2125 salutem
945 2083 1210 2123 animarum
1238 2082 1391 2133 magis
1420 2081 1552 2121 utilia
1580 2092 1682 2121 sese
1713 2079 1818 2120 offe·

173 2164 296 2200 runt.
320 2158 444 2199 Sane
464 2157 589 2198 istud
611 2162 680 2197 est
702 2162 800 2196 tam
821 2156 1058 2196 excellens
1079 2166 1136 2195 ac
1158 2158 1389 2204 sanctum,
1413 2158 1463 2193 ut
1485 2163 1670 2192 omnem
1690 2151 1818 2191 intel—

172 2232 345 2271 lectum
367 2240 590 2281 superare
610 2227 843 2268 Videatur.
867 2226 971 2267 Non
993 2226 1164 2266 mirum
1194 2236 1307 2276 ergo
1336 2224 1375 2264 si
1403 2224 1522 2264 haec
1548 2222 1761 2264 Societas
1792 2234 1816 2262 a

179 2301 344 2354 paucis
379 2305 709 2352 cognoscatur.
747 2299 915 2339 Merito
943 2309 1058 2338 sane
1087 2303 1286 2338 vocatur
1320 2295 1532 2337 Societas
1558 2294 1693 2346 Jesu,
1724 2305 1819 2333 non

174 2373 298 2426 quod
333 2384 421 2413 nos
455 2372 601 2412 simus
636 2383 694 2411 ex
730 2370 955 2410 societate
991 2369 1185 2418 diaboli,
1221 2368 1303 2408 sed
1338 2367 1445 2419 quia
1481 2364 1817 2413 excellentiori,

175 2446 315 2485 immo
338 2442 731 2484 excellentissimo
752 2441 908 2493 modo,
933 2446 1157 2493 sequatur
1178 2439 1432 2480 Dominum
1449 2438 1608 2492 Jesum
1627 2435 1820 2488 ejusque

175 2521 368 2556 sanctos
390 2514 658 2566 Apostolos
682 2513 784 2563 Ego
806 2524 968 2553 omnes
996 2522 1157 2552 eorum
1184 2510 1356 2562 bullas,
1387 2507 1744 2550 constitutiones
1774 2513 1818 2546 et

176 2587 403 2628 exercitia
430 2585 524 2636 legi
552 2584 813 2636 approbata
841 2590 886 2623 et
913 2583 1189 2623 confirmata
1218 2594 1301 2634 per
1328 2580 1603 2621 modernum
1631 2577 1819 2618 Pontifi-

177 2671 278 2699 cem
300 2657 491 2709 ejusque
511 2655 940 2708 praedecessorem.
973 2654 1024 2694 In
1045 2654 1207 2694 habitu
1229 2657 1487 2705 sequuntur
1515 2662 1694 2690 morem
1723 2649 1818 2701 pio-

177 2741 280 2770 rum
301 2728 601 2769 sacerdotum
621 2725 917 2779 provinciae,
942 2725 988 2765 in
1010 2724 1124 2765 cibis
1146 2730 1190 2764 et
1219 2723 1445 2764 similibus
1472 2721 1598 2762 nulla
1626 2726 1819 2761 utuntur

231 2865 241 2885 ¹
282 2864 433 2899 Sequens
447 2864 576 2891 Ruardi
598 2863 712 2898 Taper
734 2862 845 2890 oratio
870 2861 962 2889 edita
985 2861 1056 2896 jam
1078 2861 1109 2888 in
1134 2861 1243 2888 lucem
1268 2863 1319 2887 est
1343 2859 1377 2886 in
1399 2857 1520 2887 chron.
1547 2857 1619 2884 Soc.
1640 2855 1818 2891 Jes.,t.11,

176 2920 254 2947 pag.
268 2912 329 2947 284,
346 2920 377 2940 n.
393 2912 455 2944 243.
472 2915 505 2939 et
521 2911 659 2938 dubium
674 2918 739 2938 non
754 2914 805 2938 est
820 2918 861 2937 ex
878 2909 929 2937 his
944 2909 1039 2936 illam
1054 2908 1179 2935 litteris
1196 2907 1297 2935 fuisse
1314 2899 1538 2940 desumptam.
1553 2905 1617 2932 Est
1634 2908 1749 2932 tamen
1765 2903 1819 2930 hic

176 2959 308 2994 plenior
324 2962 357 2986 et
374 2959 595 2986 emendatior.
