<?xml version="1.0" encoding="UTF-8"?>
<!DOCTYPE html PUBLIC "-//W3C//DTD XHTML 1.0 Transitional//EN"
    "http://www.w3.org/TR/xhtml1/DTD/xhtml1-transitional.dtd">
<html xmlns="http://www.w3.org/1999/xhtml" xml:lang="en" lang="en">
 <head>
  <title>
</title>
<meta http-equiv="Content-Type" content="text/html;charset=utf-8" />
  <meta name='ocr-system' content='tesseract 3.04.00' />
  <meta name='ocr-capabilities' content='ocr_page ocr_carea ocr_par ocr_line ocrx_word'/>
</head>
<body>
  <div class='ocr_page' id='page_1' title='image "./litteraequadrime13lain_0616.png"; bbox 0 0 2074 3179; ppageno 0'>
   <div class='ocr_carea' id='block_1_1' title="bbox 257 130 1385 174">
    <p class='ocr_par' dir='ltr' id='par_1_1' title="bbox 257 130 1385 174">
     <span class='ocr_line' id='line_1_1' title="bbox 257 130 1385 174; baseline 0.002 -7"><span class='ocrx_word' id='word_1_1' title='bbox 257 131 327 167; x_wconf 74' lang='grc'>012</span> <span class='ocrx_word' id='word_1_2' title='bbox 771 130 999 167; x_wconf 79' lang='lat' dir='ltr'>LITTERAE</span> <span class='ocrx_word' id='word_1_3' title='bbox 1026 142 1385 174; x_wconf 75' lang='lat' dir='ltr'>QUADmMESTREs</span> 
     </span>
    </p>
   </div>
   <div class='ocr_carea' id='block_1_2' title="bbox 256 236 1888 527">
    <p class='ocr_par' dir='ltr' id='par_1_2' title="bbox 256 236 1888 386">
     <span class='ocr_line' id='line_1_2' title="bbox 337 236 1888 319; baseline 0.005 -17"><span class='ocrx_word' id='word_1_4' title='bbox 337 262 708 314; x_wconf 72' lang='lat' dir='ltr'>Superscm&#39;ptz&#39;o.</span> <span class='ocrx_word' id='word_1_5' title='bbox 746 236 859 304; x_wconf 57' lang='lat' dir='ltr'>HTIS.</span> <span class='ocrx_word' id='word_1_6' title='bbox 897 263 1167 304; x_wconf 87' lang='lat' dir='ltr'>Admodum</span> <span class='ocrx_word' id='word_1_7' title='bbox 1201 263 1479 305; x_wconf 86' lang='lat' dir='ltr'>Reverendo</span> <span class='ocrx_word' id='word_1_8' title='bbox 1522 266 1650 306; x_wconf 85' lang='lat' dir='ltr'>Patri</span> <span class='ocrx_word' id='word_1_9' title='bbox 1689 267 1888 319; x_wconf 84' lang='lat' dir='ltr'>Ignatio,</span> 
     </span>
     <span class='ocr_line' id='line_1_3' title="bbox 256 333 1274 386; baseline 0 -13"><span class='ocrx_word' id='word_1_10' title='bbox 256 333 532 385; x_wconf 82' lang='lat' dir='ltr'>Praeposito</span> <span class='ocrx_word' id='word_1_11' title='bbox 551 334 774 374; x_wconf 85' lang='lat' dir='ltr'>Generali</span> <span class='ocrx_word' id='word_1_12' title='bbox 795 333 1058 386; x_wconf 85' lang='lat' dir='ltr'>Societatis‚</span> <span class='ocrx_word' id='word_1_13' title='bbox 1081 335 1274 376; x_wconf 87' lang='lat' dir='ltr'>Romae.</span> 
     </span>
    </p>

    <p class='ocr_par' dir='ltr' id='par_1_3' title="bbox 335 404 1136 446">
     <span class='ocr_line' id='line_1_4' title="bbox 335 404 1136 446; baseline 0.002 -2"><span class='ocrx_word' id='word_1_14' title='bbox 335 405 399 444; x_wconf 88' lang='lat' dir='ltr'>Et</span> <span class='ocrx_word' id='word_1_15' title='bbox 421 405 629 444; x_wconf 75' lang='lat' dir='ltr'>Polancz&#39;</span> <span class='ocrx_word' id='word_1_16' title='bbox 645 416 790 445; x_wconf 78' lang='lat' dir='ltr'>mann</span> <span class='ocrx_word' id='word_1_17' title='bbox 804 417 818 445; x_wconf 93' lang='grc'>.·</span> <span class='ocrx_word' id='word_1_18' title='bbox 840 404 1136 446; x_wconf 84' lang='lat' dir='ltr'>Salamanca.</span> 
     </span>
    </p>

    <p class='ocr_par' dir='ltr' id='par_1_4' title="bbox 334 475 816 527">
     <span class='ocr_line' id='line_1_5' title="bbox 334 475 816 527; baseline 0 -11"><span class='ocrx_word' id='word_1_19' title='bbox 334 477 397 516; x_wconf 85' lang='lat' dir='ltr'>Et</span> <span class='ocrx_word' id='word_1_20' title='bbox 418 476 538 516; x_wconf 74' lang='lat' dir='ltr'>alia:</span> <span class='ocrx_word' id='word_1_21' title='bbox 563 475 689 527; x_wconf 88' lang='lat' dir='ltr'>Maji.</span> <span class='ocrx_word' id='word_1_22' title='bbox 714 489 756 527; x_wconf 86' lang='lat' dir='ltr'>q.</span> <span class='ocrx_word' id='word_1_23' title='bbox 782 488 816 516; x_wconf 91' lang='lat' dir='ltr'>s.</span> 
     </span>
    </p>
   </div>
   <div class='ocr_carea' id='block_1_3' title="bbox 960 887 1182 942">
    <p class='ocr_par' dir='ltr' id='par_1_5' title="bbox 960 887 1182 942">
     <span class='ocr_line' id='line_1_6' title="bbox 960 887 1182 942; baseline -0.009 0"><span class='ocrx_word' id='word_1_24' title='bbox 960 887 1182 942; x_wconf 83' lang='lat' dir='ltr'>CXLII</span> 
     </span>
    </p>
   </div>
   <div class='ocr_carea' id='block_1_4' title="bbox 320 1098 1070 1203">
    <p class='ocr_par' dir='ltr' id='par_1_6' title="bbox 320 1098 1070 1203">
     <span class='ocr_line' id='line_1_7' title="bbox 320 1098 794 1147; baseline -0.004 -10"><span class='ocrx_word' id='word_1_25' title='bbox 320 1099 577 1147; x_wconf 86' lang='lat' dir='ltr'>Alphonsus</span> <span class='ocrx_word' id='word_1_26' title='bbox 606 1098 794 1136; x_wconf 87' lang='lat' dir='ltr'>Barreto</span> 
     </span>
     <span class='ocr_line' id='line_1_8' title="bbox 370 1163 1070 1203; baseline -0.003 -1"><span class='ocrx_word' id='word_1_27' title='bbox 370 1165 600 1203; x_wconf 82' lang='lat' dir='ltr'>Fratribus</span> <span class='ocrx_word' id='word_1_28' title='bbox 621 1163 1070 1202; x_wconf 86' lang='lat' dir='ltr'>Conimbricensibus.</span> 
     </span>
    </p>
   </div>
   <div class='ocr_carea' id='block_1_5' title="bbox 414 1229 1076 1278">
    <p class='ocr_par' dir='ltr' id='par_1_7' title="bbox 414 1229 1076 1278">
     <span class='ocr_line' id='line_1_9' title="bbox 414 1229 1076 1278; baseline -0.002 -10"><span class='ocrx_word' id='word_1_29' title='bbox 414 1231 584 1277; x_wconf 89' lang='lat' dir='ltr'>Evora‚</span> <span class='ocrx_word' id='word_1_30' title='bbox 605 1240 756 1267; x_wconf 92' lang='lat' dir='ltr'>mense</span> <span class='ocrx_word' id='word_1_31' title='bbox 777 1230 920 1278; x_wconf 83' lang='lat' dir='ltr'>Aprili</span> <span class='ocrx_word' id='word_1_32' title='bbox 941 1229 1033 1267; x_wconf 80' lang='lat'>1552</span> <span class='ocrx_word' id='word_1_33' title='bbox 1052 1230 1076 1267; x_wconf 90' lang='lat'>¹.</span> 
     </span>
    </p>
   </div>
   <div class='ocr_carea' id='block_1_6' title="bbox 1029 1371 1126 1447">
    <p class='ocr_par' dir='ltr' id='par_1_8' title="bbox 1029 1371 1126 1447">
     <span class='ocr_line' id='line_1_10' title="bbox 1029 1371 1126 1447; baseline 0.01 -1"><span class='ocrx_word' id='word_1_34' title='bbox 1029 1371 1126 1447; x_wconf 69' lang='lat' dir='ltr'>Ifle</span> 
     </span>
    </p>
   </div>
   <div class='ocr_carea' id='block_1_7' title="bbox 281 1549 1849 1631">
    <p class='ocr_par' dir='ltr' id='par_1_9' title="bbox 281 1549 1849 1631">
     <span class='ocr_line' id='line_1_11' title="bbox 281 1549 1849 1585; baseline 0.002 -10"><span class='ocrx_word' id='word_1_35' title='bbox 281 1549 385 1584; x_wconf 84' lang='lat' dir='ltr'>Copia</span> <span class='ocrx_word' id='word_1_36' title='bbox 409 1549 448 1576; x_wconf 85' lang='lat' dir='ltr'>de</span> <span class='ocrx_word' id='word_1_37' title='bbox 470 1557 536 1576; x_wconf 85' lang='lat' dir='ltr'>una</span> <span class='ocrx_word' id='word_1_38' title='bbox 558 1549 611 1577; x_wconf 83' lang='lat' dir='ltr'>del</span> <span class='ocrx_word' id='word_1_39' title='bbox 633 1549 806 1576; x_wconf 85' lang='lat' dir='ltr'>Hermano</span> <span class='ocrx_word' id='word_1_40' title='bbox 822 1549 884 1576; x_wconf 77' lang='lat' dir='ltr'>A.0</span> <span class='ocrx_word' id='word_1_41' title='bbox 899 1549 1063 1584; x_wconf 86' lang='lat' dir='ltr'>Barreto,</span> <span class='ocrx_word' id='word_1_42' title='bbox 1086 1557 1148 1584; x_wconf 89' lang='lat' dir='ltr'>que</span> <span class='ocrx_word' id='word_1_43' title='bbox 1172 1550 1327 1577; x_wconf 81' lang='lat' dir='ltr'>escriven</span> <span class='ocrx_word' id='word_1_44' title='bbox 1348 1550 1398 1577; x_wconf 89' lang='lat' dir='ltr'>del</span> <span class='ocrx_word' id='word_1_45' title='bbox 1424 1550 1561 1585; x_wconf 86' lang='lat' dir='ltr'>Colegio</span> <span class='ocrx_word' id='word_1_46' title='bbox 1577 1551 1616 1578; x_wconf 89' lang='lat' dir='ltr'>de</span> <span class='ocrx_word' id='word_1_47' title='bbox 1632 1550 1750 1578; x_wconf 88' lang='lat' dir='ltr'>Evora</span> <span class='ocrx_word' id='word_1_48' title='bbox 1766 1552 1785 1577; x_wconf 69' lang='lat' dir='ltr'>a</span> <span class='ocrx_word' id='word_1_49' title='bbox 1800 1551 1849 1578; x_wconf 82' lang='grc'>105</span> 
     </span>
     <span class='ocr_line' id='line_1_12' title="bbox 542 1596 1590 1631; baseline 0.002 -8"><span class='ocrx_word' id='word_1_50' title='bbox 542 1596 730 1623; x_wconf 84' lang='lat' dir='ltr'>Hermanos</span> <span class='ocrx_word' id='word_1_51' title='bbox 746 1597 785 1623; x_wconf 91' lang='lat' dir='ltr'>de</span> <span class='ocrx_word' id='word_1_52' title='bbox 802 1596 971 1631; x_wconf 85' lang='lat' dir='ltr'>Coimbra,</span> <span class='ocrx_word' id='word_1_53' title='bbox 987 1597 1138 1624; x_wconf 81' lang='lat' dir='ltr'>recibida</span> <span class='ocrx_word' id='word_1_54' title='bbox 1154 1605 1195 1624; x_wconf 89' lang='lat' dir='ltr'>en</span> <span class='ocrx_word' id='word_1_55' title='bbox 1210 1598 1240 1624; x_wconf 86' lang='lat' dir='ltr'>el</span> <span class='ocrx_word' id='word_1_56' title='bbox 1256 1605 1326 1624; x_wconf 87' lang='lat' dir='ltr'>mes</span> <span class='ocrx_word' id='word_1_57' title='bbox 1341 1598 1381 1624; x_wconf 88' lang='lat' dir='ltr'>de</span> <span class='ocrx_word' id='word_1_58' title='bbox 1396 1598 1496 1625; x_wconf 86' lang='lat' dir='ltr'>Abril</span> <span class='ocrx_word' id='word_1_59' title='bbox 1513 1598 1590 1625; x_wconf 80' lang='lat'>1552.</span> 
     </span>
    </p>
   </div>
   <div class='ocr_carea' id='block_1_8' title="bbox 238 1723 1886 2417">
    <p class='ocr_par' dir='ltr' id='par_1_10' title="bbox 239 1723 1886 2204">
     <span class='ocr_line' id='line_1_13' title="bbox 326 1723 1886 1778; baseline 0.001 -13"><span class='ocrx_word' id='word_1_60' title='bbox 326 1725 574 1775; x_wconf 87' lang='lat' dir='ltr'>Nosotros,</span> <span class='ocrx_word' id='word_1_61' title='bbox 604 1723 791 1764; x_wconf 86' lang='lat' dir='ltr'>bendito</span> <span class='ocrx_word' id='word_1_62' title='bbox 827 1735 907 1764; x_wconf 88' lang='lat' dir='ltr'>sea</span> <span class='ocrx_word' id='word_1_63' title='bbox 941 1725 981 1764; x_wconf 94' lang='lat' dir='ltr'>el</span> <span class='ocrx_word' id='word_1_64' title='bbox 1009 1723 1174 1776; x_wconf 77' lang='lat' dir='ltr'>Sefior,</span> <span class='ocrx_word' id='word_1_65' title='bbox 1207 1730 1410 1765; x_wconf 83' lang='lat' dir='ltr'>estamos</span> <span class='ocrx_word' id='word_1_66' title='bbox 1438 1725 1575 1765; x_wconf 87' lang='lat' dir='ltr'>todos</span> <span class='ocrx_word' id='word_1_67' title='bbox 1598 1724 1806 1778; x_wconf 89' lang='lat' dir='ltr'>[buenos]</span> <span class='ocrx_word' id='word_1_68' title='bbox 1830 1726 1886 1766; x_wconf 87' lang='lat' dir='ltr'>de</span> 
     </span>
     <span class='ocr_line' id='line_1_14' title="bbox 246 1795 1884 1848; baseline 0 -11"><span class='ocrx_word' id='word_1_69' title='bbox 246 1796 381 1837; x_wconf 78' lang='lat' dir='ltr'>salud</span> <span class='ocrx_word' id='word_1_70' title='bbox 401 1809 432 1848; x_wconf 86' lang='lat' dir='ltr'>y</span> <span class='ocrx_word' id='word_1_71' title='bbox 453 1796 523 1836; x_wconf 91' lang='lat' dir='ltr'>los</span> <span class='ocrx_word' id='word_1_72' title='bbox 543 1795 809 1836; x_wconf 84' lang='lat' dir='ltr'>Hermanos</span> <span class='ocrx_word' id='word_1_73' title='bbox 831 1806 1118 1847; x_wconf 75' lang='lat' dir='ltr'>perseverari</span> <span class='ocrx_word' id='word_1_74' title='bbox 1139 1807 1224 1835; x_wconf 90' lang='lat' dir='ltr'>con</span> <span class='ocrx_word' id='word_1_75' title='bbox 1250 1802 1503 1847; x_wconf 82' lang='lat' dir='ltr'>augmento</span> <span class='ocrx_word' id='word_1_76' title='bbox 1531 1808 1589 1836; x_wconf 91' lang='lat' dir='ltr'>en</span> <span class='ocrx_word' id='word_1_77' title='bbox 1609 1808 1688 1836; x_wconf 88' lang='lat' dir='ltr'>sus</span> <span class='ocrx_word' id='word_1_78' title='bbox 1710 1798 1884 1837; x_wconf 85' lang='lat' dir='ltr'>exerci-</span> 
     </span>
     <span class='ocr_line' id='line_1_15' title="bbox 245 1866 1884 1920; baseline 0.001 -12"><span class='ocrx_word' id='word_1_79' title='bbox 245 1868 343 1908; x_wconf 91' lang='lat' dir='ltr'>cios</span> <span class='ocrx_word' id='word_1_80' title='bbox 365 1867 771 1908; x_wconf 85' lang='lat' dir='ltr'>acostumbrados.</span> <span class='ocrx_word' id='word_1_81' title='bbox 792 1866 835 1906; x_wconf 75' lang='lat' dir='ltr'>V</span> <span class='ocrx_word' id='word_1_82' title='bbox 857 1873 1031 1918; x_wconf 85' lang='lat' dir='ltr'>quanto</span> <span class='ocrx_word' id='word_1_83' title='bbox 1055 1869 1081 1906; x_wconf 80' lang='grc'>3</span> <span class='ocrx_word' id='word_1_84' title='bbox 1102 1867 1171 1907; x_wconf 90' lang='grc'>105</span> <span class='ocrx_word' id='word_1_85' title='bbox 1192 1867 1517 1918; x_wconf 80' lang='lat' dir='ltr'>particulares,</span> <span class='ocrx_word' id='word_1_86' title='bbox 1542 1879 1592 1908; x_wconf 94' lang='lat' dir='ltr'>se</span> <span class='ocrx_word' id='word_1_87' title='bbox 1614 1868 1805 1920; x_wconf 88' lang='lat' dir='ltr'>ayudan</span> <span class='ocrx_word' id='word_1_88' title='bbox 1827 1881 1884 1909; x_wconf 91' lang='lat' dir='ltr'>en</span> 
     </span>
     <span class='ocr_line' id='line_1_16' title="bbox 243 1937 1881 1991; baseline 0.001 -12"><span class='ocrx_word' id='word_1_89' title='bbox 243 1939 448 1991; x_wconf 87' lang='lat' dir='ltr'>especial</span> <span class='ocrx_word' id='word_1_90' title='bbox 469 1938 525 1979; x_wconf 87' lang='lat' dir='ltr'>de</span> <span class='ocrx_word' id='word_1_91' title='bbox 551 1939 622 1978; x_wconf 92' lang='lat' dir='ltr'>las</span> <span class='ocrx_word' id='word_1_92' title='bbox 650 1938 940 1978; x_wconf 74' lang='lat' dir='ltr'>obedientias</span> <span class='ocrx_word' id='word_1_93' title='bbox 961 1937 974 1956; x_wconf 67' lang='lat'>‘²</span> <span class='ocrx_word' id='word_1_94' title='bbox 1003 1949 1091 1977; x_wconf 89' lang='lat' dir='ltr'>con</span> <span class='ocrx_word' id='word_1_95' title='bbox 1117 1938 1162 1978; x_wconf 91' lang='lat' dir='ltr'>la</span> <span class='ocrx_word' id='word_1_96' title='bbox 1192 1939 1599 1979; x_wconf 89' lang='lat' dir='ltr'>communicacion</span> <span class='ocrx_word' id='word_1_97' title='bbox 1621 1940 1881 1991; x_wconf 85' lang='lat' dir='ltr'>espiritual,</span> 
     </span>
     <span class='ocr_line' id='line_1_17' title="bbox 242 2008 1881 2063; baseline -0.001 -12"><span class='ocrx_word' id='word_1_98' title='bbox 242 2022 330 2063; x_wconf 89' lang='lat' dir='ltr'>que</span> <span class='ocrx_word' id='word_1_99' title='bbox 346 2022 403 2051; x_wconf 89' lang='lat' dir='ltr'>en</span> <span class='ocrx_word' id='word_1_100' title='bbox 420 2011 549 2062; x_wconf 79' lang='lat' dir='ltr'>ellaS,</span> <span class='ocrx_word' id='word_1_101' title='bbox 570 2009 890 2060; x_wconf 87' lang='lat' dir='ltr'>charissimos,</span> <span class='ocrx_word' id='word_1_102' title='bbox 915 2009 1057 2049; x_wconf 85' lang='lat' dir='ltr'>usais.</span> <span class='ocrx_word' id='word_1_103' title='bbox 1080 2008 1151 2049; x_wconf 91' lang='lat' dir='ltr'>De</span> <span class='ocrx_word' id='word_1_104' title='bbox 1173 2010 1236 2049; x_wconf 87' lang='lat' dir='ltr'>mi</span> <span class='ocrx_word' id='word_1_105' title='bbox 1259 2021 1311 2049; x_wconf 94' lang='lat' dir='ltr'>os</span> <span class='ocrx_word' id='word_1_106' title='bbox 1333 2013 1382 2050; x_wconf 83' lang='grc'>56</span> <span class='ocrx_word' id='word_1_107' title='bbox 1404 2009 1532 2050; x_wconf 87' lang='lat' dir='ltr'>decir</span> <span class='ocrx_word' id='word_1_108' title='bbox 1553 2022 1642 2062; x_wconf 91' lang='lat' dir='ltr'>que</span> <span class='ocrx_word' id='word_1_109' title='bbox 1663 2022 1737 2050; x_wconf 91' lang='lat' dir='ltr'>me</span> <span class='ocrx_word' id='word_1_110' title='bbox 1758 2011 1881 2051; x_wconf 90' lang='lat' dir='ltr'>hallo</span> 
     </span>
     <span class='ocr_line' id='line_1_18' title="bbox 241 2079 1881 2133; baseline 0 -11"><span class='ocrx_word' id='word_1_111' title='bbox 241 2094 330 2122; x_wconf 89' lang='lat' dir='ltr'>con</span> <span class='ocrx_word' id='word_1_112' title='bbox 357 2092 466 2133; x_wconf 83' lang='lat' dir='ltr'>muy</span> <span class='ocrx_word' id='word_1_113' title='bbox 496 2081 755 2133; x_wconf 78' lang='lat' dir='ltr'>particular</span> <span class='ocrx_word' id='word_1_114' title='bbox 788 2080 1041 2120; x_wconf 78' lang='lat' dir='ltr'>necesidad</span> <span class='ocrx_word' id='word_1_115' title='bbox 1067 2079 1124 2120; x_wconf 88' lang='lat' dir='ltr'>de</span> <span class='ocrx_word' id='word_1_116' title='bbox 1152 2086 1368 2120; x_wconf 86' lang='lat' dir='ltr'>vuestras</span> <span class='ocrx_word' id='word_1_117' title='bbox 1397 2081 1656 2122; x_wconf 82' lang='lat' dir='ltr'>oraciones.</span> <span class='ocrx_word' id='word_1_118' title='bbox 1682 2081 1881 2122; x_wconf 90' lang='lat' dir='ltr'>Nuestro</span> 
     </span>
     <span class='ocr_line' id='line_1_19' title="bbox 239 2152 1765 2204; baseline -0.001 -11"><span class='ocrx_word' id='word_1_119' title='bbox 239 2153 389 2194; x_wconf 78' lang='lat' dir='ltr'>Sefior</span> <span class='ocrx_word' id='word_1_120' title='bbox 411 2165 463 2193; x_wconf 88' lang='lat' dir='ltr'>os</span> <span class='ocrx_word' id='word_1_121' title='bbox 484 2152 541 2193; x_wconf 83' lang='lat' dir='ltr'>de</span> <span class='ocrx_word' id='word_1_122' title='bbox 563 2155 589 2192; x_wconf 77' lang='lat' dir='ltr'>a</span> <span class='ocrx_word' id='word_1_123' title='bbox 614 2164 816 2192; x_wconf 87' lang='lat' dir='ltr'>conocer</span> <span class='ocrx_word' id='word_1_124' title='bbox 837 2155 1038 2204; x_wconf 70' lang='lat' dir='ltr'>quantas</span> <span class='ocrx_word' id='word_1_125' title='bbox 1059 2163 1188 2203; x_wconf 84' lang='lat' dir='ltr'>sean,</span> <span class='ocrx_word' id='word_1_126' title='bbox 1211 2163 1329 2203; x_wconf 85' lang='lat' dir='ltr'>para</span> <span class='ocrx_word' id='word_1_127' title='bbox 1350 2163 1437 2203; x_wconf 90' lang='lat' dir='ltr'>que</span> <span class='ocrx_word' id='word_1_128' title='bbox 1459 2163 1532 2192; x_wconf 90' lang='lat' dir='ltr'>me</span> <span class='ocrx_word' id='word_1_129' title='bbox 1554 2152 1765 2204; x_wconf 79' lang='lat' dir='ltr'>ayudeis.</span> 
     </span>
    </p>

    <p class='ocr_par' dir='ltr' id='par_1_11' title="bbox 238 2222 1881 2417">
     <span class='ocr_line' id='line_1_20' title="bbox 320 2222 1881 2276; baseline 0 -12"><span class='ocrx_word' id='word_1_130' title='bbox 320 2223 619 2264; x_wconf 88' lang='lat' dir='ltr'>Estudiamos</span> <span class='ocrx_word' id='word_1_131' title='bbox 636 2236 666 2275; x_wconf 85' lang='lat' dir='ltr'>y</span> <span class='ocrx_word' id='word_1_132' title='bbox 683 2234 849 2275; x_wconf 86' lang='lat' dir='ltr'>oymos</span> <span class='ocrx_word' id='word_1_133' title='bbox 865 2223 936 2263; x_wconf 92' lang='grc'>135</span> <span class='ocrx_word' id='word_1_134' title='bbox 951 2222 1175 2262; x_wconf 90' lang='lat' dir='ltr'>lectiones</span> <span class='ocrx_word' id='word_1_135' title='bbox 1192 2234 1281 2274; x_wconf 87' lang='lat' dir='ltr'>que</span> <span class='ocrx_word' id='word_1_136' title='bbox 1297 2223 1481 2263; x_wconf 88' lang='lat' dir='ltr'>escribi.</span> <span class='ocrx_word' id='word_1_137' title='bbox 1510 2235 1561 2264; x_wconf 89' lang='lat' dir='ltr'>.s.</span> <span class='ocrx_word' id='word_1_138' title='bbox 1581 2222 1595 2242; x_wconf 78' lang='lat'>³</span> <span class='ocrx_word' id='word_1_139' title='bbox 1617 2224 1661 2276; x_wconf 84' lang='lat' dir='ltr'>la</span> <span class='ocrx_word' id='word_1_140' title='bbox 1677 2224 1881 2275; x_wconf 86' lang='lat' dir='ltr'>primera</span> 
     </span>
     <span class='ocr_line' id='line_1_21' title="bbox 238 2293 1881 2348; baseline -0.001 -12"><span class='ocrx_word' id='word_1_141' title='bbox 238 2301 373 2348; x_wconf 83' lang='lat' dir='ltr'>parte</span> <span class='ocrx_word' id='word_1_142' title='bbox 401 2296 457 2335; x_wconf 80' lang='lat' dir='ltr'>de</span> <span class='ocrx_word' id='word_1_143' title='bbox 491 2294 637 2335; x_wconf 83' lang='lat' dir='ltr'>Santo</span> <span class='ocrx_word' id='word_1_144' title='bbox 664 2295 872 2335; x_wconf 87' lang='lat' dir='ltr'>Thomas</span> <span class='ocrx_word' id='word_1_145' title='bbox 901 2294 957 2334; x_wconf 91' lang='lat' dir='ltr'>de</span> <span class='ocrx_word' id='word_1_146' title='bbox 987 2293 1214 2345; x_wconf 84' lang='lat' dir='ltr'>Artacho‚</span> <span class='ocrx_word' id='word_1_147' title='bbox 1244 2307 1275 2345; x_wconf 84' lang='lat' dir='ltr'>y</span> <span class='ocrx_word' id='word_1_148' title='bbox 1305 2306 1362 2334; x_wconf 90' lang='lat' dir='ltr'>en</span> <span class='ocrx_word' id='word_1_149' title='bbox 1391 2299 1491 2334; x_wconf 89' lang='lat' dir='ltr'>esta</span> <span class='ocrx_word' id='word_1_150' title='bbox 1525 2306 1789 2346; x_wconf 87' lang='lat' dir='ltr'>quaresma,</span> <span class='ocrx_word' id='word_1_151' title='bbox 1824 2307 1881 2335; x_wconf 86' lang='lat' dir='ltr'>en</span> 
     </span>
     <span class='ocr_line' id='line_1_22' title="bbox 239 2363 1880 2417; baseline 0.001 -12"><span class='ocrx_word' id='word_1_152' title='bbox 239 2366 452 2407; x_wconf 80' lang='lat' dir='ltr'>absentia</span> <span class='ocrx_word' id='word_1_153' title='bbox 475 2365 531 2405; x_wconf 87' lang='lat' dir='ltr'>dc</span> <span class='ocrx_word' id='word_1_154' title='bbox 552 2366 765 2416; x_wconf 84' lang='lat' dir='ltr'>Ulmedo‚</span> <span class='ocrx_word' id='word_1_155' title='bbox 793 2366 837 2405; x_wconf 82' lang='lat' dir='ltr'>la</span> <span class='ocrx_word' id='word_1_156' title='bbox 859 2365 1055 2416; x_wconf 86' lang='lat' dir='ltr'>epistola</span> <span class='ocrx_word' id='word_1_157' title='bbox 1083 2364 1139 2405; x_wconf 90' lang='lat' dir='ltr'>de</span> <span class='ocrx_word' id='word_1_158' title='bbox 1160 2363 1387 2415; x_wconf 86' lang='lat' dir='ltr'>Santiago</span> <span class='ocrx_word' id='word_1_159' title='bbox 1409 2377 1497 2417; x_wconf 92' lang='lat' dir='ltr'>que</span> <span class='ocrx_word' id='word_1_160' title='bbox 1524 2376 1609 2406; x_wconf 91' lang='lat' dir='ltr'>nos</span> <span class='ocrx_word' id='word_1_161' title='bbox 1635 2366 1740 2417; x_wconf 86' lang='lat' dir='ltr'>leyo</span> <span class='ocrx_word' id='word_1_162' title='bbox 1768 2365 1880 2406; x_wconf 90' lang='lat' dir='ltr'>Luis</span> 
     </span>
    </p>
   </div>
   <div class='ocr_carea' id='block_1_9' title="bbox 239 2435 494 2479">
    <p class='ocr_par' dir='ltr' id='par_1_12' title="bbox 239 2435 494 2479">
     <span class='ocr_line' id='line_1_23' title="bbox 239 2435 494 2479; baseline -0.02 0"><span class='ocrx_word' id='word_1_163' title='bbox 239 2438 445 2479; x_wconf 70' lang='lat' dir='ltr'>Alvarez</span> <span class='ocrx_word' id='word_1_164' title='bbox 466 2435 494 2474; x_wconf 64' lang='lat'>⁴.</span> 
     </span>
    </p>
   </div>
   <div class='ocr_carea' id='block_1_10' title="bbox 325 2531 521 2540">
    <p class='ocr_par' dir='ltr' id='par_1_13' title="bbox 325 2531 521 2540">
     <span class='ocr_line' id='line_1_24' title="bbox 325 2531 521 2540; baseline 0 0"><span class='ocrx_word' id='word_1_165' title='bbox 325 2531 521 2540; x_wconf 95' lang='lat' dir='ltr'> </span> 
     </span>
    </p>
   </div>
   <div class='ocr_carea' id='block_1_11' title="bbox 234 2574 1879 2846">
    <p class='ocr_par' dir='ltr' id='par_1_14' title="bbox 293 2574 985 2610">
     <span class='ocr_line' id='line_1_25' title="bbox 293 2574 985 2610; baseline -0.004 -7"><span class='ocrx_word' id='word_1_166' title='bbox 293 2575 301 2595; x_wconf 82' lang='lat'>¹</span> <span class='ocrx_word' id='word_1_167' title='bbox 343 2575 594 2610; x_wconf 85' lang='lat' dir='ltr'>Apographum</span> <span class='ocrx_word' id='word_1_168' title='bbox 609 2575 641 2602; x_wconf 90' lang='lat' dir='ltr'>in</span> <span class='ocrx_word' id='word_1_169' title='bbox 657 2574 736 2601; x_wconf 86' lang='lat' dir='ltr'>folio</span> <span class='ocrx_word' id='word_1_170' title='bbox 752 2575 861 2608; x_wconf 84' lang='lat' dir='ltr'>unico,</span> <span class='ocrx_word' id='word_1_171' title='bbox 877 2581 908 2600; x_wconf 88' lang='lat' dir='ltr'>n.</span> <span class='ocrx_word' id='word_1_172' title='bbox 924 2574 985 2600; x_wconf 74' lang='lat'>293.</span> 
     </span>
    </p>

    <p class='ocr_par' dir='ltr' id='par_1_15' title="bbox 234 2619 1879 2846">
     <span class='ocr_line' id='line_1_26' title="bbox 290 2619 1878 2657; baseline -0.001 -7"><span class='ocrx_word' id='word_1_173' title='bbox 290 2624 302 2642; x_wconf 72' lang='lat'><em>²</em></span> <span class='ocrx_word' id='word_1_174' title='bbox 341 2623 446 2650; x_wconf 87' lang='lat' dir='ltr'>Plura</span> <span class='ocrx_word' id='word_1_175' title='bbox 462 2623 495 2650; x_wconf 92' lang='lat' dir='ltr'>in</span> <span class='ocrx_word' id='word_1_176' title='bbox 510 2622 681 2657; x_wconf 81' lang='lat' dir='ltr'>religiosis</span> <span class='ocrx_word' id='word_1_177' title='bbox 696 2621 850 2656; x_wconf 85' lang='lat' dir='ltr'>familiis,</span> <span class='ocrx_word' id='word_1_178' title='bbox 866 2628 1008 2648; x_wconf 80' lang='lat' dir='ltr'>munera</span> <span class='ocrx_word' id='word_1_179' title='bbox 1022 2621 1229 2656; x_wconf 88' lang='lat' dir='ltr'>praesertim</span> <span class='ocrx_word' id='word_1_180' title='bbox 1250 2628 1290 2648; x_wconf 87' lang='lat' dir='ltr'>ac</span> <span class='ocrx_word' id='word_1_181' title='bbox 1311 2619 1438 2654; x_wconf 84' lang='lat' dir='ltr'>officia,</span> <span class='ocrx_word' id='word_1_182' title='bbox 1463 2628 1548 2655; x_wconf 87' lang='lat' dir='ltr'>quae</span> <span class='ocrx_word' id='word_1_183' title='bbox 1562 2628 1624 2655; x_wconf 90' lang='lat' dir='ltr'>per</span> <span class='ocrx_word' id='word_1_184' title='bbox 1638 2621 1878 2648; x_wconf 81' lang='lat' dir='ltr'>obedientiam</span> 
     </span>
     <span class='ocr_line' id='line_1_27' title="bbox 236 2668 1877 2705; baseline -0.001 -7"><span class='ocrx_word' id='word_1_185' title='bbox 236 2671 468 2705; x_wconf 83' lang='lat' dir='ltr'>injunguntur,</span> <span class='ocrx_word' id='word_1_186' title='bbox 484 2670 548 2697; x_wconf 88' lang='lat' dir='ltr'>hoc</span> <span class='ocrx_word' id='word_1_187' title='bbox 562 2670 695 2697; x_wconf 88' lang='lat' dir='ltr'>nomine</span> <span class='ocrx_word' id='word_1_188' title='bbox 712 2669 913 2696; x_wconf 79' lang='lat' dir='ltr'>obedientia</span> <span class='ocrx_word' id='word_1_189' title='bbox 931 2669 1160 2703; x_wconf 84' lang='lat' dir='ltr'>appellantur.</span> <span class='ocrx_word' id='word_1_190' title='bbox 1176 2668 1240 2695; x_wconf 92' lang='lat' dir='ltr'>Hic</span> <span class='ocrx_word' id='word_1_191' title='bbox 1252 2672 1367 2695; x_wconf 87' lang='lat' dir='ltr'>autem</span> <span class='ocrx_word' id='word_1_192' title='bbox 1379 2668 1584 2695; x_wconf 80' lang='lat' dir='ltr'>collationes</span> <span class='ocrx_word' id='word_1_193' title='bbox 1596 2669 1741 2704; x_wconf 80' lang='lat' dir='ltr'>intelligi</span> <span class='ocrx_word' id='word_1_194' title='bbox 1756 2669 1877 2696; x_wconf 87' lang='lat' dir='ltr'>debere</span> 
     </span>
     <span class='ocr_line' id='line_1_28' title="bbox 236 2715 1879 2752; baseline -0.001 -7"><span class='ocrx_word' id='word_1_195' title='bbox 236 2718 482 2752; x_wconf 84' lang='lat' dir='ltr'>existimamus,</span> <span class='ocrx_word' id='word_1_196' title='bbox 498 2721 575 2752; x_wconf 85' lang='lat' dir='ltr'>post</span> <span class='ocrx_word' id='word_1_197' title='bbox 590 2716 770 2752; x_wconf 83' lang='lat' dir='ltr'>prandium</span> <span class='ocrx_word' id='word_1_198' title='bbox 785 2720 844 2744; x_wconf 89' lang='lat' dir='ltr'>aut</span> <span class='ocrx_word' id='word_1_199' title='bbox 860 2723 1001 2744; x_wconf 82' lang='lat' dir='ltr'>coenam</span> <span class='ocrx_word' id='word_1_200' title='bbox 1021 2719 1080 2744; x_wconf 86' lang='lat' dir='ltr'>aut</span> <span class='ocrx_word' id='word_1_201' title='bbox 1095 2716 1172 2743; x_wconf 87' lang='lat' dir='ltr'>aliis</span> <span class='ocrx_word' id='word_1_202' title='bbox 1187 2716 1280 2743; x_wconf 82' lang='lat' dir='ltr'>horis</span> <span class='ocrx_word' id='word_1_203' title='bbox 1296 2715 1416 2743; x_wconf 86' lang='lat' dir='ltr'>haberi</span> <span class='ocrx_word' id='word_1_204' title='bbox 1431 2716 1561 2750; x_wconf 76' lang='lat' dir='ltr'>solitas,</span> <span class='ocrx_word' id='word_1_205' title='bbox 1585 2716 1619 2743; x_wconf 89' lang='lat' dir='ltr'>in</span> <span class='ocrx_word' id='word_1_206' title='bbox 1641 2717 1760 2751; x_wconf 90' lang='lat' dir='ltr'>quibus</span> <span class='ocrx_word' id='word_1_207' title='bbox 1776 2716 1879 2744; x_wconf 86' lang='lat' dir='ltr'>ratio-</span> 
     </span>
     <span class='ocr_line' id='line_1_29' title="bbox 235 2762 1878 2799; baseline -0.001 -7"><span class='ocrx_word' id='word_1_208' title='bbox 235 2773 311 2792; x_wconf 82' lang='lat' dir='ltr'>nem</span> <span class='ocrx_word' id='word_1_209' title='bbox 325 2764 466 2799; x_wconf 78' lang='lat' dir='ltr'>quisque</span> <span class='ocrx_word' id='word_1_210' title='bbox 482 2765 648 2792; x_wconf 82' lang='lat' dir='ltr'>reddebat</span> <span class='ocrx_word' id='word_1_211' title='bbox 664 2768 734 2791; x_wconf 86' lang='lat' dir='ltr'>tum</span> <span class='ocrx_word' id='word_1_212' title='bbox 749 2764 837 2791; x_wconf 89' lang='lat' dir='ltr'>modi</span> <span class='ocrx_word' id='word_1_213' title='bbox 852 2771 952 2798; x_wconf 88' lang='lat' dir='ltr'>quem</span> <span class='ocrx_word' id='word_1_214' title='bbox 966 2764 1000 2791; x_wconf 82' lang='lat' dir='ltr'>in</span> <span class='ocrx_word' id='word_1_215' title='bbox 1014 2763 1208 2791; x_wconf 83' lang='lat' dir='ltr'>meditando</span> <span class='ocrx_word' id='word_1_216' title='bbox 1224 2763 1264 2790; x_wconf 87' lang='lat' dir='ltr'>de</span> <span class='ocrx_word' id='word_1_217' title='bbox 1278 2763 1381 2790; x_wconf 85' lang='lat' dir='ltr'>rebus</span> <span class='ocrx_word' id='word_1_218' title='bbox 1402 2762 1466 2797; x_wconf 87' lang='lat' dir='ltr'>piis</span> <span class='ocrx_word' id='word_1_219' title='bbox 1488 2763 1628 2791; x_wconf 86' lang='lat' dir='ltr'>tenebat</span> <span class='ocrx_word' id='word_1_220' title='bbox 1639 2784 1646 2796; x_wconf 85' lang='lat'>‚</span> <span class='ocrx_word' id='word_1_221' title='bbox 1661 2768 1731 2791; x_wconf 82' lang='lat' dir='ltr'>tum</span> <span class='ocrx_word' id='word_1_222' title='bbox 1746 2763 1878 2791; x_wconf 84' lang='lat' dir='ltr'>fructus</span> 
     </span>
     <span class='ocr_line' id='line_1_30' title="bbox 234 2809 1877 2846; baseline -0.001 -7"><span class='ocrx_word' id='word_1_223' title='bbox 234 2820 332 2846; x_wconf 89' lang='lat' dir='ltr'>quem</span> <span class='ocrx_word' id='word_1_224' title='bbox 345 2820 386 2839; x_wconf 85' lang='lat' dir='ltr'>ex</span> <span class='ocrx_word' id='word_1_225' title='bbox 399 2812 460 2840; x_wconf 86' lang='lat' dir='ltr'>tali</span> <span class='ocrx_word' id='word_1_226' title='bbox 472 2811 694 2840; x_wconf 84' lang='lat' dir='ltr'>meditatione</span> <span class='ocrx_word' id='word_1_227' title='bbox 708 2811 878 2839; x_wconf 82' lang='lat' dir='ltr'>eliciebat.</span> <span class='ocrx_word' id='word_1_228' title='bbox 891 2810 978 2838; x_wconf 88' lang='lat' dir='ltr'>Vide</span> <span class='ocrx_word' id='word_1_229' title='bbox 990 2818 1093 2845; x_wconf 87' lang='lat' dir='ltr'>supra</span> <span class='ocrx_word' id='word_1_230' title='bbox 1107 2811 1139 2838; x_wconf 92' lang='lat' dir='ltr'>in</span> <span class='ocrx_word' id='word_1_231' title='bbox 1151 2818 1183 2837; x_wconf 92' lang='lat' dir='ltr'>n.</span> <span class='ocrx_word' id='word_1_232' title='bbox 1194 2809 1280 2845; x_wconf 73' lang='lat' dir='ltr'>CIX,</span> <span class='ocrx_word' id='word_1_233' title='bbox 1290 2817 1369 2845; x_wconf 83' lang='lat' dir='ltr'>pag.</span> <span class='ocrx_word' id='word_1_234' title='bbox 1378 2809 1440 2844; x_wconf 84' lang='grc'><strong>448,</strong></span> <span class='ocrx_word' id='word_1_235' title='bbox 1453 2813 1486 2838; x_wconf 88' lang='lat' dir='ltr'>et</span> <span class='ocrx_word' id='word_1_236' title='bbox 1501 2811 1637 2838; x_wconf 89' lang='lat' dir='ltr'>consule</span> <span class='ocrx_word' id='word_1_237' title='bbox 1656 2811 1877 2838; x_wconf 81' lang='lat' dir='ltr'>Glossarium</span> 
     </span>
    </p>
   </div>
   <div class='ocr_carea' id='block_1_12' title="bbox 235 2858 1875 2989">
    <p class='ocr_par' dir='ltr' id='par_1_16' title="bbox 235 2858 1875 2989">
     <span class='ocr_line' id='line_1_31' title="bbox 235 2858 787 2891; baseline 0 -5"><span class='ocrx_word' id='word_1_238' title='bbox 235 2859 287 2886; x_wconf 71' lang='lat' dir='ltr'>Dm</span> <span class='ocrx_word' id='word_1_239' title='bbox 300 2858 430 2891; x_wconf 77' lang='lat' dir='ltr'><strong>CANGE,</strong></span> <span class='ocrx_word' id='word_1_240' title='bbox 452 2860 547 2887; x_wconf 86' lang='lat' dir='ltr'>verb.</span> <span class='ocrx_word' id='word_1_241' title='bbox 567 2859 787 2887; x_wconf 75' lang='lat' dir='ltr'>Obedientz&#39;cz.</span> 
     </span>
     <span class='ocr_line' id='line_1_32' title="bbox 289 2908 905 2942; baseline 0.002 -9"><span class='ocrx_word' id='word_1_242' title='bbox 289 2908 302 2925; x_wconf 64' lang='grc' dir='ltr'>Γ·</span> <span class='ocrx_word' id='word_1_243' title='bbox 341 2914 386 2940; x_wconf 70' lang='lat' dir='ltr'>.s.z</span> <span class='ocrx_word' id='word_1_244' title='bbox 403 2908 551 2940; x_wconf 73' lang='lat' dir='ltr'>scilicet,</span> <span class='ocrx_word' id='word_1_245' title='bbox 564 2908 739 2942; x_wconf 85' lang='lat' dir='ltr'>hispanice</span> <span class='ocrx_word' id='word_1_246' title='bbox 757 2908 776 2934; x_wconf 71' lang='lat' dir='ltr'>ti</span> <span class='ocrx_word' id='word_1_247' title='bbox 790 2908 905 2934; x_wconf 73' lang='lat' dir='ltr'>saber.</span> 
     </span>
     <span class='ocr_line' id='line_1_33' title="bbox 287 2954 1875 2989; baseline 0 -8"><span class='ocrx_word' id='word_1_248' title='bbox 287 2955 300 2974; x_wconf 66' lang='grc' dir='ltr'>-ί</span> <span class='ocrx_word' id='word_1_249' title='bbox 339 2954 494 2981; x_wconf 78' lang='lat' dir='ltr'>Artacho</span> <span class='ocrx_word' id='word_1_250' title='bbox 519 2958 552 2982; x_wconf 87' lang='lat' dir='ltr'>et</span> <span class='ocrx_word' id='word_1_251' title='bbox 576 2955 720 2982; x_wconf 89' lang='lat' dir='ltr'>Ulmedo</span> <span class='ocrx_word' id='word_1_252' title='bbox 745 2954 925 2988; x_wconf 70' lang='lat' dir='ltr'>(Olmed0?l</span> <span class='ocrx_word' id='word_1_253' title='bbox 950 2955 1111 2982; x_wconf 90' lang='lat' dir='ltr'>videntur</span> <span class='ocrx_word' id='word_1_254' title='bbox 1134 2954 1237 2982; x_wconf 89' lang='lat' dir='ltr'>fuisse</span> <span class='ocrx_word' id='word_1_255' title='bbox 1260 2955 1419 2987; x_wconf 73' lang='lat' dir='ltr'>lectores,</span> <span class='ocrx_word' id='word_1_256' title='bbox 1445 2955 1539 2982; x_wconf 88' lang='lat' dir='ltr'>illum</span> <span class='ocrx_word' id='word_1_257' title='bbox 1563 2954 1768 2989; x_wconf 80' lang='lat' dir='ltr'>theologiae.</span> <span class='ocrx_word' id='word_1_258' title='bbox 1787 2954 1875 2981; x_wconf 86' lang='lat' dir='ltr'>hune</span> 
     </span>
    </p>
   </div>
  </div>
 </body>
</html>
