2074 3179
189 124 258 162 316
718 125 944 161 LITTERAE
972 136 1332 168 QUADRIMESTRES

185 227 235 261 ut
262 221 600 262 conscientiam
635 221 791 261 multis
825 220 1041 261 sordibus
1069 223 1439 264 contaminatam
1466 232 1748 276 purgarent,
1781 231 1826 266 et

185 291 409 332 vitiorum
429 292 640 333 maculas
661 292 863 340 luerent,
887 302 991 331 sese
1020 298 1278 344 receptant.
1308 295 1381 334 Ex
1407 295 1479 335 his
1509 295 1587 335 alii
1607 301 1824 347 quatuor,

188 362 267 402 alii
305 375 411 414 sex,
449 362 637 415 quidam
672 367 872 414 septem,
908 363 1119 403 nonnulli
1156 363 1339 416 decem,
1372 377 1521 416 neque
1548 367 1688 417 pauci
1722 367 1832 407 totis

188 433 350 474 decem
376 439 421 474 et
455 439 559 474 octo
595 439 675 473 aut
709 433 878 483 viginti
905 433 1062 484 annis,
1102 435 1298 474 salutari
1324 437 1642 487 poenitentiae
1673 449 1829 477 sacra-

186 511 343 545 mento
373 510 417 545 et
445 503 733 545 sacramenti
767 503 993 544 beneficio
1029 512 1300 557 caruerant;
1338 507 1412 547 hic
1447 507 1744 549 fortunarum
1761 508 1826 561 ja-

187 581 320 616 ctura
354 576 414 616 ad
450 575 827 626 desperationem
859 575 1102 627 redactus,
1136 576 1211 616 ille
1244 577 1507 618 inveterato
1545 579 1652 619 odio
1688 585 1832 632 atque

185 647 354 687 animis
384 646 667 686 exulceratis
696 646 1056 697 contabescens,
1092 648 1303 688 nonnulli
1333 648 1426 699 qui,
1450 649 1497 688 in
1518 651 1833 691 concubinatu

187 723 325 770 atque
357 717 586 757 adulterio
609 717 842 768 obdurati,
874 717 933 757 ad
955 729 1091 758 omne
1112 730 1230 770 pene
1253 719 1455 760 immane
1476 720 1661 761 facinus
1683 723 1833 762 occal-

187 790 390 838 luerant,
428 788 544 828 nihil
579 788 732 828 minus
768 800 909 840 quam
940 789 996 829 de
1033 800 1117 829 sua
1154 791 1304 830 salute
1337 791 1618 841 cogitantes.
1657 792 1834 834 Verum

188 859 445 910 enimvero,
483 865 781 899 sacramento
810 859 1119 900 confessionis
1141 860 1242 901 Deo
1263 873 1348 902 suo
1371 862 1689 914 reconciliati,
1713 869 1757 903 et
1779 864 1834 904 de

188 936 420 982 potestate
443 930 745 970 tenebrarum
765 931 935 982 erepti,
959 932 1338 984 gravissimoque
1369 933 1610 974 servitutis
1623 933 1754 986 jugo,
1777 947 1835 975 ex

189 1002 456 1042 cervicibus
491 1001 708 1053 depulso,
747 1002 952 1053 liberati,
990 1003 1140 1043 Vitam
1170 1004 1310 1055 longe
1341 1004 1483 1044 aliam
1515 1005 1830 1046 instituerunt.

268 1072 493 1113 Meretrix
513 1071 746 1124 quaedam
772 1073 893 1113 inter
923 1073 1062 1124 alias,
1093 1085 1213 1125 quae
1244 1073 1342 1125 jam
1369 1075 1531 1115 decem
1559 1087 1709 1116 annos
1737 1076 1830 1116 foe—

188 1143 381 1184 dissimo
416 1143 720 1194 turpitudinis
743 1155 889 1184 coeno
917 1144 1155 1193 involuta,
1187 1145 1386 1186 circaeis
1415 1147 1594 1198 poculis
1626 1147 1834 1199 perditos

180 1215 379 1267 juvenes
398 1214 446 1254 in
467 1226 574 1255 sues
596 1220 887 1255 commutare
910 1214 920 1234 ¹
942 1216 1080 1256 solita
1111 1222 1233 1268 erat,
1264 1229 1358 1257 non
1389 1218 1539 1258 solum
1561 1230 1619 1258 ex
1639 1218 1830 1270 profun-

187 1287 382 1326 dissima
412 1286 748 1326 obscoenitatis
770 1287 1000 1338 voragine
1021 1286 1035 1305 ²
1056 1298 1314 1339 emergere,
1334 1289 1415 1329 sed
1437 1301 1486 1329 se
1508 1289 1649 1329 etiam
1665 1289 1766 1330 Deo
1784 1290 1831 1330 in

185 1357 414 1408 religione
436 1368 717 1397 consecrare
739 1358 996 1399 constituit.

266 1428 609 1469 poenitentium
630 1440 853 1469 numerus
879 1429 1010 1470 hisce
1031 1430 1192 1471 diebus
1214 1430 1227 1449 ⁵
1248 1431 1436 1472 fuerunt
1458 1432 1645 1472 circiter
1666 1432 1791 1472 mille
1814 1430 1829 1450 ⁴

189 1506 269 1540 aut
291 1506 418 1540 certe
444 1512 538 1540 non
568 1501 714 1540 multo
742 1512 891 1541 secus.
924 1501 1045 1542 Nam
1066 1502 1221 1542 multis
1244 1502 1420 1554 diebus,
1445 1508 1553 1543 ante
1575 1503 1742 1554 lucem,
1769 1503 1828 1542 ad

187 1572 503 1612 confessiones
525 1572 783 1612 audiendas
805 1573 1030 1624 quinque,
1060 1574 1138 1625 qui
1155 1574 1279 1614 domi
1301 1586 1510 1625 eramus,
1535 1575 1825 1624 sacerdotes

188 1643 567 1694 accersebamur,
601 1649 645 1683 et
675 1655 821 1695 usque
857 1644 917 1684 ad
951 1644 1140 1685 tertiam
1170 1645 1323 1685 noctis
1353 1646 1520 1686 horam
1554 1647 1832 1697 plerumque

186 1714 276 1754 illis
297 1714 540 1755 audiendis
561 1714 914 1755 distinebamur.
951 1714 1112 1767 Neque
1143 1728 1256 1757 vero
1282 1717 1314 1756 ii
1342 1723 1541 1768 tantum,
1566 1717 1644 1768 qui
1666 1717 1726 1757 ad
1745 1728 1832 1757 nos

187 1785 502 1836 ventitabant,
527 1785 729 1826 confessi
757 1792 889 1837 sunt,
917 1798 1202 1839 quamquam
1222 1788 1432 1828 nonnulli
1453 1788 1615 1839 etiam,
1639 1794 1832 1840 propter

187 1868 423 1898 summum
443 1869 502 1897 ex
523 1858 747 1898 extremis
767 1858 896 1898 urbis
916 1859 1188 1909 regionibus
1219 1871 1527 1911 concursum,
1563 1872 1669 1900 cum
1699 1859 1832 1911 paria

187 1928 344 1968 facere
365 1940 458 1969 non
480 1940 750 1980 possemus,
774 1929 948 1981 repulsi
979 1936 1109 1981 sunt,
1144 1931 1225 1970 sed
1256 1930 1397 1971 etiam
1426 1931 1655 1971 moniales
1683 1930 1832 1982 cujus-

187 1999 297 2040 dam
327 2000 541 2040 coenobii
568 2000 762 2040 summis
790 2001 1009 2052 precibus
1040 2002 1381 2042 contenderunt
1401 2008 1451 2042 ut
1472 2013 1635 2042 earum
1657 2002 1832 2043 confes-

187 2071 342 2111 siones
379 2076 649 2111 nostrorum
685 2071 852 2123 aliquis
888 2072 1092 2124 audiret;
1131 2073 1256 2124 quod
1292 2085 1399 2113 cum
1439 2073 1634 2113 honeste
1668 2074 1833 2125 negari

187 2153 281 2182 non
308 2147 468 2194 posset
496 2154 524 2181 a
551 2142 706 2192 nobis,
737 2143 946 2183 maxima
980 2144 1165 2186 illarum
1195 2144 1395 2184 utilitate
1425 2150 1469 2184 et
1502 2144 1659 2185 fructu
1687 2145 1831 2197 perfe-

187 2218 317 2253 ctum
336 2218 420 2253 est.
454 2212 559 2252 Non
588 2212 835 2253 defuerunt
865 2214 1078 2266 plurimi,
1112 2215 1190 2266 qui
1225 2214 1285 2254 ad
1314 2227 1400 2255 nos
1430 2216 1707 2256 munuscula
1728 2216 1831 2256 mis-

187 2283 404 2335 sitarent3
442 2284 524 2324 sed
559 2295 614 2323 ea
650 2285 807 2324 omnia
842 2297 1027 2337 semper
1057 2285 1235 2326 intacta
1266 2286 1555 2338 remisimus,
1589 2293 1639 2327 ut
1674 2292 1718 2327 et
1751 2298 1832 2327 no-

187 2360 336 2395 strum
357 2355 522 2395 melius
545 2355 809 2395 institutum
829 2356 1184 2407 intelligeretur,
1208 2362 1253 2397 et
1274 2369 1375 2408 nos,
1396 2369 1503 2398 cum
1525 2357 1649 2398 Divo
1670 2357 1829 2409 Paulo,

188 2438 282 2467 non
303 2437 389 2466 sua
410 2426 493 2466 sed
514 2438 563 2466 se
585 2438 812 2478 quaerere
835 2427 1305 2469 animadverteretur.

265 2497 372 2550 Jam
392 2509 506 2538 vero
529 2497 735 2549 quotidie
764 2498 822 2538 ab
853 2499 1208 2549 aegrotantibus
1237 2505 1282 2540 et
1311 2500 1463 2540 minus
1494 2506 1622 2541 recta
1653 2502 1831 2540 valetu-

245 2702 255 2722 ¹
295 2707 507 2731 commutare
529 2706 561 2731 et
582 2704 790 2731 sirenarum
811 2706 919 2732 cantu
943 2704 1079 2732 illectos
1098 2707 1320 2740 praecipites
1341 2714 1454 2740 agere.
1478 2707 1602 2734 Ac}1.-
1614 2711 1835 2735 commutare.

192 2750 270 2777 1³01..

247 2799 261 2817 ‘2
300 2800 466 2833 voragine
482 2808 523 2827 ac
539 2799 718 2827 barathro.
733 2800 820 2827 Aen.

243 2846 256 2864 ⁵
295 2846 412 2874 Verba
428 2847 513 2874 haec
528 2847 624 2875 hisce
639 2847 765 2874 diebus
781 2847 911 2874 addidit
928 2847 1116 2875 PoLAxcus.

241 2893 256 2912 ‘⁴
291 2893 353 2921 600.
376 2894 596 2922 Aca—1000.
620 2895 816 2929 Pon-meus,
840 2895 894 2929 qui
919 2895 1054 2922 aliunde
1076 2895 1175 2930 hujus
1197 2896 1326 2923 numeri
1351 2896 1508 2923 notitiam
1531 2896 1685 2924 hausisse
1711 2900 1831 2931 putan-

187 2941 248 2968 dus
262 2946 324 2969 cst.
