<?xml version="1.0" encoding="UTF-8"?>
<!DOCTYPE html PUBLIC "-//W3C//DTD XHTML 1.0 Transitional//EN"
    "http://www.w3.org/TR/xhtml1/DTD/xhtml1-transitional.dtd">
<html xmlns="http://www.w3.org/1999/xhtml" xml:lang="en" lang="en">
 <head>
  <title>
</title>
<meta http-equiv="Content-Type" content="text/html;charset=utf-8" />
  <meta name='ocr-system' content='tesseract 3.04.00' />
  <meta name='ocr-capabilities' content='ocr_page ocr_carea ocr_par ocr_line ocrx_word'/>
</head>
<body>
  <div class='ocr_page' id='page_1' title='image "./litteraequadrime13lain_0694.png"; bbox 0 0 2074 3179; ppageno 0'>
   <div class='ocr_carea' id='block_1_1' title="bbox 260 141 1390 184">
    <p class='ocr_par' dir='ltr' id='par_1_1' title="bbox 260 141 1390 184">
     <span class='ocr_line' id='line_1_1' title="bbox 260 141 1390 184; baseline -0.002 -4"><span class='ocrx_word' id='word_1_1' title='bbox 260 142 333 180; x_wconf 70' lang='lat'>690</span> <span class='ocrx_word' id='word_1_2' title='bbox 779 141 1007 178; x_wconf 82' lang='lat' dir='ltr'><strong>L1TTERAE</strong></span> <span class='ocrx_word' id='word_1_3' title='bbox 1033 151 1390 184; x_wconf 76' lang='lat' dir='ltr'>QUADRiMEsTREs</span> 
     </span>
    </p>
   </div>
   <div class='ocr_carea' id='block_1_2' title="bbox 251 238 1899 2213">
    <p class='ocr_par' dir='ltr' id='par_1_2' title="bbox 258 238 1899 574">
     <span class='ocr_line' id='line_1_2' title="bbox 263 238 1894 291; baseline 0.002 -13"><span class='ocrx_word' id='word_1_4' title='bbox 263 240 446 290; x_wconf 79' lang='lat' dir='ltr'>linguas</span> <span class='ocrx_word' id='word_1_5' title='bbox 476 250 532 278; x_wconf 90' lang='lat' dir='ltr'>ac</span> <span class='ocrx_word' id='word_1_6' title='bbox 559 238 831 289; x_wconf 89' lang='lat' dir='ltr'>disciplinas</span> <span class='ocrx_word' id='word_1_7' title='bbox 857 250 943 289; x_wconf 92' lang='lat' dir='ltr'>pro</span> <span class='ocrx_word' id='word_1_8' title='bbox 970 238 1179 290; x_wconf 85' lang='lat' dir='ltr'>ipsorum</span> <span class='ocrx_word' id='word_1_9' title='bbox 1205 238 1470 290; x_wconf 80' lang='lat' dir='ltr'>capacitate</span> <span class='ocrx_word' id='word_1_10' title='bbox 1491 238 1826 291; x_wconf 77' lang='lat' dir='ltr'>profitebimur3</span> <span class='ocrx_word' id='word_1_11' title='bbox 1851 249 1894 282; x_wconf 84' lang='lat' dir='ltr'>et</span> 
     </span>
     <span class='ocr_line' id='line_1_3' title="bbox 260 309 1899 362; baseline 0.001 -12"><span class='ocrx_word' id='word_1_12' title='bbox 260 316 357 350; x_wconf 87' lang='lat' dir='ltr'>tum</span> <span class='ocrx_word' id='word_1_13' title='bbox 380 310 532 350; x_wconf 89' lang='lat' dir='ltr'>cuivis</span> <span class='ocrx_word' id='word_1_14' title='bbox 560 309 756 349; x_wconf 90' lang='lat' dir='ltr'>liberum</span> <span class='ocrx_word' id='word_1_15' title='bbox 783 310 872 349; x_wconf 90' lang='lat' dir='ltr'>erit</span> <span class='ocrx_word' id='word_1_16' title='bbox 899 309 1140 349; x_wconf 80' lang='lat' dir='ltr'>accedere.</span> <span class='ocrx_word' id='word_1_17' title='bbox 1170 309 1227 349; x_wconf 90' lang='lat' dir='ltr'>Et</span> <span class='ocrx_word' id='word_1_18' title='bbox 1254 309 1321 350; x_wconf 89' lang='lat' dir='ltr'>ita</span> <span class='ocrx_word' id='word_1_19' title='bbox 1342 321 1369 350; x_wconf 90' lang='lat' dir='ltr'>a</span> <span class='ocrx_word' id='word_1_20' title='bbox 1389 321 1463 350; x_wconf 91' lang='lat' dir='ltr'>me</span> <span class='ocrx_word' id='word_1_21' title='bbox 1490 310 1730 351; x_wconf 89' lang='lat' dir='ltr'>recedunt.</span> <span class='ocrx_word' id='word_1_22' title='bbox 1754 310 1899 362; x_wconf 88' lang='lat' dir='ltr'>Ajunt</span> 
     </span>
     <span class='ocr_line' id='line_1_4' title="bbox 259 380 1895 433; baseline 0.001 -12"><span class='ocrx_word' id='word_1_23' title='bbox 259 381 399 421; x_wconf 90' lang='lat' dir='ltr'>amici</span> <span class='ocrx_word' id='word_1_24' title='bbox 416 381 543 432; x_wconf 89' lang='lat' dir='ltr'>ipsos</span> <span class='ocrx_word' id='word_1_25' title='bbox 560 380 812 432; x_wconf 90' lang='lat' dir='ltr'>plurimum</span> <span class='ocrx_word' id='word_1_26' title='bbox 829 393 855 421; x_wconf 89' lang='lat' dir='ltr'>a</span> <span class='ocrx_word' id='word_1_27' title='bbox 872 380 1007 421; x_wconf 90' lang='lat' dir='ltr'>nobis</span> <span class='ocrx_word' id='word_1_28' title='bbox 1022 381 1110 421; x_wconf 89' lang='lat' dir='ltr'>sibi</span> <span class='ocrx_word' id='word_1_29' title='bbox 1131 381 1309 421; x_wconf 89' lang='lat' dir='ltr'>timere.</span> <span class='ocrx_word' id='word_1_30' title='bbox 1328 381 1521 422; x_wconf 88' lang='lat' dir='ltr'>Utinam</span> <span class='ocrx_word' id='word_1_31' title='bbox 1542 381 1726 422; x_wconf 81' lang='lat' dir='ltr'>adesset</span> <span class='ocrx_word' id='word_1_32' title='bbox 1748 383 1895 433; x_wconf 87' lang='lat' dir='ltr'>nobis,</span> 
     </span>
     <span class='ocr_line' id='line_1_5' title="bbox 258 451 1898 505; baseline 0.001 -13"><span class='ocrx_word' id='word_1_33' title='bbox 258 452 523 493; x_wconf 81' lang='lat' dir='ltr'>obedientia</span> <span class='ocrx_word' id='word_1_34' title='bbox 549 457 714 492; x_wconf 88' lang='lat' dir='ltr'>sancta</span> <span class='ocrx_word' id='word_1_35' title='bbox 741 457 954 503; x_wconf 87' lang='lat' dir='ltr'>auctore,</span> <span class='ocrx_word' id='word_1_36' title='bbox 976 451 1248 505; x_wconf 88' lang='lat' dir='ltr'>Joachimus</span> <span class='ocrx_word' id='word_1_37' title='bbox 1270 452 1439 503; x_wconf 89' lang='lat' dir='ltr'>aliquis</span> <span class='ocrx_word' id='word_1_38' title='bbox 1458 451 1483 490; x_wconf 93' lang='lat'>¹.</span> <span class='ocrx_word' id='word_1_39' title='bbox 1503 451 1768 504; x_wconf 89' lang='lat' dir='ltr'>Permagna</span> <span class='ocrx_word' id='word_1_40' title='bbox 1786 465 1898 493; x_wconf 90' lang='lat' dir='ltr'>sane</span> 
     </span>
     <span class='ocr_line' id='line_1_6' title="bbox 258 522 867 574; baseline -0.005 -10"><span class='ocrx_word' id='word_1_41' title='bbox 258 524 347 564; x_wconf 79' lang='lat' dir='ltr'>sibi</span> <span class='ocrx_word' id='word_1_42' title='bbox 369 535 396 563; x_wconf 87' lang='lat' dir='ltr'>a</span> <span class='ocrx_word' id='word_1_43' title='bbox 417 522 553 563; x_wconf 89' lang='lat' dir='ltr'>nobis</span> <span class='ocrx_word' id='word_1_44' title='bbox 574 523 867 574; x_wconf 84' lang='lat' dir='ltr'>pollicentur.</span> 
     </span>
    </p>

    <p class='ocr_par' dir='ltr' id='par_1_3' title="bbox 258 594 1899 790">
     <span class='ocr_line' id='line_1_7' title="bbox 339 594 1899 646; baseline -0.001 -10"><span class='ocrx_word' id='word_1_45' title='bbox 339 595 482 636; x_wconf 89' lang='lat' dir='ltr'>Totos</span> <span class='ocrx_word' id='word_1_46' title='bbox 502 596 599 636; x_wconf 85' lang='lat' dir='ltr'>fere</span> <span class='ocrx_word' id='word_1_47' title='bbox 621 594 720 635; x_wconf 90' lang='lat' dir='ltr'>dies</span> <span class='ocrx_word' id='word_1_48' title='bbox 742 605 947 646; x_wconf 89' lang='lat' dir='ltr'>occupor</span> <span class='ocrx_word' id='word_1_49' title='bbox 968 594 1093 634; x_wconf 87' lang='lat' dir='ltr'>domi</span> <span class='ocrx_word' id='word_1_50' title='bbox 1113 594 1462 635; x_wconf 80' lang='lat' dir='ltr'>visitationibus</span> <span class='ocrx_word' id='word_1_51' title='bbox 1483 595 1756 646; x_wconf 89' lang='lat' dir='ltr'>multorum,</span> <span class='ocrx_word' id='word_1_52' title='bbox 1782 606 1899 646; x_wconf 91' lang='lat' dir='ltr'>quos</span> 
     </span>
     <span class='ocr_line' id='line_1_8' title="bbox 258 665 1897 719; baseline -0.001 -12"><span class='ocrx_word' id='word_1_53' title='bbox 258 679 415 707; x_wconf 86' lang='lat' dir='ltr'>rerum</span> <span class='ocrx_word' id='word_1_54' title='bbox 457 666 770 719; x_wconf 87' lang='lat' dir='ltr'>spiritualium</span> <span class='ocrx_word' id='word_1_55' title='bbox 805 666 1001 706; x_wconf 90' lang='lat' dir='ltr'>multum</span> <span class='ocrx_word' id='word_1_56' title='bbox 1035 665 1202 706; x_wconf 85' lang='lat' dir='ltr'>avidos</span> <span class='ocrx_word' id='word_1_57' title='bbox 1236 665 1434 717; x_wconf 89' lang='lat' dir='ltr'>reperio.</span> <span class='ocrx_word' id='word_1_58' title='bbox 1468 666 1661 717; x_wconf 86' lang='lat' dir='ltr'>Ingenio</span> <span class='ocrx_word' id='word_1_59' title='bbox 1696 666 1808 706; x_wconf 91' lang='lat' dir='ltr'>mihi</span> <span class='ocrx_word' id='word_1_60' title='bbox 1834 666 1897 706; x_wconf 85' lang='lat' dir='ltr'>vi·</span> 
     </span>
     <span class='ocr_line' id='line_1_9' title="bbox 258 737 1896 790; baseline -0.001 -12"><span class='ocrx_word' id='word_1_61' title='bbox 258 738 424 778; x_wconf 89' lang='lat' dir='ltr'>dentur</span> <span class='ocrx_word' id='word_1_62' title='bbox 446 738 697 790; x_wconf 87' lang='lat' dir='ltr'>plurimum</span> <span class='ocrx_word' id='word_1_63' title='bbox 718 737 894 777; x_wconf 74' lang='lat' dir='ltr'>faciles</span> <span class='ocrx_word' id='word_1_64' title='bbox 916 737 1108 778; x_wconf 89' lang='lat' dir='ltr'>Utinam</span> <span class='ocrx_word' id='word_1_65' title='bbox 1125 737 1217 777; x_wconf 87' lang='lat' dir='ltr'>sint</span> <span class='ocrx_word' id='word_1_66' title='bbox 1235 742 1506 777; x_wconf 86' lang='lat' dir='ltr'>constanter</span> <span class='ocrx_word' id='word_1_67' title='bbox 1522 738 1896 789; x_wconf 84' lang='lat' dir='ltr'>perseverantes!</span> 
     </span>
    </p>

    <p class='ocr_par' dir='ltr' id='par_1_4' title="bbox 255 808 1898 1064">
     <span class='ocr_line' id='line_1_10' title="bbox 338 808 1896 861; baseline -0.001 -11"><span class='ocrx_word' id='word_1_68' title='bbox 338 809 493 861; x_wconf 84' lang='lat' dir='ltr'>Atque</span> <span class='ocrx_word' id='word_1_69' title='bbox 521 810 607 860; x_wconf 90' lang='lat' dir='ltr'>ita,</span> <span class='ocrx_word' id='word_1_70' title='bbox 637 809 686 849; x_wconf 89' lang='grc' dir='ltr'>Ρ.</span> <span class='ocrx_word' id='word_1_71' title='bbox 711 808 783 857; x_wconf 66' lang='grc' dir='ltr'>Κ,</span> <span class='ocrx_word' id='word_1_72' title='bbox 807 808 942 848; x_wconf 89' lang='lat' dir='ltr'>nobis</span> <span class='ocrx_word' id='word_1_73' title='bbox 964 808 1191 848; x_wconf 88' lang='lat' dir='ltr'>hactenus</span> <span class='ocrx_word' id='word_1_74' title='bbox 1217 808 1495 859; x_wconf 82' lang='lat' dir='ltr'>transigitur</span> <span class='ocrx_word' id='word_1_75' title='bbox 1516 814 1713 859; x_wconf 90' lang='lat' dir='ltr'>tempus.</span> <span class='ocrx_word' id='word_1_76' title='bbox 1741 808 1896 859; x_wconf 88' lang='lat' dir='ltr'>Appu-</span> 
     </span>
     <span class='ocr_line' id='line_1_11' title="bbox 257 879 1896 931; baseline -0.001 -10"><span class='ocrx_word' id='word_1_77' title='bbox 257 882 410 921; x_wconf 90' lang='lat' dir='ltr'>lerunt</span> <span class='ocrx_word' id='word_1_78' title='bbox 431 880 602 921; x_wconf 83' lang='lat' dir='ltr'>fratres</span> <span class='ocrx_word' id='word_1_79' title='bbox 622 880 787 928; x_wconf 87' lang='lat' dir='ltr'>nostri,</span> <span class='ocrx_word' id='word_1_80' title='bbox 812 885 856 920; x_wconf 90' lang='lat' dir='ltr'>et</span> <span class='ocrx_word' id='word_1_81' title='bbox 875 879 992 919; x_wconf 89' lang='lat' dir='ltr'>bene</span> <span class='ocrx_word' id='word_1_82' title='bbox 1018 880 1206 931; x_wconf 91' lang='lat' dir='ltr'>quidem</span> <span class='ocrx_word' id='word_1_83' title='bbox 1227 879 1366 920; x_wconf 86' lang='lat' dir='ltr'>habet</span> <span class='ocrx_word' id='word_1_84' title='bbox 1386 879 1531 919; x_wconf 85' lang='lat' dir='ltr'>frater</span> <span class='ocrx_word' id='word_1_85' title='bbox 1552 885 1710 919; x_wconf 86' lang='lat' dir='ltr'>noster</span> <span class='ocrx_word' id='word_1_86' title='bbox 1731 879 1896 919; x_wconf 89' lang='lat' dir='ltr'>Emon-</span> 
     </span>
     <span class='ocr_line' id='line_1_12' title="bbox 255 949 1898 1003; baseline -0.002 -10"><span class='ocrx_word' id='word_1_87' title='bbox 255 953 358 993; x_wconf 88' lang='lat' dir='ltr'>dus.</span> <span class='ocrx_word' id='word_1_88' title='bbox 383 952 499 992; x_wconf 88' lang='lat' dir='ltr'>Tam</span> <span class='ocrx_word' id='word_1_89' title='bbox 517 953 564 992; x_wconf 90' lang='lat' dir='ltr'>in</span> <span class='ocrx_word' id='word_1_90' title='bbox 585 952 724 992; x_wconf 90' lang='lat' dir='ltr'>rebus</span> <span class='ocrx_word' id='word_1_91' title='bbox 746 951 1066 1003; x_wconf 85' lang='lat' dir='ltr'>spiritualibus</span> <span class='ocrx_word' id='word_1_92' title='bbox 1087 962 1228 1002; x_wconf 88' lang='lat' dir='ltr'>quam</span> <span class='ocrx_word' id='word_1_93' title='bbox 1248 950 1415 991; x_wconf 85' lang='lat' dir='ltr'>studiis</span> <span class='ocrx_word' id='word_1_94' title='bbox 1436 951 1581 990; x_wconf 90' lang='lat' dir='ltr'>multa</span> <span class='ocrx_word' id='word_1_95' title='bbox 1609 949 1761 990; x_wconf 87' lang='lat' dir='ltr'>adhuc</span> <span class='ocrx_word' id='word_1_96' title='bbox 1783 950 1898 990; x_wconf 56' lang='lat' dir='ltr'>desi&lt;</span> 
     </span>
     <span class='ocr_line' id='line_1_13' title="bbox 257 1023 1040 1064; baseline 0.001 -1"><span class='ocrx_word' id='word_1_97' title='bbox 257 1023 497 1064; x_wconf 79' lang='lat' dir='ltr'>derantur.</span> <span class='ocrx_word' id='word_1_98' title='bbox 1037 1028 1040 1033; x_wconf 84' lang='lat'><em>&#39;</em></span> 
     </span>
    </p>

    <p class='ocr_par' dir='ltr' id='par_1_5' title="bbox 256 1092 1897 1361">
     <span class='ocr_line' id='line_1_14' title="bbox 336 1092 1895 1147; baseline -0.002 -12"><span class='ocrx_word' id='word_1_99' title='bbox 336 1096 417 1135; x_wconf 88' lang='lat' dir='ltr'>Est</span> <span class='ocrx_word' id='word_1_100' title='bbox 440 1095 631 1147; x_wconf 85' lang='lat' dir='ltr'>quidam</span> <span class='ocrx_word' id='word_1_101' title='bbox 657 1094 836 1135; x_wconf 86' lang='lat' dir='ltr'>Doctor</span> <span class='ocrx_word' id='word_1_102' title='bbox 856 1095 1035 1145; x_wconf 85' lang='lat' dir='ltr'>legum,</span> <span class='ocrx_word' id='word_1_103' title='bbox 1060 1093 1240 1133; x_wconf 88' lang='lat' dir='ltr'>amicus</span> <span class='ocrx_word' id='word_1_104' title='bbox 1267 1105 1363 1133; x_wconf 92' lang='lat' dir='ltr'>non</span> <span class='ocrx_word' id='word_1_105' title='bbox 1393 1093 1605 1144; x_wconf 87' lang='lat' dir='ltr'>vulgaris</span> <span class='ocrx_word' id='word_1_106' title='bbox 1632 1092 1895 1142; x_wconf 78' lang='lat' dir='ltr'>Societatis,</span> 
     </span>
     <span class='ocr_line' id='line_1_15' title="bbox 258 1164 1896 1218; baseline -0.002 -11"><span class='ocrx_word' id='word_1_107' title='bbox 258 1167 342 1218; x_wconf 84' lang='lat' dir='ltr'>qui</span> <span class='ocrx_word' id='word_1_108' title='bbox 364 1167 423 1207; x_wconf 92' lang='lat' dir='ltr'>ad</span> <span class='ocrx_word' id='word_1_109' title='bbox 444 1178 531 1207; x_wconf 89' lang='lat' dir='ltr'>nos</span> <span class='ocrx_word' id='word_1_110' title='bbox 546 1166 672 1207; x_wconf 88' lang='lat' dir='ltr'>misit</span> <span class='ocrx_word' id='word_1_111' title='bbox 694 1167 839 1206; x_wconf 89' lang='lat' dir='ltr'>libros</span> <span class='ocrx_word' id='word_1_112' title='bbox 855 1166 978 1206; x_wconf 90' lang='lat' dir='ltr'>ultra</span> <span class='ocrx_word' id='word_1_113' title='bbox 998 1165 1168 1216; x_wconf 88' lang='lat' dir='ltr'>viginti</span> <span class='ocrx_word' id='word_1_114' title='bbox 1189 1170 1406 1216; x_wconf 88' lang='lat' dir='ltr'>quatuor,</span> <span class='ocrx_word' id='word_1_115' title='bbox 1429 1170 1527 1204; x_wconf 90' lang='lat' dir='ltr'>tam</span> <span class='ocrx_word' id='word_1_116' title='bbox 1547 1164 1594 1204; x_wconf 89' lang='lat' dir='ltr'>in</span> <span class='ocrx_word' id='word_1_117' title='bbox 1615 1164 1896 1204; x_wconf 87' lang='lat' dir='ltr'>humaniori-</span> 
     </span>
     <span class='ocr_line' id='line_1_16' title="bbox 256 1229 1897 1290; baseline -0.002 -12"><span class='ocrx_word' id='word_1_118' title='bbox 256 1239 344 1278; x_wconf 89' lang='lat' dir='ltr'>bus</span> <span class='ocrx_word' id='word_1_119' title='bbox 372 1238 540 1278; x_wconf 87' lang='lat' dir='ltr'>litteris</span> <span class='ocrx_word' id='word_1_120' title='bbox 571 1249 711 1290; x_wconf 88' lang='lat' dir='ltr'>quam</span> <span class='ocrx_word' id='word_1_121' title='bbox 732 1237 780 1278; x_wconf 90' lang='lat' dir='ltr'>in</span> <span class='ocrx_word' id='word_1_122' title='bbox 809 1229 1104 1289; x_wconf 84' lang='lat' dir='ltr'>philosophia</span> <span class='ocrx_word' id='word_1_123' title='bbox 1140 1247 1372 1288; x_wconf 87' lang='lat' dir='ltr'>quamque</span> <span class='ocrx_word' id='word_1_124' title='bbox 1396 1236 1441 1275; x_wconf 92' lang='lat' dir='ltr'>in</span> <span class='ocrx_word' id='word_1_125' title='bbox 1463 1235 1720 1286; x_wconf 84' lang='lat' dir='ltr'>theologia,</span> <span class='ocrx_word' id='word_1_126' title='bbox 1745 1235 1826 1275; x_wconf 90' lang='lat' dir='ltr'>sed</span> <span class='ocrx_word' id='word_1_127' title='bbox 1854 1241 1897 1275; x_wconf 89' lang='lat' dir='ltr'>et</span> 
     </span>
     <span class='ocr_line' id='line_1_17' title="bbox 258 1306 1895 1361; baseline -0.002 -12"><span class='ocrx_word' id='word_1_128' title='bbox 258 1321 470 1350; x_wconf 84' lang='lat' dir='ltr'>mensam</span> <span class='ocrx_word' id='word_1_129' title='bbox 500 1310 559 1349; x_wconf 84' lang='lat' dir='ltr'>ad</span> <span class='ocrx_word' id='word_1_130' title='bbox 587 1309 936 1361; x_wconf 88' lang='lat' dir='ltr'>componendos</span> <span class='ocrx_word' id='word_1_131' title='bbox 966 1320 1062 1348; x_wconf 91' lang='lat' dir='ltr'>eos.</span> <span class='ocrx_word' id='word_1_132' title='bbox 1094 1308 1307 1357; x_wconf 90' lang='lat' dir='ltr'>Vocatur</span> <span class='ocrx_word' id='word_1_133' title='bbox 1333 1307 1419 1347; x_wconf 90' lang='lat' dir='ltr'>iste</span> <span class='ocrx_word' id='word_1_134' title='bbox 1447 1306 1609 1347; x_wconf 82' lang='lat' dir='ltr'>Marco</span> <span class='ocrx_word' id='word_1_135' title='bbox 1636 1306 1843 1346; x_wconf 85' lang='lat' dir='ltr'>Antonio</span> <span class='ocrx_word' id='word_1_136' title='bbox 1866 1306 1895 1344; x_wconf 47' lang='grc' dir='ltr'>Ε.</span> 
     </span>
    </p>

    <p class='ocr_par' dir='ltr' id='par_1_6' title="bbox 254 1377 1895 1717">
     <span class='ocr_line' id='line_1_18' title="bbox 335 1377 1895 1432; baseline -0.003 -11"><span class='ocrx_word' id='word_1_137' title='bbox 335 1382 418 1421; x_wconf 85' lang='lat' dir='ltr'>Est</span> <span class='ocrx_word' id='word_1_138' title='bbox 439 1388 483 1421; x_wconf 87' lang='lat' dir='ltr'>et</span> <span class='ocrx_word' id='word_1_139' title='bbox 506 1381 624 1421; x_wconf 85' lang='lat' dir='ltr'>alius</span> <span class='ocrx_word' id='word_1_140' title='bbox 646 1381 783 1432; x_wconf 89' lang='lat' dir='ltr'>primi</span> <span class='ocrx_word' id='word_1_141' title='bbox 804 1379 1006 1420; x_wconf 88' lang='lat' dir='ltr'>nominis</span> <span class='ocrx_word' id='word_1_142' title='bbox 1027 1379 1123 1427; x_wconf 89' lang='lat' dir='ltr'>hic,</span> <span class='ocrx_word' id='word_1_143' title='bbox 1148 1379 1228 1431; x_wconf 91' lang='lat' dir='ltr'>qui</span> <span class='ocrx_word' id='word_1_144' title='bbox 1257 1385 1455 1418; x_wconf 84' lang='lat' dir='ltr'>vocatur</span> <span class='ocrx_word' id='word_1_145' title='bbox 1486 1378 1762 1418; x_wconf 84' lang='lat' dir='ltr'>Guilielmus</span> <span class='ocrx_word' id='word_1_146' title='bbox 1782 1377 1895 1418; x_wconf 86' lang='lat' dir='ltr'>Pon-</span> 
     </span>
     <span class='ocr_line' id='line_1_19' title="bbox 257 1449 1894 1504; baseline -0.002 -12"><span class='ocrx_word' id='word_1_147' title='bbox 257 1459 410 1500; x_wconf 83' lang='lat' dir='ltr'>tanus,</span> <span class='ocrx_word' id='word_1_148' title='bbox 435 1453 514 1504; x_wconf 87' lang='lat' dir='ltr'>qui</span> <span class='ocrx_word' id='word_1_149' title='bbox 535 1452 785 1504; x_wconf 88' lang='lat' dir='ltr'>plurimum</span> <span class='ocrx_word' id='word_1_150' title='bbox 806 1451 934 1491; x_wconf 81' lang='lat' dir='ltr'>favet</span> <span class='ocrx_word' id='word_1_151' title='bbox 951 1451 1087 1490; x_wconf 89' lang='lat' dir='ltr'>nobis</span> <span class='ocrx_word' id='word_1_152' title='bbox 1103 1451 1319 1501; x_wconf 82' lang='lat' dir='ltr'>misitque</span> <span class='ocrx_word' id='word_1_153' title='bbox 1336 1449 1560 1490; x_wconf 85' lang='lat' dir='ltr'>famulum</span> <span class='ocrx_word' id='word_1_154' title='bbox 1581 1460 1718 1489; x_wconf 86' lang='lat' dir='ltr'>suurn</span> <span class='ocrx_word' id='word_1_155' title='bbox 1739 1455 1788 1489; x_wconf 93' lang='lat' dir='ltr'>ut</span> <span class='ocrx_word' id='word_1_156' title='bbox 1805 1449 1894 1489; x_wconf 86' lang='lat' dir='ltr'>ofli-</span> 
     </span>
     <span class='ocr_line' id='line_1_20' title="bbox 254 1519 1895 1572; baseline -0.002 -10"><span class='ocrx_word' id='word_1_157' title='bbox 254 1524 381 1563; x_wconf 81' lang='lat' dir='ltr'>cium</span> <span class='ocrx_word' id='word_1_158' title='bbox 404 1536 540 1564; x_wconf 85' lang='lat' dir='ltr'>omne</span> <span class='ocrx_word' id='word_1_159' title='bbox 563 1523 697 1563; x_wconf 90' lang='lat' dir='ltr'>nobis</span> <span class='ocrx_word' id='word_1_160' title='bbox 722 1522 931 1572; x_wconf 85' lang='lat' dir='ltr'>offerret,</span> <span class='ocrx_word' id='word_1_161' title='bbox 957 1521 1039 1561; x_wconf 87' lang='lat' dir='ltr'>sed</span> <span class='ocrx_word' id='word_1_162' title='bbox 1060 1527 1104 1561; x_wconf 87' lang='lat' dir='ltr'>et</span> <span class='ocrx_word' id='word_1_163' title='bbox 1125 1521 1269 1561; x_wconf 89' lang='lat' dir='ltr'>libere</span> <span class='ocrx_word' id='word_1_164' title='bbox 1290 1520 1599 1572; x_wconf 82' lang='lat' dir='ltr'>aperiremus,</span> <span class='ocrx_word' id='word_1_165' title='bbox 1625 1519 1663 1559; x_wconf 91' lang='lat' dir='ltr'>si</span> <span class='ocrx_word' id='word_1_166' title='bbox 1685 1520 1794 1571; x_wconf 90' lang='lat' dir='ltr'>quid</span> <span class='ocrx_word' id='word_1_167' title='bbox 1819 1532 1895 1559; x_wconf 90' lang='lat' dir='ltr'>no-</span> 
     </span>
     <span class='ocr_line' id='line_1_21' title="bbox 255 1592 1894 1646; baseline -0.002 -13"><span class='ocrx_word' id='word_1_168' title='bbox 255 1596 326 1634; x_wconf 82' lang='lat' dir='ltr'>bis</span> <span class='ocrx_word' id='word_1_169' title='bbox 349 1595 533 1635; x_wconf 86' lang='lat' dir='ltr'>deesset</span> <span class='ocrx_word' id='word_1_170' title='bbox 556 1594 680 1646; x_wconf 88' lang='lat' dir='ltr'>quod</span> <span class='ocrx_word' id='word_1_171' title='bbox 700 1594 759 1634; x_wconf 92' lang='lat' dir='ltr'>ad</span> <span class='ocrx_word' id='word_1_172' title='bbox 780 1594 960 1634; x_wconf 88' lang='lat' dir='ltr'>victum</span> <span class='ocrx_word' id='word_1_173' title='bbox 980 1593 1168 1642; x_wconf 86' lang='lat' dir='ltr'>attinet;</span> <span class='ocrx_word' id='word_1_174' title='bbox 1191 1597 1235 1632; x_wconf 91' lang='lat' dir='ltr'>et</span> <span class='ocrx_word' id='word_1_175' title='bbox 1258 1592 1304 1632; x_wconf 88' lang='lat' dir='ltr'>id</span> <span class='ocrx_word' id='word_1_176' title='bbox 1324 1598 1512 1643; x_wconf 89' lang='lat' dir='ltr'>praeter</span> <span class='ocrx_word' id='word_1_177' title='bbox 1533 1592 1894 1642; x_wconf 69' lang='lat' dir='ltr'>eleemosynam,</span> 
     </span>
     <span class='ocr_line' id='line_1_22' title="bbox 257 1665 1058 1717; baseline -0.002 -11"><span class='ocrx_word' id='word_1_178' title='bbox 257 1678 400 1717; x_wconf 87' lang='lat' dir='ltr'>quam</span> <span class='ocrx_word' id='word_1_179' title='bbox 422 1666 617 1715; x_wconf 84' lang='lat' dir='ltr'>confert,</span> <span class='ocrx_word' id='word_1_180' title='bbox 642 1671 692 1705; x_wconf 91' lang='lat' dir='ltr'>ut</span> <span class='ocrx_word' id='word_1_181' title='bbox 709 1665 864 1714; x_wconf 86' lang='lat' dir='ltr'>audio,</span> <span class='ocrx_word' id='word_1_182' title='bbox 890 1665 936 1704; x_wconf 87' lang='lat' dir='ltr'>in</span> <span class='ocrx_word' id='word_1_183' title='bbox 958 1676 1058 1704; x_wconf 89' lang='lat' dir='ltr'>nos.</span> 
     </span>
    </p>

    <p class='ocr_par' dir='ltr' id='par_1_7' title="bbox 334 1734 1731 1788">
     <span class='ocr_line' id='line_1_23' title="bbox 334 1734 1731 1788; baseline -0.004 -11"><span class='ocrx_word' id='word_1_184' title='bbox 334 1737 456 1788; x_wconf 84' lang='lat' dir='ltr'>Quid</span> <span class='ocrx_word' id='word_1_185' title='bbox 477 1737 643 1777; x_wconf 88' lang='lat' dir='ltr'>messis</span> <span class='ocrx_word' id='word_1_186' title='bbox 666 1737 767 1776; x_wconf 75' lang='lat' dir='ltr'>hic?</span> <span class='ocrx_word' id='word_1_187' title='bbox 789 1735 949 1775; x_wconf 89' lang='lat' dir='ltr'>Multa.</span> <span class='ocrx_word' id='word_1_188' title='bbox 974 1734 1156 1786; x_wconf 87' lang='lat' dir='ltr'>Rogate</span> <span class='ocrx_word' id='word_1_189' title='bbox 1178 1735 1417 1774; x_wconf 89' lang='lat' dir='ltr'>dominum</span> <span class='ocrx_word' id='word_1_190' title='bbox 1438 1734 1620 1783; x_wconf 89' lang='lat' dir='ltr'>messis,</span> <span class='ocrx_word' id='word_1_191' title='bbox 1644 1739 1731 1773; x_wconf 88' lang='lat' dir='ltr'>etc.</span> 
     </span>
    </p>

    <p class='ocr_par' dir='ltr' id='par_1_8' title="bbox 251 1806 1896 2004">
     <span class='ocr_line' id='line_1_24' title="bbox 333 1806 1895 1859; baseline -0.003 -10"><span class='ocrx_word' id='word_1_192' title='bbox 333 1809 464 1849; x_wconf 87' lang='lat' dir='ltr'>Haec</span> <span class='ocrx_word' id='word_1_193' title='bbox 483 1809 646 1859; x_wconf 87' lang='lat' dir='ltr'>obiter,</span> <span class='ocrx_word' id='word_1_194' title='bbox 670 1808 719 1848; x_wconf 88' lang='lat' dir='ltr'>P.</span> <span class='ocrx_word' id='word_1_195' title='bbox 744 1808 816 1859; x_wconf 54' lang='lat' dir='ltr'>R„</span> <span class='ocrx_word' id='word_1_196' title='bbox 840 1807 1137 1848; x_wconf 88' lang='lat' dir='ltr'>admonenda</span> <span class='ocrx_word' id='word_1_197' title='bbox 1159 1807 1291 1857; x_wconf 83' lang='lat' dir='ltr'>duxi,</span> <span class='ocrx_word' id='word_1_198' title='bbox 1316 1806 1550 1846; x_wconf 88' lang='lat' dir='ltr'>humiliter</span> <span class='ocrx_word' id='word_1_199' title='bbox 1573 1806 1660 1845; x_wconf 91' lang='lat' dir='ltr'>hoc</span> <span class='ocrx_word' id='word_1_200' title='bbox 1683 1811 1895 1845; x_wconf 89' lang='lat' dir='ltr'>nostrum</span> 
     </span>
     <span class='ocr_line' id='line_1_25' title="bbox 251 1876 1896 1932; baseline -0.002 -12"><span class='ocrx_word' id='word_1_201' title='bbox 251 1881 572 1931; x_wconf 87' lang='lat' dir='ltr'>collegiolum‚</span> <span class='ocrx_word' id='word_1_202' title='bbox 602 1880 853 1932; x_wconf 89' lang='lat' dir='ltr'>plurimum</span> <span class='ocrx_word' id='word_1_203' title='bbox 877 1879 1029 1929; x_wconf 86' lang='lat' dir='ltr'>adhuc</span> <span class='ocrx_word' id='word_1_204' title='bbox 1053 1878 1336 1930; x_wconf 85' lang='lat' dir='ltr'>dispersum,</span> <span class='ocrx_word' id='word_1_205' title='bbox 1367 1877 1420 1917; x_wconf 84' lang='lat' dir='ltr'>R.</span> <span class='ocrx_word' id='word_1_206' title='bbox 1445 1876 1494 1917; x_wconf 83' lang='lat' dir='ltr'>P.</span> <span class='ocrx_word' id='word_1_207' title='bbox 1520 1877 1578 1918; x_wconf 84' lang='lat' dir='ltr'>V.</span> <span class='ocrx_word' id='word_1_208' title='bbox 1606 1876 1896 1917; x_wconf 88' lang='lat' dir='ltr'>orationibus</span> 
     </span>
     <span class='ocr_line' id='line_1_26' title="bbox 252 1949 1438 2004; baseline -0.004 -12"><span class='ocrx_word' id='word_1_209' title='bbox 252 1952 537 2004; x_wconf 76' lang='lat' dir='ltr'>Patruinquc</span> <span class='ocrx_word' id='word_1_210' title='bbox 560 1952 769 1991; x_wconf 91' lang='lat' dir='ltr'>omnium</span> <span class='ocrx_word' id='word_1_211' title='bbox 791 1963 846 1991; x_wconf 87' lang='lat' dir='ltr'>ac</span> <span class='ocrx_word' id='word_1_212' title='bbox 868 1950 1067 1990; x_wconf 88' lang='lat' dir='ltr'>fratrum</span> <span class='ocrx_word' id='word_1_213' title='bbox 1089 1949 1438 1990; x_wconf 86' lang='lat' dir='ltr'>commendans.</span> 
     </span>
    </p>

    <p class='ocr_par' dir='ltr' id='par_1_9' title="bbox 331 2019 1519 2074">
     <span class='ocr_line' id='line_1_27' title="bbox 331 2019 1519 2074; baseline -0.005 -10"><span class='ocrx_word' id='word_1_214' title='bbox 331 2023 525 2074; x_wconf 76' lang='lat' dir='ltr'>Perusfi,</span> <span class='ocrx_word' id='word_1_215' title='bbox 551 2035 609 2063; x_wconf 81' lang='lat' dir='ltr'>ex</span> <span class='ocrx_word' id='word_1_216' title='bbox 631 2023 824 2063; x_wconf 87' lang='lat' dir='ltr'>aedibus</span> <span class='ocrx_word' id='word_1_217' title='bbox 846 2021 1203 2073; x_wconf 86' lang='lat' dir='ltr'>episcopalibus,</span> <span class='ocrx_word' id='word_1_218' title='bbox 1228 2033 1254 2060; x_wconf 91' lang='lat' dir='ltr'>a</span> <span class='ocrx_word' id='word_1_219' title='bbox 1271 2020 1360 2060; x_wconf 62' lang='grc' dir='ltr'>25.ἃ</span> <span class='ocrx_word' id='word_1_220' title='bbox 1380 2019 1519 2074; x_wconf 87' lang='lat' dir='ltr'>Junii.</span> 
     </span>
    </p>

    <p class='ocr_par' dir='ltr' id='par_1_10' title="bbox 330 2095 546 2135">
     <span class='ocr_line' id='line_1_28' title="bbox 330 2095 546 2135; baseline -0.014 0"><span class='ocrx_word' id='word_1_221' title='bbox 330 2095 383 2135; x_wconf 88' lang='lat' dir='ltr'>R.</span> <span class='ocrx_word' id='word_1_222' title='bbox 413 2095 458 2135; x_wconf 83' lang='grc' dir='ltr'>Ρ.</span> <span class='ocrx_word' id='word_1_223' title='bbox 487 2095 546 2134; x_wconf 81' lang='lat' dir='ltr'>V.</span> 
     </span>
    </p>

    <p class='ocr_par' dir='ltr' id='par_1_11' title="bbox 330 2165 784 2213">
     <span class='ocr_line' id='line_1_29' title="bbox 330 2165 784 2213; baseline -0.002 -7"><span class='ocrx_word' id='word_1_224' title='bbox 330 2166 562 2206; x_wconf 66' lang='lat' dir='ltr'>Alumnus</span> <span class='ocrx_word' id='word_1_225' title='bbox 584 2165 784 2213; x_wconf 88' lang='lat' dir='ltr'>inutilis,</span> 
     </span>
    </p>
   </div>
   <div class='ocr_carea' id='block_1_3' title="bbox 1006 2306 1678 2348">
    <p class='ocr_par' dir='ltr' id='par_1_12' title="bbox 1006 2306 1678 2348">
     <span class='ocr_line' id='line_1_30' title="bbox 1006 2306 1678 2348; baseline -0.006 -1"><span class='ocrx_word' id='word_1_226' title='bbox 1006 2308 1296 2348; x_wconf 61' lang='lat' dir='ltr'>EVERARDUS</span> <span class='ocrx_word' id='word_1_227' title='bbox 1324 2306 1678 2346; x_wconf 63' lang='lat' dir='ltr'><strong>MERCURIANUS.</strong></span> 
     </span>
    </p>
   </div>
   <div class='ocr_carea' id='block_1_4' title="bbox 256 2516 1891 2645">
    <p class='ocr_par' dir='ltr' id='par_1_13' title="bbox 256 2516 1891 2645">
     <span class='ocr_line' id='line_1_31' title="bbox 327 2516 1891 2574; baseline -0.004 -11"><span class='ocrx_word' id='word_1_228' title='bbox 327 2524 387 2563; x_wconf 78' lang='lat' dir='ltr'>In</span> <span class='ocrx_word' id='word_1_229' title='bbox 409 2523 563 2564; x_wconf 69' lang='lat' dir='ltr'>allera</span> <span class='ocrx_word' id='word_1_230' title='bbox 580 2522 788 2574; x_wconf 68' lang='lat' dir='ltr'>pagina:</span> <span class='ocrx_word' id='word_1_231' title='bbox 815 2521 928 2561; x_wconf 70' lang='lat'>1552.</span> <span class='ocrx_word' id='word_1_232' title='bbox 960 2520 1176 2570; x_wconf 83' lang='lat' dir='ltr'>Perugia.</span> <span class='ocrx_word' id='word_1_233' title='bbox 1201 2520 1271 2559; x_wconf 88' lang='lat' dir='ltr'>De</span> <span class='ocrx_word' id='word_1_234' title='bbox 1295 2519 1355 2558; x_wconf 84' lang='lat' dir='ltr'>M.</span> <span class='ocrx_word' id='word_1_235' title='bbox 1388 2519 1646 2559; x_wconf 85' lang='lat' dir='ltr'>Everardo.</span> <span class='ocrx_word' id='word_1_236' title='bbox 1671 2518 1741 2558; x_wconf 90' lang='lat' dir='ltr'>De</span> <span class='ocrx_word' id='word_1_237' title='bbox 1762 2517 1814 2556; x_wconf 79' lang='lat'>25</span> <span class='ocrx_word' id='word_1_238' title='bbox 1836 2516 1891 2557; x_wconf 86' lang='lat' dir='ltr'>de</span> 
     </span>
     <span class='ocr_line' id='line_1_32' title="bbox 256 2596 402 2645; baseline -0.021 -9"><span class='ocrx_word' id='word_1_239' title='bbox 256 2596 402 2645; x_wconf 76' lang='lat' dir='ltr'>lunio.</span> 
     </span>
    </p>
   </div>
   <div class='ocr_carea' id='block_1_5' title="bbox 249 2713 504 2718">
    <p class='ocr_par' dir='ltr' id='par_1_14' title="bbox 249 2713 504 2718">
     <span class='ocr_line' id='line_1_33' title="bbox 249 2713 504 2718; baseline 0 0"><span class='ocrx_word' id='word_1_240' title='bbox 249 2713 504 2718; x_wconf 95' lang='lat' dir='ltr'> </span> 
     </span>
    </p>
   </div>
   <div class='ocr_carea' id='block_1_6' title="bbox 248 2775 1891 3002">
    <p class='ocr_par' dir='ltr' id='par_1_15' title="bbox 248 2775 1891 2954">
     <span class='ocr_line' id='line_1_34' title="bbox 302 2775 1891 2815; baseline -0.004 -7"><span class='ocrx_word' id='word_1_241' title='bbox 302 2782 309 2800; x_wconf 91' lang='lat'><strong>¹</strong></span> <span class='ocrx_word' id='word_1_242' title='bbox 352 2781 519 2815; x_wconf 82' lang='lat' dir='ltr'>Magister</span> <span class='ocrx_word' id='word_1_243' title='bbox 536 2780 742 2814; x_wconf 76' lang='lat' dir='ltr'>joachimus,</span> <span class='ocrx_word' id='word_1_244' title='bbox 759 2779 903 2807; x_wconf 85' lang='lat' dir='ltr'>Parisiis</span> <span class='ocrx_word' id='word_1_245' title='bbox 920 2779 1062 2806; x_wconf 81' lang='lat' dir='ltr'>Romam</span> <span class='ocrx_word' id='word_1_246' title='bbox 1078 2779 1210 2811; x_wconf 79' lang='lat' dir='ltr'>missus,</span> <span class='ocrx_word' id='word_1_247' title='bbox 1235 2776 1387 2812; x_wconf 82' lang='lat' dir='ltr'>“juvenis</span> <span class='ocrx_word' id='word_1_248' title='bbox 1410 2776 1540 2810; x_wconf 80' lang='lat' dir='ltr'>pietate</span> <span class='ocrx_word' id='word_1_249' title='bbox 1561 2778 1594 2802; x_wconf 86' lang='lat' dir='ltr'>et</span> <span class='ocrx_word' id='word_1_250' title='bbox 1615 2775 1816 2809; x_wconf 83' lang='lat' dir='ltr'>eruditione,</span> <span class='ocrx_word' id='word_1_251' title='bbox 1833 2775 1891 2802; x_wconf 87' lang='lat' dir='ltr'>lin-</span> 
     </span>
     <span class='ocr_line' id='line_1_35' title="bbox 248 2822 1889 2863; baseline -0.003 -9"><span class='ocrx_word' id='word_1_252' title='bbox 248 2836 392 2861; x_wconf 69' lang='lat' dir='ltr'>guarum</span> <span class='ocrx_word' id='word_1_253' title='bbox 407 2829 623 2863; x_wconf 82' lang='lat' dir='ltr'>praesertim,</span> <span class='ocrx_word' id='word_1_254' title='bbox 640 2828 814 2862; x_wconf 77' lang='lat' dir='ltr'>insignis„,</span> <span class='ocrx_word' id='word_1_255' title='bbox 831 2827 1051 2854; x_wconf 86' lang='lat' dir='ltr'>humaniores</span> <span class='ocrx_word' id='word_1_256' title='bbox 1066 2826 1203 2853; x_wconf 84' lang='lat' dir='ltr'>litteras</span> <span class='ocrx_word' id='word_1_257' title='bbox 1217 2832 1292 2852; x_wconf 89' lang='lat' dir='ltr'>cum</span> <span class='ocrx_word' id='word_1_258' title='bbox 1308 2824 1407 2851; x_wconf 79' lang='lat' dir='ltr'>laude</span> <span class='ocrx_word' id='word_1_259' title='bbox 1424 2824 1456 2851; x_wconf 93' lang='lat' dir='ltr'>in</span> <span class='ocrx_word' id='word_1_260' title='bbox 1472 2823 1624 2851; x_wconf 91' lang='lat' dir='ltr'>Romano</span> <span class='ocrx_word' id='word_1_261' title='bbox 1649 2822 1801 2857; x_wconf 86' lang='lat' dir='ltr'>Collegio</span> <span class='ocrx_word' id='word_1_262' title='bbox 1826 2823 1889 2849; x_wconf 90' lang='lat' dir='ltr'>hoc</span> 
     </span>
     <span class='ocr_line' id='line_1_36' title="bbox 248 2869 1888 2910; baseline -0.004 -8"><span class='ocrx_word' id='word_1_263' title='bbox 248 2882 399 2909; x_wconf 73' lang='lat' dir='ltr'>tempore</span> <span class='ocrx_word' id='word_1_264' title='bbox 416 2876 565 2910; x_wconf 85' lang='lat' dir='ltr'>legebat;</span> <span class='ocrx_word' id='word_1_265' title='bbox 581 2876 594 2888; x_wconf 68' lang='lat'>⁴⁴</span> <span class='ocrx_word' id='word_1_266' title='bbox 607 2875 664 2902; x_wconf 86' lang='lat' dir='ltr'>sed</span> <span class='ocrx_word' id='word_1_267' title='bbox 681 2875 713 2902; x_wconf 91' lang='lat' dir='ltr'>in</span> <span class='ocrx_word' id='word_1_268' title='bbox 730 2874 973 2909; x_wconf 79' lang='lat' dir='ltr'>gravissimum</span> <span class='ocrx_word' id='word_1_269' title='bbox 988 2874 1142 2901; x_wconf 87' lang='lat' dir='ltr'>morbum</span> <span class='ocrx_word' id='word_1_270' title='bbox 1157 2871 1285 2906; x_wconf 89' lang='lat' dir='ltr'>incidit,</span> <span class='ocrx_word' id='word_1_271' title='bbox 1302 2878 1366 2906; x_wconf 88' lang='lat' dir='ltr'>quo</span> <span class='ocrx_word' id='word_1_272' title='bbox 1388 2869 1554 2904; x_wconf 80' lang='lat' dir='ltr'>paulatim</span> <span class='ocrx_word' id='word_1_273' title='bbox 1571 2874 1791 2904; x_wconf 81' lang='lat' dir='ltr'>consumptus</span> <span class='ocrx_word' id='word_1_274' title='bbox 1804 2873 1888 2902; x_wconf 77' lang='lat' dir='ltr'>est„.</span> 
     </span>
     <span class='ocr_line' id='line_1_37' title="bbox 251 2921 762 2954; baseline 0.004 -7"><span class='ocrx_word' id='word_1_275' title='bbox 251 2921 335 2948; x_wconf 68' lang='lat' dir='ltr'>Vide</span> <span class='ocrx_word' id='word_1_276' title='bbox 353 2922 520 2954; x_wconf 76' lang='lat' dir='ltr'>POLANco,</span> <span class='ocrx_word' id='word_1_277' title='bbox 540 2922 675 2954; x_wconf 68' lang='lat' dir='ltr'>Chron„</span> <span class='ocrx_word' id='word_1_278' title='bbox 690 2926 713 2949; x_wconf 92' lang='lat' dir='ltr'>t.</span> <span class='ocrx_word' id='word_1_279' title='bbox 730 2929 762 2949; x_wconf 85' lang='lat'>11.</span> 
     </span>
    </p>

    <p class='ocr_par' dir='ltr' id='par_1_16' title="bbox 302 2966 1443 3002">
     <span class='ocr_line' id='line_1_38' title="bbox 302 2966 1443 3002; baseline -0.003 -5"><span class='ocrx_word' id='word_1_280' title='bbox 302 2972 314 2987; x_wconf 49' lang='grc' dir='ltr'><strong><em>ἐ</em></strong></span> <span class='ocrx_word' id='word_1_281' title='bbox 353 2970 486 2996; x_wconf 80' lang='lat' dir='ltr'>Marcus</span> <span class='ocrx_word' id='word_1_282' title='bbox 503 2970 671 2997; x_wconf 84' lang='lat' dir='ltr'>Antonius</span> <span class='ocrx_word' id='word_1_283' title='bbox 687 2969 868 2997; x_wconf 83' lang='lat' dir='ltr'>Oradinus.</span> <span class='ocrx_word' id='word_1_284' title='bbox 885 2969 1072 3001; x_wconf 75' lang='lat' dir='ltr'>POLANCUS,</span> <span class='ocrx_word' id='word_1_285' title='bbox 1089 2968 1109 2995; x_wconf 89' lang='lat' dir='ltr'>l.</span> <span class='ocrx_word' id='word_1_286' title='bbox 1126 2975 1165 2999; x_wconf 85' lang='lat' dir='ltr'>c..</span> <span class='ocrx_word' id='word_1_287' title='bbox 1182 2975 1260 3002; x_wconf 84' lang='lat' dir='ltr'>pag.</span> <span class='ocrx_word' id='word_1_288' title='bbox 1276 2966 1339 3001; x_wconf 66' lang='lat'>438,</span> <span class='ocrx_word' id='word_1_289' title='bbox 1356 2974 1386 2996; x_wconf 91' lang='lat' dir='ltr'>n.</span> <span class='ocrx_word' id='word_1_290' title='bbox 1399 2967 1443 2994; x_wconf 79' lang='grc'>49.</span> 
     </span>
    </p>
   </div>
  </div>
 </body>
</html>
