2074 3179
222 117 268 153 30
738 115 966 152 LITTERAE
992 123 1351 157 QUADR1MESTRES

221 224 372 253 ranno
393 218 575 264 troppo,
596 213 638 252 16
659 212 784 264 quali
804 217 1066 262 potremmo
1088 210 1296 250 scrivere
1318 221 1400 261 per
1422 210 1583 250 lettere
1612 210 1861 261 duplicate,

224 284 527 324 indrizzando
550 285 590 323 le
612 295 702 323 une
725 295 752 323 a
773 282 972 334 qualche
994 293 1197 333 persona
1215 313 1222 331 ‚
1242 280 1328 321 che
1349 281 1397 320 vi
1411 285 1582 332 parera
1599 281 1860 331 nominare,

222 368 355 396 come
382 355 686 405 Monsignore
719 353 775 393 de
802 352 948 394 Puteo
983 351 1009 403 ¹,
1041 352 1355 404 specificando
1386 352 1451 403 gli
1482 353 1603 393 tituli
1629 352 1732 393 suoi
1760 358 1804 392 et
1835 352 1864 392 il

222 428 363 477 luogo
385 426 506 466 dove
528 432 615 475 sta,
640 437 666 464 0
689 424 887 476 qualche
909 424 1047 464 altro.
1070 423 1174 464 Non
1197 434 1248 463 so
1272 435 1320 463 se
1342 423 1539 463 sarebbe
1562 435 1589 463 a
1610 425 1799 476 piacere
1822 424 1865 463 al

224 498 399 538 Rev.¹1¹0
422 497 467 537 di
488 496 631 547 Carpi
651 495 681 547 ²,
706 507 799 536 non
820 495 1112 535 mettendose
1133 501 1270 546 porto
1293 496 1334 534 a'
1361 494 1616 535 Cardinali.
1645 494 1733 535 Per
1755 495 1864 535 scri-

223 580 335 609 vere
359 580 464 620 qua,
496 580 545 607 se
574 567 697 607 fosse
727 572 935 618 sospetto
966 567 1007 606 el
1029 566 1227 618 ricapito
1258 567 1416 614 solito,
1446 566 1668 616 potrebbe
1698 566 1728 605 il
1755 565 1808 605 R.
1826 564 1866 591 ‘¹0

223 641 348 692 Mag.
375 639 593 691 Gasparo
616 637 880 678 5111(111ΖΖ31
900 638 943 677 le
964 637 1128 677 lettere
1151 650 1176 677 a
1195 637 1321 687 Mag.
1346 636 1612 676 Francesco
1637 636 1814 687 Rosati,
1840 648 1865 675 o

224 713 344 752 111110
362 723 445 763 per
468 710 740 751 instruttion
769 710 815 750 di
842 709 967 761 Mag.
1001 708 1240 757 Pollanco,
1273 707 1393 748 della
1427 708 1501 748 cui
1529 707 1610 747 Ra
1631 708 1774 748 molto
1803 708 1865 748 mi

224 795 309 824 5011
342 784 585 823 6011501310
617 788 661 822 61
694 781 844 822 anche
871 793 934 821 un
970 792 1053 820 suo
1090 780 1215 821 buon
1241 779 1393 820 Padre
1430 779 1687 830 confessor,
1723 778 1869 819 fratre

227 854 531 905 Alessandro,
556 854 641 893 che
668 865 762 893 non
796 853 967 893 habbia
1001 852 1044 893 d’
1070 852 1246 892 andare
1277 852 1323 891 in
1346 850 1553 903 Spagna,
1585 862 1633 890 se
1663 862 1756 890 non
1788 861 1868 902 per

225 926 376 967 scritti
398 932 442 966 et
464 925 664 965 orationi
685 936 782 976 sue,
808 925 896 964 alle
918 923 1044 975 quali
1072 923 1135 964 mi
1165 921 1496 963 raccomando.
1523 921 1575 962 L'
1597 922 1715 961 altra
1745 922 1869 961 setti-

225 1009 366 1038 mana
388 995 857 1054 spero-rimandargli
879 995 1029 1047 quelle
1052 995 1229 1043 charte,
1261 994 1346 1034 che
1367 994 1430 1034 mi
1449 994 1610 1033 lascio.
1636 992 1866 1044 Aspettia·

226 1081 304 1108 mo
327 1081 416 1109 con
438 1068 670 1108 desiderio
691 1068 735 1107 la
762 1067 1048 1108 resolutione
1077 1066 1150 1107 del
1178 1065 1279 1106 R.d0
1304 1066 1354 1105 P.
1386 1065 1511 1116 Mag.
1542 1064 1753 1115 Egnacio
1782 1075 1870 1103 con

225 1141 385 1180 animo
408 1140 453 1180 di
480 1145 807 1191 prontamente
828 1138 929 1179 fare
952 1138 1063 1189 ogni
1094 1137 1357 1178 obedientia
1384 1136 1606 1188 possibile
1638 1135 1870 1175 mediante

229 1214 253 1251 l’
278 1212 407 1252 311110
430 1211 607 1262 divino,
633 1222 765 1251 come
787 1210 949 1250 scrissi
976 1216 1074 1250 otto
1097 1209 1143 1249 di
1164 1208 1211 1249 fa
1240 1219 1322 1259 per
1349 1220 1443 1248 una
1470 1207 1578 1258 mia,
1612 1207 1697 1247 che
1725 1219 1871 1258 penso

228 1287 339 1324 sara
370 1289 494 1323 stata
514 1282 743 1322 ricevuta.

314 1354 428 1395 Pero
463 1365 557 1394 non
593 1353 881 1394 occorrendo
911 1352 1079 1392 adesso
1114 1352 1236 1392 altro
1274 1350 1333 1391 da
1361 1350 1589 1400 scrivere,
1627 1349 1729 1389 faro
1762 1348 1866 1398 fine,

227 1425 504 1478 replicando
541 1426 641 1465 solo
677 1430 842 1476 questa
875 1425 1064 1476 parola,
1102 1422 1187 1463 che
1223 1434 1272 1463 se
1313 1421 1437 1473 Mag.
1484 1421 1675 1472 Laynez
1716 1421 1776 1460 ha
1812 1420 1871 1459 da

230 1498 412 1549 venire,
442 1504 573 1538 tanto
605 1496 775 1548 meglio
802 1499 912 1536 sara
947 1500 1123 1547 quanto
1163 1494 1240 1545 piu
1268 1498 1425 1545 presto
1453 1504 1536 1544 per
1569 1492 1700 1537 molti
1728 1492 1868 1531 conti.

229 1570 262 1610 11
280 1569 479 1621 Signore
496 1569 632 1609 Duca
649 1574 721 1608 sta
738 1579 821 1619 per
837 1567 954 1607 hora
971 1568 1064 1618 qui.
1083 1565 1296 1606 Secondo
1315 1564 1384 1604 ch’
1404 1564 1447 1605 io
1460 1575 1600 1616 posso
1614 1562 1869 1612 intendere,

230 1648 299 1682 sta
327 1629 477 1681 ⁴molto
506 1645 735 1690 occupato
764 1639 811 1678 in
840 1637 1035 1678 facende
1071 1636 1113 1676 d'
1146 1637 1265 1677 altra
1297 1642 1422 1676 sorte
1453 1636 1539 1675 che
1567 1647 1662 1675 non
1689 1645 1804 1674 sono
1832 1634 1873 1673 le

229 1720 409 1762 nostre,
429 1715 541 1763 pero
563 1709 903 1750 mediatoribus
925 1714 1045 1760 opus
1067 1711 1206 1748 esset.

310 1783 413 1824 Non
434 1784 553 1822 altro
575 1794 657 1833 per
679 1781 846 1821 adesso
868 1792 1015 1820 senon
1036 1780 1122 1820 che
1143 1778 1378 1819 humiliter
1401 1778 1442 1818 ci
1459 1776 1873 1817 raccomandiamo

231 1857 319 1896 alle
341 1854 543 1895 orationi
565 1853 610 1893 di
632 1853 754 1894 tutti.

311 1927 385 1967 Da
407 1926 628 1976 Firenza,
653 1924 731 1964 alli
746 1923 798 1963 23
819 1924 859 1964 d'
882 1923 1030 1975 aprile
1057 1922 1173 1963 1547.

310 1997 495 2038 Adesso
524 1997 692 2036 adesso
721 1997 800 2047 qui
827 1999 851 2035 e
886 1994 1096 2035 arrivato
1126 1994 1157 2034 il
1192 1992 1293 2033 R.d0
1331 1992 1456 2043 Mag.
1498 1991 1720 2031 Pascasio
1745 1988 1761 2008 '⁴
1787 2000 1875 2029 con

232 2069 356 2120 Mag.
387 2068 539 2109 Gioan
570 2067 782 2118 Philippo
811 2064 824 2084 5
846 2071 889 2106 61
917 2064 1019 2105 dice
1048 2076 1134 2105 sua
1161 2064 1240 2104 RJ‘
1272 2064 1358 2104 che
1386 2063 1599 2104 scrivera
1629 2062 1688 2102 da
1717 2066 1875 2101 monte

232 2141 487 2181 Puliciano.

315 2210 464 2251 Servo
486 2211 532 2250 in
555 2210 741 2251 Christo
764 2196 930 2259 616511,

1182 2334 1384 2374 ANDREA
1405 2346 1470 2374 DA
1490 2333 1648 2373 FRUZI.

317 2531 672 2583 Superscm'pll'o
693 2548 737 2563 =
756 2532 782 2579 †
799 2530 859 2570 Al
880 2531 1023 2570 molto
1046 2528 1201 2569 11011(ἰΟ
1230 2529 1367 2568 fratel
1388 2527 1480 2568 mio
1502 2526 1551 2565 in
1572 2525 1655 2565 X.⁰
1680 2523 1877 2564 Bartho-

291 2650 299 2670 ¹
340 2650 486 2682 Jacobus
503 2650 647 2684 Puteus,
665 2649 774 2677 Rotae
789 2656 952 2676 romanae
969 2648 1135 2682 Auditor,
1151 2647 1274 2682 Ignatii
1292 2646 1421 2674 amicus
1436 2649 1470 2672 et
1483 2643 1667 2672 Societatis
1682 2642 1807 2670 fautor.

249 2700 252 2702 ’
288 2696 302 2716 ²
341 2696 539 2730 Rudolphus
555 2696 613 2724 Pio
628 2697 667 2723 de
685 2696 799 2730 Carpi,
817 2695 1020 2729 cardinalis,
1039 2694 1223 2722 Societatis
1240 2694 1430 2721 Protector.

290 2745 303 2763 5
342 2744 477 2778 (jaspar
492 2745 532 2771 de
548 2744 674 2778 Dottis,
688 2745 744 2771 vel
760 2743 910 2776 Doctius,
925 2746 961 2770 ut
979 2750 1054 2770 eum
1070 2743 1225 2777 appellat
1242 2740 1456 2771 Orlandinus,
1473 2745 1571 2773 quern
1584 2738 1678 2771 vide,
1698 2737 1790 2764 Hist.
1807 2735 1878 2763 Soc.

236 2792 402 2827 ses.,p.1,
421 2793 439 2818 1.
457 2800 476 2825 ι,
494 2800 526 2819 n.
545 2793 604 2819 121.
1066 2785 1068 2787 ’

291 2841 304 2859 ³¹
343 2839 548 2866 Paschasius
566 2840 678 2869 Broct.
696 2847 781 2867 unus
796 2847 837 2866 ex
852 2847 975 2867 novem
990 2839 1109 2873 primis
1125 2837 1251 2872 Ignatii
1268 2836 1379 2864 sociis.

290 2887 303 2906 ³¹
343 2887 490 2920 Joannes
508 2887 683 2922 Philippus
706 2887 832 2918 Casini.
858 2887 1003 2914 nondum
1029 2886 1200 2917 sacerdos,
1226 2892 1339 2912 comes
1365 2890 1451 2911 nunc
1476 2881 1571 2909 Patri
1597 2880 1709 2914 Broet,
1725 2878 1886 2913 sequenti.

239 2942 320 2962 vero
336 2943 422 2962 anno
439 2935 534 2962 Patri
548 2935 696 2971 Laynez.
