<?xml version="1.0" encoding="UTF-8"?>
<!DOCTYPE html PUBLIC "-//W3C//DTD XHTML 1.0 Transitional//EN"
    "http://www.w3.org/TR/xhtml1/DTD/xhtml1-transitional.dtd">
<html xmlns="http://www.w3.org/1999/xhtml" xml:lang="en" lang="en">
 <head>
  <title>
</title>
<meta http-equiv="Content-Type" content="text/html;charset=utf-8" />
  <meta name='ocr-system' content='tesseract 3.04.00' />
  <meta name='ocr-capabilities' content='ocr_page ocr_carea ocr_par ocr_line ocrx_word'/>
</head>
<body>
  <div class='ocr_page' id='page_1' title='image "./litteraequadrime13lain_0349.png"; bbox 0 0 2074 3179; ppageno 0'>
   <div class='ocr_carea' id='block_1_1' title="bbox 905 205 1820 242">
    <p class='ocr_par' dir='ltr' id='par_1_1' title="bbox 905 205 1820 242">
     <span class='ocr_line' id='line_1_1' title="bbox 905 205 1820 242; baseline -0.001 0"><span class='ocrx_word' id='word_1_1' title='bbox 905 205 987 242; x_wconf 72' lang='lat' dir='ltr'>AN.</span> <span class='ocrx_word' id='word_1_2' title='bbox 1021 206 1105 242; x_wconf 72' lang='lat'>1551</span> <span class='ocrx_word' id='word_1_3' title='bbox 1750 206 1820 241; x_wconf 66' lang='lat'>343</span> 
     </span>
    </p>
   </div>
   <div class='ocr_carea' id='block_1_2' title="bbox 961 384 1058 449">
    <p class='ocr_par' dir='ltr' id='par_1_2' title="bbox 961 384 1058 449">
     <span class='ocr_line' id='line_1_2' title="bbox 961 384 1058 449; baseline 0 0"><span class='ocrx_word' id='word_1_4' title='bbox 961 384 1058 449; x_wconf 57' lang='lat' dir='ltr'>sssis</span> 
     </span>
    </p>
   </div>
   <div class='ocr_carea' id='block_1_3' title="bbox 190 514 1834 2406">
    <p class='ocr_par' dir='ltr' id='par_1_3' title="bbox 190 514 1834 2059">
     <span class='ocr_line' id='line_1_3' title="bbox 272 514 1821 568; baseline -0.003 -10"><span class='ocrx_word' id='word_1_5' title='bbox 272 518 316 559; x_wconf 94' lang='lat' dir='ltr'>S.</span> <span class='ocrx_word' id='word_1_6' title='bbox 340 517 388 558; x_wconf 90' lang='lat' dir='ltr'>P.</span> <span class='ocrx_word' id='word_1_7' title='bbox 416 516 425 536; x_wconf 88' lang='lat'>¹</span> <span class='ocrx_word' id='word_1_8' title='bbox 449 518 495 557; x_wconf 89' lang='lat' dir='ltr'>in</span> <span class='ocrx_word' id='word_1_9' title='bbox 516 517 739 557; x_wconf 89' lang='lat' dir='ltr'>Domino:</span> <span class='ocrx_word' id='word_1_10' title='bbox 762 517 870 568; x_wconf 88' lang='lat' dir='ltr'>quia</span> <span class='ocrx_word' id='word_1_11' title='bbox 892 515 1309 556; x_wconf 78' lang='lat' dir='ltr'>animadvertimus</span> <span class='ocrx_word' id='word_1_12' title='bbox 1328 515 1376 555; x_wconf 90' lang='lat' dir='ltr'>in</span> <span class='ocrx_word' id='word_1_13' title='bbox 1403 514 1599 566; x_wconf 90' lang='lat' dir='ltr'>epistola</span> <span class='ocrx_word' id='word_1_14' title='bbox 1621 520 1721 565; x_wconf 90' lang='lat' dir='ltr'>tua,</span> <span class='ocrx_word' id='word_1_15' title='bbox 1746 526 1821 554; x_wconf 90' lang='lat' dir='ltr'>ve-</span> 
     </span>
     <span class='ocr_line' id='line_1_4' title="bbox 190 584 1822 638; baseline -0.003 -9"><span class='ocrx_word' id='word_1_16' title='bbox 190 589 397 629; x_wconf 82' lang='lat' dir='ltr'>nerande</span> <span class='ocrx_word' id='word_1_17' title='bbox 419 589 745 638; x_wconf 83' lang='lat' dir='ltr'>bachalauree,</span> <span class='ocrx_word' id='word_1_18' title='bbox 765 593 808 627; x_wconf 92' lang='lat' dir='ltr'>te</span> <span class='ocrx_word' id='word_1_19' title='bbox 829 599 965 627; x_wconf 92' lang='lat' dir='ltr'>usum</span> <span class='ocrx_word' id='word_1_20' title='bbox 984 587 1107 627; x_wconf 86' lang='lat' dir='ltr'>bona</span> <span class='ocrx_word' id='word_1_21' title='bbox 1127 593 1171 627; x_wconf 93' lang='lat' dir='ltr'>et</span> <span class='ocrx_word' id='word_1_22' title='bbox 1188 586 1410 637; x_wconf 90' lang='lat' dir='ltr'>religiosa</span> <span class='ocrx_word' id='word_1_23' title='bbox 1427 584 1668 635; x_wconf 88' lang='lat' dir='ltr'>modestia,</span> <span class='ocrx_word' id='word_1_24' title='bbox 1689 585 1751 625; x_wconf 86' lang='lat' dir='ltr'>ita</span> <span class='ocrx_word' id='word_1_25' title='bbox 1773 591 1822 625; x_wconf 92' lang='lat' dir='ltr'>ut</span> 
     </span>
     <span class='ocr_line' id='line_1_5' title="bbox 193 655 1823 710; baseline -0.003 -10"><span class='ocrx_word' id='word_1_26' title='bbox 193 661 325 700; x_wconf 90' lang='lat' dir='ltr'>decet</span> <span class='ocrx_word' id='word_1_27' title='bbox 345 659 580 700; x_wconf 89' lang='lat' dir='ltr'>Dominici</span> <span class='ocrx_word' id='word_1_28' title='bbox 600 658 630 710; x_wconf 66' lang='lat'>2,</span> <span class='ocrx_word' id='word_1_29' title='bbox 658 660 799 699; x_wconf 89' lang='lat' dir='ltr'>immo</span> <span class='ocrx_word' id='word_1_30' title='bbox 826 657 900 698; x_wconf 91' lang='lat' dir='ltr'>X.i</span> <span class='ocrx_word' id='word_1_31' title='bbox 928 657 1227 709; x_wconf 89' lang='lat' dir='ltr'>discipulum,</span> <span class='ocrx_word' id='word_1_32' title='bbox 1258 656 1527 709; x_wconf 90' lang='lat' dir='ltr'>putavimus</span> <span class='ocrx_word' id='word_1_33' title='bbox 1552 655 1634 696; x_wconf 90' lang='lat' dir='ltr'>tibi</span> <span class='ocrx_word' id='word_1_34' title='bbox 1659 657 1823 707; x_wconf 80' lang='lat' dir='ltr'>paucis</span> 
     </span>
     <span class='ocr_line' id='line_1_6' title="bbox 193 727 1820 782; baseline -0.003 -11"><span class='ocrx_word' id='word_1_35' title='bbox 193 731 424 782; x_wconf 80' lang='lat' dir='ltr'>quaedam</span> <span class='ocrx_word' id='word_1_36' title='bbox 441 730 692 782; x_wconf 82' lang='lat' dir='ltr'>aperienda</span> <span class='ocrx_word' id='word_1_37' title='bbox 709 741 810 769; x_wconf 91' lang='lat' dir='ltr'>esse</span> <span class='ocrx_word' id='word_1_38' title='bbox 827 729 883 769; x_wconf 93' lang='lat' dir='ltr'>de</span> <span class='ocrx_word' id='word_1_39' title='bbox 900 728 1147 779; x_wconf 88' lang='lat' dir='ltr'>Societate‚</span> <span class='ocrx_word' id='word_1_40' title='bbox 1162 740 1281 780; x_wconf 91' lang='lat' dir='ltr'>quae</span> <span class='ocrx_word' id='word_1_41' title='bbox 1298 728 1466 768; x_wconf 89' lang='lat' dir='ltr'>dicitur</span> <span class='ocrx_word' id='word_1_42' title='bbox 1482 727 1684 767; x_wconf 90' lang='lat' dir='ltr'>nominis</span> <span class='ocrx_word' id='word_1_43' title='bbox 1695 727 1820 780; x_wconf 92' lang='lat' dir='ltr'>Jesu.</span> 
     </span>
     <span class='ocr_line' id='line_1_7' title="bbox 192 797 1823 851; baseline -0.002 -10"><span class='ocrx_word' id='word_1_44' title='bbox 192 802 296 841; x_wconf 87' lang='lat' dir='ltr'>Non</span> <span class='ocrx_word' id='word_1_45' title='bbox 317 801 396 841; x_wconf 89' lang='lat' dir='ltr'>diu</span> <span class='ocrx_word' id='word_1_46' title='bbox 418 806 486 841; x_wconf 86' lang='lat' dir='ltr'>est</span> <span class='ocrx_word' id='word_1_47' title='bbox 508 812 614 841; x_wconf 90' lang='lat' dir='ltr'>cum</span> <span class='ocrx_word' id='word_1_48' title='bbox 634 812 773 851; x_wconf 91' lang='lat' dir='ltr'>super</span> <span class='ocrx_word' id='word_1_49' title='bbox 794 800 882 839; x_wconf 84' lang='lat' dir='ltr'>hac</span> <span class='ocrx_word' id='word_1_50' title='bbox 904 798 1134 839; x_wconf 82' lang='lat' dir='ltr'>Societate</span> <span class='ocrx_word' id='word_1_51' title='bbox 1155 799 1356 840; x_wconf 90' lang='lat' dir='ltr'>consulti</span> <span class='ocrx_word' id='word_1_52' title='bbox 1376 809 1549 849; x_wconf 91' lang='lat' dir='ltr'>sumus,</span> <span class='ocrx_word' id='word_1_53' title='bbox 1574 804 1619 837; x_wconf 92' lang='lat' dir='ltr'>et</span> <span class='ocrx_word' id='word_1_54' title='bbox 1639 797 1728 837; x_wconf 84' lang='lat' dir='ltr'>hac</span> <span class='ocrx_word' id='word_1_55' title='bbox 1750 809 1823 838; x_wconf 91' lang='lat' dir='ltr'>oc-</span> 
     </span>
     <span class='ocr_line' id='line_1_8' title="bbox 192 868 1825 922; baseline -0.002 -10"><span class='ocrx_word' id='word_1_56' title='bbox 192 872 401 922; x_wconf 83' lang='lat' dir='ltr'>casione,</span> <span class='ocrx_word' id='word_1_57' title='bbox 426 871 666 922; x_wconf 75' lang='lat' dir='ltr'>diligentia</span> <span class='ocrx_word' id='word_1_58' title='bbox 685 881 859 921; x_wconf 88' lang='lat' dir='ltr'>magna</span> <span class='ocrx_word' id='word_1_59' title='bbox 881 869 1108 921; x_wconf 87' lang='lat' dir='ltr'>adhibita,</span> <span class='ocrx_word' id='word_1_60' title='bbox 1132 870 1420 921; x_wconf 80' lang='lat' dir='ltr'>inspeximus</span> <span class='ocrx_word' id='word_1_61' title='bbox 1446 874 1491 909; x_wconf 93' lang='lat' dir='ltr'>et</span> <span class='ocrx_word' id='word_1_62' title='bbox 1519 868 1825 920; x_wconf 80' lang='lat' dir='ltr'>expendimus</span> 
     </span>
     <span class='ocr_line' id='line_1_9' title="bbox 194 939 1824 993; baseline -0.002 -11"><span class='ocrx_word' id='word_1_63' title='bbox 194 943 423 993; x_wconf 82' lang='lat' dir='ltr'>originem</span> <span class='ocrx_word' id='word_1_64' title='bbox 443 941 561 993; x_wconf 89' lang='lat' dir='ltr'>ejus,</span> <span class='ocrx_word' id='word_1_65' title='bbox 585 952 903 993; x_wconf 85' lang='lat' dir='ltr'>progressum,</span> <span class='ocrx_word' id='word_1_66' title='bbox 927 948 971 980; x_wconf 90' lang='lat' dir='ltr'>et</span> <span class='ocrx_word' id='word_1_67' title='bbox 993 941 1380 992; x_wconf 78' lang='lat' dir='ltr'>approbationem</span> <span class='ocrx_word' id='word_1_68' title='bbox 1402 952 1484 991; x_wconf 91' lang='lat' dir='ltr'>per</span> <span class='ocrx_word' id='word_1_69' title='bbox 1504 939 1672 981; x_wconf 90' lang='lat' dir='ltr'>Sedem</span> <span class='ocrx_word' id='word_1_70' title='bbox 1700 939 1824 990; x_wconf 88' lang='lat' dir='ltr'>Apo-</span> 
     </span>
     <span class='ocr_line' id='line_1_10' title="bbox 192 1010 1823 1064; baseline -0.001 -11"><span class='ocrx_word' id='word_1_71' title='bbox 192 1013 420 1064; x_wconf 85' lang='lat' dir='ltr'>stolicam,</span> <span class='ocrx_word' id='word_1_72' title='bbox 440 1012 638 1064; x_wconf 87' lang='lat' dir='ltr'>denique</span> <span class='ocrx_word' id='word_1_73' title='bbox 655 1012 903 1064; x_wconf 84' lang='lat' dir='ltr'>privilegia</span> <span class='ocrx_word' id='word_1_74' title='bbox 919 1012 1060 1052; x_wconf 90' lang='lat' dir='ltr'>etiam</span> <span class='ocrx_word' id='word_1_75' title='bbox 1076 1023 1158 1063; x_wconf 89' lang='lat' dir='ltr'>per</span> <span class='ocrx_word' id='word_1_76' title='bbox 1175 1012 1387 1052; x_wconf 91' lang='lat' dir='ltr'>eamdem</span> <span class='ocrx_word' id='word_1_77' title='bbox 1399 1010 1567 1052; x_wconf 92' lang='lat' dir='ltr'>Sedem</span> <span class='ocrx_word' id='word_1_78' title='bbox 1582 1021 1823 1051; x_wconf 88' lang='lat' dir='ltr'>concessa:</span> 
     </span>
     <span class='ocr_line' id='line_1_11' title="bbox 193 1082 1824 1135; baseline -0.002 -11"><span class='ocrx_word' id='word_1_79' title='bbox 193 1085 477 1135; x_wconf 84' lang='lat' dir='ltr'>perlegimus</span> <span class='ocrx_word' id='word_1_80' title='bbox 498 1090 742 1135; x_wconf 91' lang='lat' dir='ltr'>praeterea</span> <span class='ocrx_word' id='word_1_81' title='bbox 763 1094 926 1124; x_wconf 86' lang='lat' dir='ltr'>eorum</span> <span class='ocrx_word' id='word_1_82' title='bbox 947 1083 1192 1134; x_wconf 80' lang='lat' dir='ltr'>exercitia,</span> <span class='ocrx_word' id='word_1_83' title='bbox 1226 1089 1271 1123; x_wconf 92' lang='lat' dir='ltr'>et</span> <span class='ocrx_word' id='word_1_84' title='bbox 1298 1088 1445 1123; x_wconf 88' lang='lat' dir='ltr'>totam</span> <span class='ocrx_word' id='word_1_85' title='bbox 1473 1082 1705 1122; x_wconf 88' lang='lat' dir='ltr'>rationem</span> <span class='ocrx_word' id='word_1_86' title='bbox 1733 1082 1824 1122; x_wconf 89' lang='lat' dir='ltr'>exi-</span> 
     </span>
     <span class='ocr_line' id='line_1_12' title="bbox 192 1152 1824 1206; baseline -0.001 -12"><span class='ocrx_word' id='word_1_87' title='bbox 192 1154 373 1205; x_wconf 79' lang='lat' dir='ltr'>gendae</span> <span class='ocrx_word' id='word_1_88' title='bbox 394 1155 542 1205; x_wconf 82' lang='lat' dir='ltr'>vitae;</span> <span class='ocrx_word' id='word_1_89' title='bbox 565 1160 722 1206; x_wconf 87' lang='lat' dir='ltr'>atque,</span> <span class='ocrx_word' id='word_1_90' title='bbox 757 1154 970 1194; x_wconf 90' lang='lat' dir='ltr'>omnibus</span> <span class='ocrx_word' id='word_1_91' title='bbox 1000 1153 1238 1205; x_wconf 85' lang='lat' dir='ltr'>expensis,</span> <span class='ocrx_word' id='word_1_92' title='bbox 1267 1152 1580 1204; x_wconf 83' lang='lat' dir='ltr'>judicavimus</span> <span class='ocrx_word' id='word_1_93' title='bbox 1606 1153 1706 1193; x_wconf 91' lang='lat' dir='ltr'>sine</span> <span class='ocrx_word' id='word_1_94' title='bbox 1731 1152 1824 1192; x_wconf 91' lang='lat' dir='ltr'>ullo</span> 
     </span>
     <span class='ocr_line' id='line_1_13' title="bbox 196 1224 1824 1276; baseline -0.002 -10"><span class='ocrx_word' id='word_1_95' title='bbox 196 1226 334 1266; x_wconf 89' lang='lat' dir='ltr'>dubio</span> <span class='ocrx_word' id='word_1_96' title='bbox 356 1226 618 1266; x_wconf 89' lang='lat' dir='ltr'>institutum</span> <span class='ocrx_word' id='word_1_97' title='bbox 644 1225 732 1265; x_wconf 91' lang='lat' dir='ltr'>hoc</span> <span class='ocrx_word' id='word_1_98' title='bbox 754 1237 865 1265; x_wconf 86' lang='lat' dir='ltr'>vere</span> <span class='ocrx_word' id='word_1_99' title='bbox 887 1230 1103 1265; x_wconf 92' lang='lat' dir='ltr'>sanctum</span> <span class='ocrx_word' id='word_1_100' title='bbox 1131 1236 1233 1265; x_wconf 90' lang='lat' dir='ltr'>esse</span> <span class='ocrx_word' id='word_1_101' title='bbox 1260 1230 1305 1265; x_wconf 93' lang='lat' dir='ltr'>et</span> <span class='ocrx_word' id='word_1_102' title='bbox 1331 1225 1456 1264; x_wconf 90' lang='lat' dir='ltr'>omni</span> <span class='ocrx_word' id='word_1_103' title='bbox 1475 1224 1639 1264; x_wconf 83' lang='lat' dir='ltr'>favore</span> <span class='ocrx_word' id='word_1_104' title='bbox 1668 1235 1824 1276; x_wconf 93' lang='lat' dir='ltr'>prose—</span> 
     </span>
     <span class='ocr_line' id='line_1_14' title="bbox 191 1295 1826 1348; baseline -0.001 -12"><span class='ocrx_word' id='word_1_105' title='bbox 191 1297 442 1348; x_wconf 78' lang='lat' dir='ltr'>quendum,</span> <span class='ocrx_word' id='word_1_106' title='bbox 466 1303 510 1336; x_wconf 93' lang='lat' dir='ltr'>et</span> <span class='ocrx_word' id='word_1_107' title='bbox 533 1297 581 1337; x_wconf 91' lang='lat' dir='ltr'>in</span> <span class='ocrx_word' id='word_1_108' title='bbox 602 1308 692 1348; x_wconf 90' lang='lat' dir='ltr'>quo</span> <span class='ocrx_word' id='word_1_109' title='bbox 713 1296 928 1336; x_wconf 80' lang='lat' dir='ltr'>viventes</span> <span class='ocrx_word' id='word_1_110' title='bbox 947 1296 1130 1347; x_wconf 85' lang='lat' dir='ltr'>possint</span> <span class='ocrx_word' id='word_1_111' title='bbox 1151 1302 1195 1336; x_wconf 91' lang='lat' dir='ltr'>et</span> <span class='ocrx_word' id='word_1_112' title='bbox 1216 1296 1396 1347; x_wconf 90' lang='lat' dir='ltr'>seipsos</span> <span class='ocrx_word' id='word_1_113' title='bbox 1417 1295 1575 1336; x_wconf 85' lang='lat' dir='ltr'>salvos</span> <span class='ocrx_word' id='word_1_114' title='bbox 1595 1295 1751 1335; x_wconf 86' lang='lat' dir='ltr'>facere</span> <span class='ocrx_word' id='word_1_115' title='bbox 1781 1301 1826 1335; x_wconf 91' lang='lat' dir='ltr'>et</span> 
     </span>
     <span class='ocr_line' id='line_1_15' title="bbox 193 1366 1826 1419; baseline -0.001 -11"><span class='ocrx_word' id='word_1_116' title='bbox 193 1380 273 1408; x_wconf 92' lang='lat' dir='ltr'>eos</span> <span class='ocrx_word' id='word_1_117' title='bbox 290 1368 368 1419; x_wconf 90' lang='lat' dir='ltr'>qui</span> <span class='ocrx_word' id='word_1_118' title='bbox 386 1368 512 1419; x_wconf 90' lang='lat' dir='ltr'>ipsos</span> <span class='ocrx_word' id='word_1_119' title='bbox 529 1367 736 1407; x_wconf 90' lang='lat' dir='ltr'>audiunt.</span> <span class='ocrx_word' id='word_1_120' title='bbox 755 1366 883 1407; x_wconf 85' lang='lat' dir='ltr'>Sicut</span> <span class='ocrx_word' id='word_1_121' title='bbox 894 1366 991 1418; x_wconf 91' lang='lat' dir='ltr'>jam</span> <span class='ocrx_word' id='word_1_122' title='bbox 1007 1378 1130 1407; x_wconf 88' lang='lat' dir='ltr'>nunc</span> <span class='ocrx_word' id='word_1_123' title='bbox 1146 1367 1333 1418; x_wconf 86' lang='lat' dir='ltr'>plurimi</span> <span class='ocrx_word' id='word_1_124' title='bbox 1348 1378 1431 1418; x_wconf 92' lang='lat' dir='ltr'>per</span> <span class='ocrx_word' id='word_1_125' title='bbox 1448 1378 1543 1417; x_wconf 93' lang='lat' dir='ltr'>eos,</span> <span class='ocrx_word' id='word_1_126' title='bbox 1558 1366 1646 1406; x_wconf 91' lang='lat' dir='ltr'>Dei</span> <span class='ocrx_word' id='word_1_127' title='bbox 1656 1366 1826 1417; x_wconf 88' lang='lat' dir='ltr'>gratia,</span> 
     </span>
     <span class='ocr_line' id='line_1_16' title="bbox 194 1437 1830 1489; baseline -0.001 -11"><span class='ocrx_word' id='word_1_128' title='bbox 194 1439 314 1479; x_wconf 85' lang='lat' dir='ltr'>salvi</span> <span class='ocrx_word' id='word_1_129' title='bbox 334 1439 448 1478; x_wconf 86' lang='lat' dir='ltr'>facti</span> <span class='ocrx_word' id='word_1_130' title='bbox 482 1444 588 1478; x_wconf 90' lang='lat' dir='ltr'>sunt</span> <span class='ocrx_word' id='word_1_131' title='bbox 619 1444 663 1478; x_wconf 90' lang='lat' dir='ltr'>et</span> <span class='ocrx_word' id='word_1_132' title='bbox 692 1438 808 1478; x_wconf 90' lang='lat' dir='ltr'>fiunt</span> <span class='ocrx_word' id='word_1_133' title='bbox 841 1437 1061 1489; x_wconf 86' lang='lat' dir='ltr'>quotidie.</span> <span class='ocrx_word' id='word_1_134' title='bbox 1094 1438 1224 1478; x_wconf 91' lang='lat' dir='ltr'>Haec</span> <span class='ocrx_word' id='word_1_135' title='bbox 1250 1444 1295 1478; x_wconf 89' lang='lat' dir='ltr'>te</span> <span class='ocrx_word' id='word_1_136' title='bbox 1323 1438 1544 1489; x_wconf 90' lang='lat' dir='ltr'>ignorare</span> <span class='ocrx_word' id='word_1_137' title='bbox 1574 1449 1668 1477; x_wconf 92' lang='lat' dir='ltr'>non</span> <span class='ocrx_word' id='word_1_138' title='bbox 1695 1437 1830 1477; x_wconf 90' lang='lat' dir='ltr'>mira-</span> 
     </span>
     <span class='ocr_line' id='line_1_17' title="bbox 192 1508 1828 1562; baseline -0.001 -12"><span class='ocrx_word' id='word_1_139' title='bbox 192 1522 312 1562; x_wconf 90' lang='lat' dir='ltr'>mur,</span> <span class='ocrx_word' id='word_1_140' title='bbox 337 1511 446 1562; x_wconf 90' lang='lat' dir='ltr'>quia</span> <span class='ocrx_word' id='word_1_141' title='bbox 467 1509 679 1551; x_wconf 79' lang='lat' dir='ltr'>Societas</span> <span class='ocrx_word' id='word_1_142' title='bbox 699 1510 817 1550; x_wconf 86' lang='lat' dir='ltr'>haec</span> <span class='ocrx_word' id='word_1_143' title='bbox 837 1509 1045 1550; x_wconf 90' lang='lat' dir='ltr'>nondum</span> <span class='ocrx_word' id='word_1_144' title='bbox 1075 1510 1198 1561; x_wconf 91' lang='lat' dir='ltr'>apud</span> <span class='ocrx_word' id='word_1_145' title='bbox 1224 1521 1386 1550; x_wconf 90' lang='lat' dir='ltr'>omnes</span> <span class='ocrx_word' id='word_1_146' title='bbox 1412 1509 1625 1549; x_wconf 92' lang='lat' dir='ltr'>innotuit.</span> <span class='ocrx_word' id='word_1_147' title='bbox 1658 1508 1828 1559; x_wconf 81' lang='lat' dir='ltr'>Quare,</span> 
     </span>
     <span class='ocr_line' id='line_1_18' title="bbox 195 1581 1832 1633; baseline -0.002 -11"><span class='ocrx_word' id='word_1_148' title='bbox 195 1582 386 1633; x_wconf 87' lang='lat' dir='ltr'>cognita</span> <span class='ocrx_word' id='word_1_149' title='bbox 417 1581 513 1633; x_wconf 90' lang='lat' dir='ltr'>jam</span> <span class='ocrx_word' id='word_1_150' title='bbox 547 1593 630 1633; x_wconf 91' lang='lat' dir='ltr'>per</span> <span class='ocrx_word' id='word_1_151' title='bbox 657 1593 743 1622; x_wconf 91' lang='lat' dir='ltr'>nos</span> <span class='ocrx_word' id='word_1_152' title='bbox 776 1581 997 1632; x_wconf 88' lang='lat' dir='ltr'>veritate,</span> <span class='ocrx_word' id='word_1_153' title='bbox 1029 1587 1160 1621; x_wconf 90' lang='lat' dir='ltr'>tuum</span> <span class='ocrx_word' id='word_1_154' title='bbox 1187 1581 1388 1621; x_wconf 90' lang='lat' dir='ltr'>officium</span> <span class='ocrx_word' id='word_1_155' title='bbox 1418 1581 1504 1620; x_wconf 94' lang='lat' dir='ltr'>erit</span> <span class='ocrx_word' id='word_1_156' title='bbox 1531 1585 1750 1632; x_wconf 88' lang='lat' dir='ltr'>parentes</span> <span class='ocrx_word' id='word_1_157' title='bbox 1776 1591 1832 1619; x_wconf 90' lang='lat' dir='ltr'>ac</span> 
     </span>
     <span class='ocr_line' id='line_1_19' title="bbox 196 1651 1832 1705; baseline -0.002 -12"><span class='ocrx_word' id='word_1_158' title='bbox 196 1659 425 1705; x_wconf 87' lang='lat' dir='ltr'>cognatos</span> <span class='ocrx_word' id='word_1_159' title='bbox 459 1653 651 1704; x_wconf 89' lang='lat' dir='ltr'>Rugerii</span> <span class='ocrx_word' id='word_1_160' title='bbox 685 1665 825 1705; x_wconf 91' lang='lat' dir='ltr'>super</span> <span class='ocrx_word' id='word_1_161' title='bbox 859 1652 1022 1693; x_wconf 91' lang='lat' dir='ltr'>eadem</span> <span class='ocrx_word' id='word_1_162' title='bbox 1055 1653 1255 1692; x_wconf 86' lang='lat' dir='ltr'>veritate</span> <span class='ocrx_word' id='word_1_163' title='bbox 1291 1652 1523 1692; x_wconf 86' lang='lat' dir='ltr'>instruere</span> <span class='ocrx_word' id='word_1_164' title='bbox 1559 1657 1631 1701; x_wconf 93' lang='lat' dir='ltr'>ut,</span> <span class='ocrx_word' id='word_1_165' title='bbox 1669 1651 1832 1691; x_wconf 89' lang='lat' dir='ltr'>relicto</span> 
     </span>
     <span class='ocr_line' id='line_1_20' title="bbox 194 1723 1538 1776; baseline -0.001 -12"><span class='ocrx_word' id='word_1_166' title='bbox 194 1731 320 1765; x_wconf 92' lang='lat' dir='ltr'>metu</span> <span class='ocrx_word' id='word_1_167' title='bbox 341 1730 385 1764; x_wconf 93' lang='lat' dir='ltr'>et</span> <span class='ocrx_word' id='word_1_168' title='bbox 407 1724 655 1775; x_wconf 89' lang='lat' dir='ltr'>moestitia,</span> <span class='ocrx_word' id='word_1_169' title='bbox 678 1724 832 1776; x_wconf 89' lang='lat' dir='ltr'>potius</span> <span class='ocrx_word' id='word_1_170' title='bbox 848 1723 1100 1775; x_wconf 81' lang='lat' dir='ltr'>gaudeant,</span> <span class='ocrx_word' id='word_1_171' title='bbox 1126 1729 1170 1764; x_wconf 92' lang='lat' dir='ltr'>et</span> <span class='ocrx_word' id='word_1_172' title='bbox 1189 1723 1370 1775; x_wconf 84' lang='lat' dir='ltr'>gratias</span> <span class='ocrx_word' id='word_1_173' title='bbox 1392 1728 1538 1775; x_wconf 87' lang='lat' dir='ltr'>agant</span> 
     </span>
     <span class='ocr_line' id='line_1_21' title="bbox 194 1792 1834 1847; baseline -0.002 -12"><span class='ocrx_word' id='word_1_174' title='bbox 194 1796 271 1847; x_wconf 85' lang='lat' dir='ltr'>qui</span> <span class='ocrx_word' id='word_1_175' title='bbox 704 1795 921 1835; x_wconf 87' lang='lat' dir='ltr'>affectum</span> <span class='ocrx_word' id='word_1_176' title='bbox 949 1795 1020 1834; x_wconf 92' lang='lat' dir='ltr'>ins</span> <span class='ocrx_word' id='word_1_177' title='bbox 1343 1793 1371 1835; x_wconf 77' lang='lat'>⁵.</span> <span class='ocrx_word' id='word_1_178' title='bbox 1410 1794 1508 1834; x_wconf 93' lang='lat' dir='ltr'>Nec</span> <span class='ocrx_word' id='word_1_179' title='bbox 1530 1794 1763 1843; x_wconf 86' lang='lat' dir='ltr'>dubitent,</span> <span class='ocrx_word' id='word_1_180' title='bbox 1794 1792 1834 1832; x_wconf 91' lang='lat' dir='ltr'>si</span> 
     </span>
     <span class='ocr_line' id='line_1_22' title="bbox 194 1864 1833 1918; baseline -0.002 -11"><span class='ocrx_word' id='word_1_181' title='bbox 194 1873 465 1908; x_wconf 86' lang='lat' dir='ltr'>constanter</span> <span class='ocrx_word' id='word_1_182' title='bbox 498 1866 617 1907; x_wconf 89' lang='lat' dir='ltr'>filius</span> <span class='ocrx_word' id='word_1_183' title='bbox 650 1866 1050 1918; x_wconf 84' lang='lat' dir='ltr'>perseveraverit,</span> <span class='ocrx_word' id='word_1_184' title='bbox 1083 1866 1195 1917; x_wconf 90' lang='lat' dir='ltr'>quin</span> <span class='ocrx_word' id='word_1_185' title='bbox 1221 1872 1267 1906; x_wconf 90' lang='lat' dir='ltr'>et</span> <span class='ocrx_word' id='word_1_186' title='bbox 1294 1865 1342 1905; x_wconf 93' lang='lat' dir='ltr'>in</span> <span class='ocrx_word' id='word_1_187' title='bbox 1372 1865 1462 1905; x_wconf 87' lang='lat' dir='ltr'>hac</span> <span class='ocrx_word' id='word_1_188' title='bbox 1493 1865 1590 1905; x_wconf 87' lang='lat' dir='ltr'>vita</span> <span class='ocrx_word' id='word_1_189' title='bbox 1620 1864 1741 1916; x_wconf 92' lang='lat' dir='ltr'>Xpo.</span> <span class='ocrx_word' id='word_1_190' title='bbox 1773 1864 1833 1903; x_wconf 89' lang='lat' dir='ltr'>sit</span> 
     </span>
     <span class='ocr_line' id='line_1_23' title="bbox 194 1936 1830 1990; baseline -0.002 -11"><span class='ocrx_word' id='word_1_191' title='bbox 194 1938 331 1979; x_wconf 85' lang='lat' dir='ltr'>valde</span> <span class='ocrx_word' id='word_1_192' title='bbox 353 1938 631 1990; x_wconf 84' lang='lat' dir='ltr'>placiturus,</span> <span class='ocrx_word' id='word_1_193' title='bbox 655 1943 700 1978; x_wconf 89' lang='lat' dir='ltr'>et</span> <span class='ocrx_word' id='word_1_194' title='bbox 720 1943 825 1989; x_wconf 92' lang='lat' dir='ltr'>post</span> <span class='ocrx_word' id='word_1_195' title='bbox 845 1937 968 1977; x_wconf 91' lang='lat' dir='ltr'>hanc</span> <span class='ocrx_word' id='word_1_196' title='bbox 989 1937 1137 1977; x_wconf 89' lang='lat' dir='ltr'>vitam</span> <span class='ocrx_word' id='word_1_197' title='bbox 1157 1942 1481 1988; x_wconf 89' lang='lat' dir='ltr'>reportaturus</span> <span class='ocrx_word' id='word_1_198' title='bbox 1503 1936 1642 1976; x_wconf 90' lang='lat' dir='ltr'>finem</span> <span class='ocrx_word' id='word_1_199' title='bbox 1662 1947 1830 1987; x_wconf 86' lang='lat' dir='ltr'>propo-</span> 
     </span>
     <span class='ocr_line' id='line_1_24' title="bbox 195 2009 952 2059; baseline -0.004 -9"><span class='ocrx_word' id='word_1_200' title='bbox 195 2010 271 2050; x_wconf 86' lang='lat' dir='ltr'>siti</span> <span class='ocrx_word' id='word_1_201' title='bbox 290 2010 377 2059; x_wconf 91' lang='lat' dir='ltr'>sui,</span> <span class='ocrx_word' id='word_1_202' title='bbox 401 2010 599 2049; x_wconf 89' lang='lat' dir='ltr'>salutem</span> <span class='ocrx_word' id='word_1_203' title='bbox 621 2009 804 2048; x_wconf 90' lang='lat' dir='ltr'>animae</span> <span class='ocrx_word' id='word_1_204' title='bbox 825 2020 952 2048; x_wconf 87' lang='lat' dir='ltr'>suae.</span> 
     </span>
    </p>

    <p class='ocr_par' dir='ltr' id='par_1_4' title="bbox 196 2078 1829 2192">
     <span class='ocr_line' id='line_1_25' title="bbox 274 2078 1829 2131; baseline -0.001 -11"><span class='ocrx_word' id='word_1_205' title='bbox 274 2080 409 2131; x_wconf 89' lang='lat' dir='ltr'>Vale,</span> <span class='ocrx_word' id='word_1_206' title='bbox 440 2086 485 2119; x_wconf 93' lang='lat' dir='ltr'>et</span> <span class='ocrx_word' id='word_1_207' title='bbox 514 2091 651 2120; x_wconf 85' lang='lat' dir='ltr'>sacra</span> <span class='ocrx_word' id='word_1_208' title='bbox 686 2079 951 2130; x_wconf 87' lang='lat' dir='ltr'>theologica</span> <span class='ocrx_word' id='word_1_209' title='bbox 979 2078 1134 2119; x_wconf 86' lang='lat' dir='ltr'>studia</span> <span class='ocrx_word' id='word_1_210' title='bbox 1156 2089 1339 2130; x_wconf 89' lang='lat' dir='ltr'>semper</span> <span class='ocrx_word' id='word_1_211' title='bbox 1367 2078 1520 2118; x_wconf 90' lang='lat' dir='ltr'>colere</span> <span class='ocrx_word' id='word_1_212' title='bbox 1541 2086 1586 2118; x_wconf 90' lang='lat' dir='ltr'>et</span> <span class='ocrx_word' id='word_1_213' title='bbox 1607 2089 1829 2118; x_wconf 86' lang='lat' dir='ltr'>exercere</span> 
     </span>
     <span class='ocr_line' id='line_1_26' title="bbox 196 2152 345 2192; baseline 0.007 -1"><span class='ocrx_word' id='word_1_214' title='bbox 196 2152 345 2192; x_wconf 90' lang='lat' dir='ltr'>stude.</span> 
     </span>
    </p>

    <p class='ocr_par' dir='ltr' id='par_1_5' title="bbox 275 2221 978 2273">
     <span class='ocr_line' id='line_1_27' title="bbox 275 2221 978 2273; baseline -0.006 -10"><span class='ocrx_word' id='word_1_215' title='bbox 275 2222 488 2273; x_wconf 87' lang='lat' dir='ltr'>Lovanii,</span> <span class='ocrx_word' id='word_1_216' title='bbox 517 2222 561 2261; x_wconf 89' lang='lat' dir='ltr'>ll</span> <span class='ocrx_word' id='word_1_217' title='bbox 585 2221 695 2262; x_wconf 92' lang='lat' dir='ltr'>maii</span> <span class='ocrx_word' id='word_1_218' title='bbox 719 2221 816 2261; x_wconf 82' lang='lat'>1551</span> <span class='ocrx_word' id='word_1_219' title='bbox 841 2232 978 2260; x_wconf 88' lang='lat' dir='ltr'>anno.</span> 
     </span>
    </p>

    <p class='ocr_par' dir='ltr' id='par_1_6' title="bbox 199 2290 1834 2406">
     <span class='ocr_line' id='line_1_28' title="bbox 277 2290 1834 2344; baseline -0.001 -10"><span class='ocrx_word' id='word_1_220' title='bbox 277 2292 665 2344; x_wconf 85' lang='lat' dir='ltr'>Subscripserunt</span> <span class='ocrx_word' id='word_1_221' title='bbox 681 2293 740 2333; x_wconf 90' lang='lat' dir='ltr'>D.</span> <span class='ocrx_word' id='word_1_222' title='bbox 761 2304 816 2333; x_wconf 90' lang='lat' dir='ltr'>ac</span> <span class='ocrx_word' id='word_1_223' title='bbox 833 2292 894 2332; x_wconf 91' lang='lat' dir='ltr'>M.</span> <span class='ocrx_word' id='word_1_224' title='bbox 914 2292 968 2332; x_wconf 90' lang='lat' dir='ltr'>N.</span> <span class='ocrx_word' id='word_1_225' title='bbox 987 2290 1176 2331; x_wconf 87' lang='lat' dir='ltr'>Hasselt</span> <span class='ocrx_word' id='word_1_226' title='bbox 1193 2297 1237 2332; x_wconf 93' lang='lat' dir='ltr'>et</span> <span class='ocrx_word' id='word_1_227' title='bbox 1254 2291 1486 2331; x_wconf 88' lang='lat' dir='ltr'>Dominus</span> <span class='ocrx_word' id='word_1_228' title='bbox 1499 2290 1705 2332; x_wconf 86' lang='lat' dir='ltr'>decanus</span> <span class='ocrx_word' id='word_1_229' title='bbox 1718 2291 1834 2332; x_wconf 91' lang='lat' dir='ltr'>Can-</span> 
     </span>
     <span class='ocr_line' id='line_1_29' title="bbox 199 2365 430 2406; baseline -0.009 -1"><span class='ocrx_word' id='word_1_230' title='bbox 199 2365 430 2406; x_wconf 87' lang='lat' dir='ltr'>cellarius.</span> 
     </span>
    </p>
   </div>
   <div class='ocr_carea' id='block_1_4' title="bbox 199 2484 1837 2757">
    <p class='ocr_par' dir='ltr' id='par_1_7' title="bbox 253 2484 806 2518">
     <span class='ocr_line' id='line_1_30' title="bbox 253 2484 806 2518; baseline -0.002 -6"><span class='ocrx_word' id='word_1_231' title='bbox 253 2484 427 2512; x_wconf 85' lang='lat' dir='ltr'>Hactenus</span> <span class='ocrx_word' id='word_1_232' title='bbox 442 2484 608 2518; x_wconf 81' lang='lat' dir='ltr'>Magister</span> <span class='ocrx_word' id='word_1_233' title='bbox 623 2484 806 2511; x_wconf 81' lang='lat' dir='ltr'>Adrianus.</span> 
     </span>
    </p>

    <p class='ocr_par' dir='ltr' id='par_1_8' title="bbox 199 2529 1837 2757">
     <span class='ocr_line' id='line_1_31' title="bbox 253 2529 1837 2565; baseline -0.001 -6"><span class='ocrx_word' id='word_1_234' title='bbox 253 2532 347 2565; x_wconf 85' lang='lat' dir='ltr'>Quod</span> <span class='ocrx_word' id='word_1_235' title='bbox 361 2531 410 2559; x_wconf 90' lang='lat' dir='ltr'>ait</span> <span class='ocrx_word' id='word_1_236' title='bbox 426 2532 573 2559; x_wconf 84' lang='lat' dir='ltr'>facultas</span> <span class='ocrx_word' id='word_1_237' title='bbox 588 2530 782 2565; x_wconf 85' lang='lat' dir='ltr'>theologica</span> <span class='ocrx_word' id='word_1_238' title='bbox 797 2539 831 2558; x_wconf 89' lang='lat' dir='ltr'>se</span> <span class='ocrx_word' id='word_1_239' title='bbox 847 2532 1038 2558; x_wconf 88' lang='lat' dir='ltr'>consultam</span> <span class='ocrx_word' id='word_1_240' title='bbox 1052 2538 1137 2564; x_wconf 86' lang='lat' dir='ltr'>esse,</span> <span class='ocrx_word' id='word_1_241' title='bbox 1153 2538 1275 2558; x_wconf 86' lang='lat' dir='ltr'>verum</span> <span class='ocrx_word' id='word_1_242' title='bbox 1292 2534 1343 2558; x_wconf 86' lang='lat' dir='ltr'>est</span> <span class='ocrx_word' id='word_1_243' title='bbox 1359 2530 1512 2564; x_wconf 85' lang='lat' dir='ltr'>omnino;</span> <span class='ocrx_word' id='word_1_244' title='bbox 1528 2538 1605 2558; x_wconf 88' lang='lat' dir='ltr'>nam</span> <span class='ocrx_word' id='word_1_245' title='bbox 1620 2537 1718 2557; x_wconf 86' lang='lat' dir='ltr'>soror</span> <span class='ocrx_word' id='word_1_246' title='bbox 1729 2529 1837 2563; x_wconf 87' lang='lat' dir='ltr'>Impe-</span> 
     </span>
     <span class='ocr_line' id='line_1_32' title="bbox 199 2577 1834 2614; baseline -0.002 -7"><span class='ocrx_word' id='word_1_247' title='bbox 199 2580 337 2614; x_wconf 83' lang='lat' dir='ltr'>ratoris,</span> <span class='ocrx_word' id='word_1_248' title='bbox 353 2587 438 2614; x_wconf 88' lang='lat' dir='ltr'>quae</span> <span class='ocrx_word' id='word_1_249' title='bbox 453 2580 543 2606; x_wconf 87' lang='lat' dir='ltr'>illius</span> <span class='ocrx_word' id='word_1_250' title='bbox 568 2579 716 2613; x_wconf 85' lang='lat' dir='ltr'>regionis</span> <span class='ocrx_word' id='word_1_251' title='bbox 739 2578 1072 2606; x_wconf 85' lang='lat' dir='ltr'>administrationem</span> <span class='ocrx_word' id='word_1_252' title='bbox 1097 2579 1212 2612; x_wconf 88' lang='lat' dir='ltr'>habet,</span> <span class='ocrx_word' id='word_1_253' title='bbox 1240 2585 1316 2605; x_wconf 87' lang='lat' dir='ltr'>eam</span> <span class='ocrx_word' id='word_1_254' title='bbox 1338 2578 1377 2605; x_wconf 89' lang='lat' dir='ltr'>de</span> <span class='ocrx_word' id='word_1_255' title='bbox 1393 2582 1512 2605; x_wconf 84' lang='lat' dir='ltr'>nostra</span> <span class='ocrx_word' id='word_1_256' title='bbox 1528 2577 1701 2605; x_wconf 79' lang='lat' dir='ltr'>societate</span> <span class='ocrx_word' id='word_1_257' title='bbox 1717 2585 1834 2604; x_wconf 86' lang='lat' dir='ltr'>eonsu-</span> 
     </span>
     <span class='ocr_line' id='line_1_33' title="bbox 200 2623 1835 2661; baseline -0.002 -7"><span class='ocrx_word' id='word_1_258' title='bbox 200 2628 273 2661; x_wconf 84' lang='lat' dir='ltr'>luit‚</span> <span class='ocrx_word' id='word_1_259' title='bbox 290 2632 323 2654; x_wconf 90' lang='lat' dir='ltr'>et</span> <span class='ocrx_word' id='word_1_260' title='bbox 338 2632 416 2655; x_wconf 86' lang='lat' dir='ltr'>tunc</span> <span class='ocrx_word' id='word_1_261' title='bbox 432 2628 534 2654; x_wconf 80' lang='lat' dir='ltr'>valde</span> <span class='ocrx_word' id='word_1_262' title='bbox 550 2625 771 2653; x_wconf 86' lang='lat' dir='ltr'>honorificum</span> <span class='ocrx_word' id='word_1_263' title='bbox 791 2626 831 2653; x_wconf 91' lang='lat' dir='ltr'>de</span> <span class='ocrx_word' id='word_1_264' title='bbox 856 2634 896 2654; x_wconf 86' lang='lat' dir='ltr'>ea</span> <span class='ocrx_word' id='word_1_265' title='bbox 919 2625 1152 2653; x_wconf 86' lang='lat' dir='ltr'>testimonium</span> <span class='ocrx_word' id='word_1_266' title='bbox 1175 2625 1332 2654; x_wconf 88' lang='lat' dir='ltr'>reddidit.</span> <span class='ocrx_word' id='word_1_267' title='bbox 1360 2625 1454 2658; x_wconf 86' lang='lat' dir='ltr'>Quod</span> <span class='ocrx_word' id='word_1_268' title='bbox 1469 2633 1551 2652; x_wconf 88' lang='lat' dir='ltr'>vero</span> <span class='ocrx_word' id='word_1_269' title='bbox 1576 2625 1744 2659; x_wconf 87' lang='lat' dir='ltr'>Reginam</span> <span class='ocrx_word' id='word_1_270' title='bbox 1765 2623 1835 2651; x_wconf 87' lang='lat' dir='ltr'>Ma-</span> 
     </span>
     <span class='ocr_line' id='line_1_34' title="bbox 200 2672 1832 2709; baseline -0.002 -7"><span class='ocrx_word' id='word_1_271' title='bbox 200 2676 303 2709; x_wconf 85' lang='lat' dir='ltr'>riam,</span> <span class='ocrx_word' id='word_1_272' title='bbox 319 2675 488 2702; x_wconf 88' lang='lat' dir='ltr'>inferioris</span> <span class='ocrx_word' id='word_1_273' title='bbox 503 2674 708 2701; x_wconf 80' lang='lat' dir='ltr'>Germaniae</span> <span class='ocrx_word' id='word_1_274' title='bbox 732 2674 1019 2707; x_wconf 85' lang='lat' dir='ltr'>gubernatricem,</span> <span class='ocrx_word' id='word_1_275' title='bbox 1045 2673 1152 2700; x_wconf 88' lang='lat' dir='ltr'>movit</span> <span class='ocrx_word' id='word_1_276' title='bbox 1175 2673 1219 2700; x_wconf 87' lang='lat' dir='ltr'>ad</span> <span class='ocrx_word' id='word_1_277' title='bbox 1244 2673 1497 2707; x_wconf 84' lang='lat' dir='ltr'>consulendum,</span> <span class='ocrx_word' id='word_1_278' title='bbox 1513 2672 1659 2700; x_wconf 85' lang='lat' dir='ltr'>facultas</span> <span class='ocrx_word' id='word_1_279' title='bbox 1680 2672 1832 2706; x_wconf 85' lang='lat' dir='ltr'>erigendi</span> 
     </span>
     <span class='ocr_line' id='line_1_35' title="bbox 201 2720 1063 2757; baseline -0.001 -8"><span class='ocrx_word' id='word_1_280' title='bbox 201 2722 381 2757; x_wconf 88' lang='lat' dir='ltr'>collegium</span> <span class='ocrx_word' id='word_1_281' title='bbox 395 2721 551 2755; x_wconf 88' lang='lat' dir='ltr'>Lovanii,</span> <span class='ocrx_word' id='word_1_282' title='bbox 567 2721 677 2756; x_wconf 86' lang='lat' dir='ltr'>petita</span> <span class='ocrx_word' id='word_1_283' title='bbox 691 2728 711 2748; x_wconf 86' lang='lat' dir='ltr'>a</span> <span class='ocrx_word' id='word_1_284' title='bbox 726 2721 936 2755; x_wconf 83' lang='lat' dir='ltr'>quibusdam,</span> <span class='ocrx_word' id='word_1_285' title='bbox 953 2720 1015 2748; x_wconf 86' lang='lat' dir='ltr'>fuit</span> <span class='ocrx_word' id='word_1_286' title='bbox 1038 2720 1063 2747; x_wconf 72' lang='lat'>4.</span> 
     </span>
    </p>
   </div>
   <div class='ocr_carea' id='block_1_5' title="bbox 256 2876 1713 3046">
    <p class='ocr_par' dir='ltr' id='par_1_9' title="bbox 261 2876 670 2911">
     <span class='ocr_line' id='line_1_36' title="bbox 261 2876 670 2911; baseline 0 -8"><span class='ocrx_word' id='word_1_287' title='bbox 261 2877 270 2896; x_wconf 89' lang='lat'>¹</span> <span class='ocrx_word' id='word_1_288' title='bbox 312 2876 465 2904; x_wconf 85' lang='lat' dir='ltr'>Salutem</span> <span class='ocrx_word' id='word_1_289' title='bbox 479 2877 670 2911; x_wconf 81' lang='lat' dir='ltr'>plurimam.</span> 
     </span>
    </p>

    <p class='ocr_par' dir='ltr' id='par_1_10' title="bbox 256 2922 1713 3005">
     <span class='ocr_line' id='line_1_37' title="bbox 256 2922 1713 2958; baseline -0.001 -8"><span class='ocrx_word' id='word_1_290' title='bbox 256 2925 270 2943; x_wconf 71' lang='lat'>“2</span> <span class='ocrx_word' id='word_1_291' title='bbox 309 2923 394 2950; x_wconf 77' lang='lat' dir='ltr'>Hinc</span> <span class='ocrx_word' id='word_1_292' title='bbox 410 2924 570 2958; x_wconf 81' lang='lat' dir='ltr'>conjicies</span> <span class='ocrx_word' id='word_1_293' title='bbox 584 2924 671 2951; x_wconf 87' lang='lat' dir='ltr'>hunc</span> <span class='ocrx_word' id='word_1_294' title='bbox 690 2924 953 2951; x_wconf 87' lang='lat' dir='ltr'>baccalaureum</span> <span class='ocrx_word' id='word_1_295' title='bbox 969 2923 1102 2951; x_wconf 83' lang='lat' dir='ltr'>Ordinis</span> <span class='ocrx_word' id='word_1_296' title='bbox 1117 2923 1399 2950; x_wconf 84' lang='lat' dir='ltr'>Praedicatorum</span> <span class='ocrx_word' id='word_1_297' title='bbox 1414 2923 1586 2950; x_wconf 87' lang='lat' dir='ltr'>alumnum</span> <span class='ocrx_word' id='word_1_298' title='bbox 1600 2922 1713 2950; x_wconf 85' lang='lat' dir='ltr'>fuisse.</span> 
     </span>
     <span class='ocr_line' id='line_1_38' title="bbox 257 2970 1576 3005; baseline 0 -7"><span class='ocrx_word' id='word_1_299' title='bbox 257 2971 270 2988; x_wconf 72' lang='lat'>⁷·</span> <span class='ocrx_word' id='word_1_300' title='bbox 309 2971 444 2998; x_wconf 86' lang='lat' dir='ltr'>Attrita</span> <span class='ocrx_word' id='word_1_301' title='bbox 459 2971 601 2998; x_wconf 87' lang='lat' dir='ltr'>chartae</span> <span class='ocrx_word' id='word_1_302' title='bbox 617 2978 690 3005; x_wconf 87' lang='lat' dir='ltr'>ora,</span> <span class='ocrx_word' id='word_1_303' title='bbox 704 2970 824 2998; x_wconf 88' lang='lat' dir='ltr'>desunt</span> <span class='ocrx_word' id='word_1_304' title='bbox 839 2971 906 2998; x_wconf 85' lang='lat' dir='ltr'>tria</span> <span class='ocrx_word' id='word_1_305' title='bbox 921 2974 980 2998; x_wconf 88' lang='lat' dir='ltr'>aut</span> <span class='ocrx_word' id='word_1_306' title='bbox 996 2970 1038 2998; x_wconf 86' lang='lat' dir='ltr'>ad</span> <span class='ocrx_word' id='word_1_307' title='bbox 1053 2978 1219 2998; x_wconf 88' lang='lat' dir='ltr'>summum</span> <span class='ocrx_word' id='word_1_308' title='bbox 1234 2974 1381 3004; x_wconf 87' lang='lat' dir='ltr'>quatuor</span> <span class='ocrx_word' id='word_1_309' title='bbox 1397 2971 1576 2998; x_wconf 88' lang='lat' dir='ltr'>vocabula.</span> 
     </span>
    </p>

    <p class='ocr_par' dir='ltr' id='par_1_11' title="bbox 258 3018 595 3046">
     <span class='ocr_line' id='line_1_39' title="bbox 258 3018 595 3046; baseline 0.006 -2"><span class='ocrx_word' id='word_1_310' title='bbox 258 3019 271 3038; x_wconf 70' lang='lat'>4</span> <span class='ocrx_word' id='word_1_311' title='bbox 310 3018 402 3045; x_wconf 82' lang='lat' dir='ltr'>Haec</span> <span class='ocrx_word' id='word_1_312' title='bbox 419 3018 595 3046; x_wconf 66' lang='lat' dir='ltr'>Polancus.</span> 
     </span>
    </p>
   </div>
  </div>
 </body>
</html>
