2074 3179
210 196 280 231 556
735 194 962 232 LITTERAE
988 206 1347 239 QUADRIMESTRES

291 291 450 342 Itaque
472 290 716 342 Dominus,
742 291 820 342 qui
837 291 954 331 haec
972 292 1031 332 ad
1047 292 1296 332 utilitatem
1315 299 1526 334 nostram
1546 294 1842 345 permiserat,

210 375 281 413 ea,
306 373 412 402 curn
434 362 587 403 visum
608 368 677 402 est
698 361 796 412 ejus
818 362 1158 413 providentiae,
1179 364 1497 414 extinguenda
1518 365 1719 405 curavit.
1743 365 1849 416 Ipse

211 445 298 485 pro
319 444 403 474 sua
426 433 604 473 infinita
632 433 880 473 clementia
902 432 947 473 id
974 434 1239 485 permittat,
1269 434 1394 485 quod
1422 440 1466 475 et
1498 436 1744 476 animabus
1770 447 1848 475 no-

211 504 321 544 stris
334 504 503 545 viderit
516 503 826 556 profuturum,
842 516 1046 555 suaeque
1062 506 1242 556 gloriae
1255 517 1349 545 non
1364 505 1686 557 inconsonum,
1709 513 1851 558 atque

208 575 561 615 similitudinem
601 574 812 615 crucifixi
850 576 1085 627 tantisque
1121 576 1416 616 contumeliis
1452 576 1609 618 affecti
1642 578 1851 618 omnium

211 646 432 687 cordibus
453 646 630 697 infigat.

292 717 435 758 Aliud
456 718 754 759 scribendum
775 730 868 759 non
890 718 1109 769 occurrit,
1134 719 1225 759 nisi
1246 724 1290 758 et
1317 718 1429 759 illud
1459 719 1645 770 addam,
1675 719 1850 760 fratres

210 800 318 829 cum
339 789 589 840 plurimum
610 789 862 830 humilitati
885 789 1106 840 tribuant,
1130 789 1172 829 ei
1195 800 1378 841 quoque
1399 790 1626 840 peculiari
1647 790 1852 842 quodam

211 860 348 900 modo
370 860 572 911 studere,
598 871 653 900 ac
675 872 732 901 ne
759 860 1020 900 litterarum
1042 860 1247 900 studium
1275 860 1483 900 animum
1505 861 1670 912 elevet,
1702 861 1750 901 in
1771 862 1850 901 hu-

212 931 397 970 milibus
417 931 570 982 ipsum
591 942 813 971 exercere
834 937 1087 982 conantur3
1108 931 1356 983 Patrisque
1377 932 1610 983 permissu
1640 943 1852 972 nonnun-

211 1014 368 1053 quam,
392 1013 499 1042 cum
520 1013 643 1053 aqua
659 1001 805 1053 deest,
825 1003 914 1054 ipsi
933 1003 1132 1053 fontem,
1152 1003 1230 1054 qui
1248 1003 1295 1042 in
1310 1004 1466 1055 platea
1483 1003 1742 1044 collocatus
1759 1010 1847 1054 est,

211 1078 386 1123 petunt,
426 1084 688 1125 aquamque
724 1074 821 1114 suis
856 1075 1065 1114 humeris
1096 1073 1398 1126 adsportant;
1435 1086 1527 1126 qua
1554 1075 1603 1115 in
1632 1086 1682 1115 re
1709 1075 1853 1115 Pater

211 1143 437 1184 Melchior
459 1144 684 1185 Carneiro
706 1147 781 1185 vel
802 1147 981 1197 primus
1003 1152 1087 1197 est,
1110 1152 1161 1187 ut
1183 1146 1508 1197 humilitatem,
1532 1157 1673 1198 quam
1694 1145 1851 1186 subdi-

209 1221 285 1255 tus
320 1215 620 1267 acquisierat,
658 1216 831 1257 Rector
860 1229 953 1257 non
982 1218 1181 1258 amittat.
1214 1217 1444 1258 Dominus
1480 1216 1613 1257 nobis
1643 1216 1852 1268 gratiam

210 1287 456 1338 largiatur,
488 1298 579 1339 quo
608 1287 666 1328 ab
697 1288 799 1339 ipso
830 1288 1011 1329 discere
1032 1290 1290 1339 valeamus,
1315 1288 1393 1341 qui
1410 1288 1536 1329 mitis
1557 1294 1626 1328 est
1643 1293 1688 1328 et
1705 1288 1849 1328 humi-

210 1358 266 1398 lis
288 1358 454 1409 corde3
479 1352 609 1411 quod
624 1366 672 1400 ut
692 1359 879 1400 facilius
901 1360 1211 1411 obtineamus,
1242 1359 1542 1400 Paternitatis
1564 1358 1693 1399 Tuae
1713 1359 1849 1398 bene-

210 1430 465 1471 dictionem
485 1431 722 1472 humiliter
739 1432 1051 1484 deposcimus.

293 1501 514 1543 Calendis
535 1502 706 1555 Martii,
735 1504 874 1544 15520
896 1516 1034 1544 anno.

292 1573 470 1614 Inutilis
492 1586 680 1624 servus,

1098 1716 1378 1757 ALPHONSUS
1399 1716 1636 1756 BARRETO.
