2074 3179
860 157 943 193 Ax.
975 155 1066 194 1550
1712 159 1782 196 2⁴23

863 608 1059 661 LXVI

217 814 267 851 Ρ.
287 815 527 862 Dionysius
547 817 754 865 Vazquez

266 880 387 918 Patri
405 881 573 929 Ignatio
593 883 646 920 de
667 883 850 930 Loyola.

314 945 561 995 Compluto‚
584 959 735 986 mense
754 948 1015 996 Septembri,
1039 948 1129 986 1550
1151 949 1172 985 ¹.

224 1101 456 1153 Pei-quam
476 1103 753 1144 Reverendo
778 1103 904 1145 Patri
925 1104 1245 1156 Magistroque
1268 1104 1314 1144 in
1337 1086 1539 1144 Domino
1566 1105 1677 1158 Jesu
1703 1105 1777 1144 ob-

143 1173 514 1225 servantissime),
538 1174 719 1225 Ignatio
742 1188 769 1215 a
790 1175 984 1227 Loyola,
1010 1177 1206 1215 salutem
1227 1175 1274 1215 in
1296 1175 1458 1215 eodem
1475 1176 1692 1216 Domino.

222 1242 475 1295 Postquam
496 1244 661 1285 Petrus
682 1245 915 1286 Antonius
936 1246 1092 1286 Araoz
1119 1245 1132 1264 2
1161 1246 1268 1286 hinc
1296 1246 1520 1297 excessit,
1545 1247 1623 1298 qui
1650 1258 1777 1286 men-

141 1325 217 1354 ses
237 1322 344 1355 sunt
365 1322 580 1367 quatuor,
605 1317 762 1357 omnia
779 1316 985 1369 (Superis
1001 1317 1171 1368 gratia)
1190 1329 1248 1357 ex
1265 1318 1406 1358 animi
1425 1318 1573 1358 nostri
1589 1324 1769 1358 senten-

140 1385 206 1425 tia
240 1393 494 1426 cesserunt.
520 1387 779 1428 Maximum
806 1394 876 1428 est
898 1394 1071 1440 quanta
1099 1389 1326 1428 virtutum
1348 1389 1599 1428 seminaria
1627 1389 1772 1429 homi-

139 1468 251 1497 num
273 1463 543 1498 nostrorum
559 1458 687 1499 Deus
700 1458 913 1511 Optimus
931 1459 1162 1500 Maximus
1180 1460 1449 1511 ingenerari
1466 1461 1667 1500 voluerit
1685 1472 1771 1512 ope

139 1527 336 1568 Antonii
357 1528 514 1569 Araoz
536 1536 580 1569 et
600 1530 637 1570 F
640 1530 842 1570 rancisci
864 1529 1076 1581 Stradae,
1102 1543 1301 1582 quorum
1321 1532 1439 1571 alter
1459 1531 1656 1582 privatis
1681 1532 1771 1571 col-

140 1599 309 1651 loquiis
330 1606 375 1640 et
394 1601 685 1641 sermonibus
713 1601 1041 1652 familiaribus,
1075 1603 1190 1642 alter
1218 1602 1415 1654 publicis
1444 1603 1765 1653 concionibus,

136 1676 332 1722 uterque
353 1671 554 1712 assiduis
576 1673 944 1713 confessionibus
961 1678 1005 1713 et
1021 1673 1149 1713 Vitae
1166 1674 1380 1726 exemplo
1397 1674 1610 1714 mirabile
1628 1685 1770 1726 quan-

137 1747 235 1782 tum
257 1742 556 1793 profecerint.
580 1742 656 1784 Sic
673 1743 931 1784 Doctorum
948 1744 1118 1785 fastum
1134 1743 1415 1797 dejecerunt,
1434 1745 1770 1796 Magistrorum

137 1812 297 1853 titulos
324 1821 702 1865 commoverunt,
737 1815 1126 1855 scholasticorum
1154 1816 1314 1856 turbas
1341 1816 1668 1866 immutarunt,
1695 1828 1772 1868 po-

136 1883 233 1934 puli
254 1883 447 1924 affectus
469 1885 693 1925 sedarunt
711 1918 718 1936 ,
749 1892 798 1926 ut
825 1886 973 1926 veteri
1002 1887 1359 1938 gymnasiorum
1381 1887 1619 1938 splendori
1640 1886 1772 1927 Com-

136 1955 317 2006 plutum
336 1955 570 1996 redditum
590 1957 844 1997 videretur.
868 1957 1031 2009 Coepit
1058 1957 1307 1998 Societatis
1337 1964 1381 1998 et
1410 1958 1594 2009 collegii
1620 1958 1769 1998 nostri

137 2037 325 2077 nomen,
350 2026 458 2067 licet
482 2033 621 2067 antea
642 2039 735 2068 non
757 2034 857 2068 erat
879 2028 1144 2078 obscurum,
1168 2040 1292 2068 novo
1319 2028 1503 2079 fulgore
1530 2029 1768 2078 illustrari3

136 2096 259 2136 unde
280 2098 384 2148 plus
406 2098 542 2138 solito
565 2098 693 2138 hisce
709 2099 944 2139 mensibus
961 2098 1297 2150 frequentatur,
1318 2104 1415 2139 tum
1431 2099 1487 2138 ab
1506 2099 1561 2138 iis
1577 2099 1670 2151 qui,
1692 2099 1773 2139 do—

136 2167 337 2208 minicae
352 2180 543 2208 mensae
559 2169 812 2220 accessuri,
834 2169 1140 2210 confessionis
1153 2175 1448 2210 sacramento
1463 2169 1680 2210 mundari
1696 2170 1769 2211 de-

134 2237 358 2289 siderant,
382 2246 479 2279 tum
498 2240 748 2292 praecipue
769 2253 796 2281 a
811 2240 1019 2292 pluribus
1040 2241 1189 2281 bonae
1210 2241 1359 2292 frugis
1381 2247 1424 2281 et
1445 2247 1682 2293 spectatae
1703 2241 1767 2281 in-

137 2308 256 2349 dolis
277 2310 676 2362 adolescentibus,
700 2317 749 2351 ut
770 2311 885 2352 Viris
907 2317 1059 2352 aetate
1086 2318 1130 2352 et
1159 2312 1374 2352 doctrina
1399 2312 1659 2364 provectis,
1691 2313 1770 2364 qui

136 2381 287 2420 nostri
306 2381 490 2432 collegii
524 2382 881 2422 contubernales
907 2382 1007 2423 fieri
1033 2383 1286 2434 postulant.
1315 2382 1402 2424 Sec
1432 2384 1614 2423 illorum
1642 2383 1768 2423 dum-

136 2457 269 2492 taxat
290 2452 454 2492 electio
475 2452 601 2493 facta
622 2458 705 2503 est,
730 2453 807 2505 qui
829 2453 980 2504 magis
1009 2465 1032 2493 e
1063 2454 1347 2495 christianae
1373 2454 1561 2506 pietatis
1592 2467 1642 2495 re
1669 2454 1769 2495 fore

136 2522 228 2562 visi
248 2528 370 2563 sunt.

216 2593 321 2645 Est,
347 2600 397 2634 ut
422 2606 560 2635 nosse
596 2600 641 2635 te
669 2595 894 2646 arbitror,
933 2595 1167 2647 Compluti
1202 2595 1484 2647 Collegium,
1523 2597 1601 2637 ubi
1630 2597 1770 2638 trium

136 2664 404 2716 linguarum
444 2667 594 2706 cultus
633 2665 822 2706 nitidior
864 2666 996 2707 reddi
1035 2668 1293 2708 consuevit.
1335 2667 1439 2708 Huc
1476 2679 1535 2708 ex
1571 2667 1772 2708 diversis

135 2735 393 2788 Hispaniae
422 2737 681 2788 provinciis
715 2737 894 2789 aliquot
928 2744 1250 2779 convenerunt
1285 2738 1341 2779 de
1381 2750 1532 2790 more,
1570 2738 1769 2791 juvenes

189 2872 200 2892 ¹
240 2872 506 2907 Transumptum
521 2881 540 2900 a
555 2873 590 2901 P.
606 2872 781 2901 Bernardo
797 2872 946 2901 oliverio
962 2873 1153 2901 confectum
1165 2874 1197 2901 in
1212 2873 1303 2907 folio,
1318 2874 1371 2902 cui
1383 2881 1541 2902 numerus
1553 2873 1633 2902 olim
1645 2875 1708 2902 fuit
1720 2875 1764 2908 59,

139 2927 225 2947 nunc
241 2923 357 2948 autem
372 2921 414 2948 19.

189 2968 204 2986 ‘2
240 2967 330 2996 Loco
342 2968 435 2996 vocis
447 2969 577 2996 Petrus
587 2967 799 3002 suspicamur
810 2968 843 2996 in
856 2967 1071 3002 autographo
1084 2968 1240 3003 Dionysii
1252 2968 1411 3004 Vazquez
1425 2969 1526 2996 fuisse
1540 2969 1638 2997 hanc:
1652 2969 1769 2997 Pater.
