2074 3179
873 93 913 129 A
920 103 956 129 N.
988 92 1078 128 1547
1738 92 1787 128 33

925 553 1013 607 VI

222 790 268 826 P.
289 790 492 827 Andreas
512 789 711 826 Frusius.

268 855 389 892 Patri
408 854 577 901 Ignatio
597 853 649 891 de
670 853 853 899 Loyola.

315 919 554 960 Florentia.
578 919 620 955 16
636 918 802 965 Aprilis
824 918 914 955 1547
935 919 959 953 ¹.

914 1131 1021 1220 „uiis

229 1391 297 1431 La
319 1390 474 1440 gratia
497 1395 541 1429 et
558 1401 675 1440 pace
698 1389 743 1428 di
764 1388 950 1429 Christo
971 1387 1025 1428 N.
1057 1387 1255 1438 signore
1283 1399 1466 1438 sempre
1497 1389 1539 1429 ci
1567 1390 1781 1432 consorti.

153 1461 322 1502 Amen.

232 1531 348 1573 Rdo.
377 1532 426 1572 P.
457 1532 549 1571 mio
571 1533 645 1572 nel
671 1531 863 1582 Signor:
897 1530 1075 1571 Perche
1107 1531 1245 1571 credo
1274 1531 1358 1571 che
1387 1542 1469 1582 per
1495 1532 1655 1571 lettere
1677 1533 1782 1584 mie,

151 1605 210 1645 da
237 1604 326 1644 due
356 1604 604 1644 settimane
636 1603 793 1643 inanzi
819 1603 863 1642 la
890 1608 1128 1654 presente,
1158 1606 1267 1642 sara
1292 1603 1337 1642 la
1367 1602 1420 1642 R.
1450 1602 1510 1643 V.
1534 1602 1784 1643 informata

152 1686 283 1715 come
303 1675 335 1715 il
354 1674 527 1726 Signor
548 1674 698 1726 Duca,
718 1685 858 1714 senza
879 1674 1013 1713 voler
1035 1674 1156 1713 altra
1178 1674 1517 1725 approbatione
1539 1674 1655 1714 delle
1677 1685 1785 1714 cose

151 1746 273 1786 della
293 1745 607 1798 Compagnia‚
632 1756 853 1785 concesse
882 1756 971 1784 con
1002 1744 1150 1784 brievi
1178 1750 1222 1784 et
1247 1744 1492 1796 rispettate
1518 1746 1678 1796 parole
1700 1745 1785 1785 che

153 1818 419 1858 Gierolamo
441 1816 454 1834 2
476 1822 520 1856 et
542 1817 585 1856 io
614 1816 655 1856 ci
677 1816 1048 1856 essercitassimo
1077 1815 1125 1855 in
1151 1827 1291 1867 opere
1319 1816 1408 1867 pie.
1433 1815 1467 1855 Il
1490 1815 1575 1856 che
1596 1816 1782 1856 habbia—

151 1900 227 1929 mo
248 1894 500 1940 procurato
521 1887 567 1927 di
587 1886 686 1926 fare
708 1898 791 1938 per
811 1892 928 1927 tutte
950 1888 992 1926 16
1020 1887 1116 1938 vie,
1149 1886 1234 1927 che
1263 1887 1305 1926 ci
1332 1899 1447 1927 sono
1475 1899 1613 1938 parse
1639 1888 1784 1938 possi-

152 1959 232 1999 bili
258 1966 303 1999 et
331 1959 648 2009 convenienti,
678 1957 857 1997 usando
888 1958 919 1998 il
949 1958 1190 2009 conseglio
1213 1958 1259 1998 di
1287 1964 1450 2009 questo
1478 1964 1639 1998 nostro
1660 1958 1785 1998 buon

152 2031 334 2081 hospite
356 2029 369 2047 ⁵
391 2036 434 2070 et
456 2030 498 2069 d'
522 2041 585 2070 1111
606 2031 725 2069 altro
747 2029 936 2080 giovine
957 2029 1017 2069 da
1038 2029 1154 2069 bene
1175 2028 1204 2080 ⁴,
1230 2029 1315 2069 che
1336 2028 1461 2079 Mag.
1485 2029 1689 2069 Polanco
1711 2041 1783 2069 co—

152 2113 309 2152 nosce,
332 2102 504 2153 perche
524 2101 587 2141 fin
602 2103 789 2152 quinon
809 2100 1060 2141 habbiamo
1080 2106 1269 2141 trovato
1291 2112 1494 2140 1165511110
1516 2101 1601 2140 6116
1622 2101 1786 2140 11105111

154 2172 285 2213 darei
297 2172 460 2212 favore
477 2178 521 2212 et
538 2172 844 2212 introduttion
862 2172 1120 2212 solamente
1137 2184 1164 2211 a
1179 2171 1298 2211 sarci
1314 2171 1565 2211 essercitar
1580 2171 1784 2211 secondo

153 2245 199 2284 la
228 2243 556 2284 commissione
583 2249 626 2283 et
652 2243 910 2283 intentione
940 2248 1127 2293 nostra3
1155 2249 1200 2283 et
1226 2243 1357 2283 accio
1380 2243 1480 2293 che,
1514 2253 1596 2294 per
1617 2249 1786 2294 troppo

154 2314 391 2365 ingerirci,
413 2326 508 2354 non
527 2314 937 2365 importunassimo
960 2315 1144 2364 alcuno,
1167 2314 1368 2354 havemo
1390 2313 1506 2353 fatto
1527 2324 1786 2365 procurare

110 2385 115 2389 ”
154 2396 236 2436 per
264 2385 296 2425 il
322 2385 449 2425 detto
476 2384 666 2435 giovine
693 2385 778 2425 che
807 2385 1064 2437 potessimo
1092 2384 1192 2424 fare
1222 2383 1527 2425 eshortationi
1556 2385 1602 2424 in
1630 2385 1785 2424 alcuni

155 2456 427 2497 monasterii
461 2456 507 2496 (11
542 2455 707 2496 donne.
745 2456 822 2496 Ma
856 2456 1029 2508 perche
1064 2467 1179 2496 sono
1207 2455 1380 2496 difficili
1408 2456 1468 2496 da
1496 2462 1782 2503 contentare,

155 2527 352 2567 essendo
379 2527 620 2578 ingeniose
643 2527 758 2577 (non
777 2527 936 2577 voglio
959 2527 1060 2567 dire
1081 2527 1302 2576 curiose),
1326 2527 1404 2577 gia
1427 2527 1469 2566 ci
1491 2531 1516 2567 'e
1536 2533 1659 2567 stato
1677 2527 1787 2567 dato

211 2711 220 2729 ¹
260 2710 348 2737 Tota
362 2711 588 2745 autographa,
603 2718 703 2738 manu
719 2711 823 2745 ipsius
838 2710 952 2737 Patris
968 2710 1129 2737 Andreae
1145 2710 1184 2737 de
1197 2710 1326 2743 Frusis,
1345 2711 1375 2737 in
1393 2711 1446 2738 sol.
1464 2719 1495 2738 n.
1510 2710 1572 2738 307.

210 2757 223 2776 2
261 2756 488 2792 Hieronymus
503 2758 660 2791 Ottellus,
677 2758 820 2785 nondum
833 2757 1004 2784 sacerdos.

209 2804 223 2823 3
260 2803 407 2837 Joannes
422 2805 462 2832 de
478 2804 603 2839 Rossis,
620 2805 780 2832 medicus.

210 2853 224 2872 ⁴
263 2852 294 2879 Is
309 2852 446 2880 videtur
460 2860 534 2880 esse
549 2853 696 2886 Joannes
711 2853 896 2887 Nicolozzi,
918 2854 957 2880 de
980 2861 1045 2887 quo
1067 2853 1218 2885 saepius.
1240 2857 1275 2879 ut
1298 2852 1436 2880 Polanci
1459 2853 1597 2886 speciali
1620 2854 1739 2885 amico,
1757 2853 1791 2880 in

158 2899 211 2927 his
227 2903 259 2927 et
275 2899 400 2933 Ignatii
414 2901 540 2928 litteris
556 2900 590 2927 fit
606 2901 734 2927 mentio

349 2959 397 2994 T.
421 2972 446 2994 1.

1674 2970 1692 3004 3
