2074 3179
303 160 374 198 630
816 161 1044 199 LITTERAE
1073 173 1430 205 QUADRIMESTRES

302 257 497 297 arbitrio
518 264 679 298 nostro
703 258 887 298 offerret
909 259 969 298 ad
992 259 1148 299 omnia
1168 261 1533 311 paratissimum,
1548 261 1792 314 jussitque,
1813 269 1939 303 ante·

302 340 443 379 quam
464 329 700 369 adiremus
725 328 749 381 ',
774 336 822 370 ut
844 330 908 370 illi
930 329 1245 371 indicaremus
1268 332 1306 371 si
1327 332 1437 383 quid
1458 332 1592 373 nobis
1614 333 1809 374 deesset.

381 400 512 440 Haec
534 407 641 441 sunt
662 401 882 452 breviter,
914 401 1023 442 R.de
1046 402 1092 442 in
1127 401 1314 450 Christo
1342 402 1415 454 P.,
1444 415 1562 455 quae
1589 404 1819 445 Dominus
1849 406 1937 446 hoe

302 471 632 523 quadrimestri
656 472 703 512 in
732 484 855 513 novo
884 473 972 513 hoe
999 473 1207 524 Collegio
1242 486 1325 526 per
1359 474 1546 515 inutiles
1580 477 1793 516 servulos
1827 488 1938 517 suos

301 544 487 595 operari
507 543 727 595 dignatus
747 550 830 584 est.
855 543 1100 596 Reliquum
1128 551 1217 596 est,
1248 552 1296 586 ut
1322 545 1380 586 V.
1411 546 1461 586 Ρ.
1492 559 1579 587 nos
1607 559 1769 587 omnes
1798 559 1937 599 quam

300 615 551 666 plurimum
578 615 626 655 in
653 615 964 656 sanctissimis
991 617 1210 667 precibus
1237 623 1281 657 et
1309 617 1553 658 sacrificiis
1582 618 1936 659 commendatos

301 686 470 726 habeat
504 687 707 726 maxime
742 692 805 737 ut,
844 687 882 727 si
917 687 1026 739 quid
1060 687 1257 728 feliciter
1293 689 1510 740 aggressi
1544 701 1719 740 sumus,
1757 690 1938 730 felicius

299 757 455 807 etiam,
480 757 640 798 divina
661 758 817 808 gratia
839 756 1000 809 adjuti,
1025 759 1193 811 exequi
1215 769 1453 811 queamus;
1480 759 1603 812 quod
1624 766 1673 801 ut
1696 761 1937 812 succedat,

300 829 507 868 omnium
529 828 814 880 optimorum
833 828 1027 869 Patrum
1056 841 1110 869 ac
1140 829 1381 880 Fratrum,
1405 831 1494 871 hoe
1521 837 1730 883 tempore
1759 832 1938 873 Romae

300 899 554 950 agentium,
579 899 842 940 orationum
863 899 1140 951 suffragium
1162 913 1300 953 quam
1320 913 1569 953 possumus
1596 902 1936 943 ardentissimis

303 970 423 1010 votis
443 970 763 1022 imploramus.

380 1042 503 1082 Bene
525 1043 683 1082 valeat
703 1041 762 1082 V.
787 1041 836 1082 Ρ.

378 1113 598 1165 Neapoli,
621 1114 647 1153 5
667 1113 778 1154 Maii
804 1114 918 1154 1552.
1228 1158 1232 1162 ,

378 1185 449 1224 Ex
467 1184 600 1236 jussu
621 1184 713 1225 R.di
735 1184 888 1225 Patris
908 1185 1124 1236 Magistri
1145 1186 1400 1226 Bobadilla.

379 1255 603 1307 Indignus
623 1256 745 1296 filius
766 1263 874 1296 tuus
896 1268 951 1296 ae
973 1257 1204 1297 servulus.

1172 1420 1452 1459 THEODORUS
1475 1418 1739 1459 FELTANus.

377 1614 488 1654 Alsa
509 1625 652 1654 mam!
675 1615 723 1654 ln
745 1619 919 1665 quarta
934 1616 1142 1666 pagina:
1163 1615 1233 1655 Ex
1255 1615 1463 1666 Neapoli.

352 1762 361 1782 ¹
405 1764 469 1796 δια
486 1763 604 1790 melius
621 1763 706 1790 forte
724 1764 908 1790 ahiremus
921 1786 926 1793 ,
941 1764 1003 1791 hoc
1019 1767 1069 1790 est
1085 1766 1275 1796 antequam
1294 1764 1335 1790 ab
1358 1772 1394 1790 co
1411 1764 1667 1791 recederemus.
