2074 3179
821 168 903 206 Ax.
935 169 1025 206 1550
1669 169 1740 207 217

110 264 287 304 familia
309 265 502 304 multum
523 264 570 303 in
591 263 792 304 Domino
813 266 1054 305 consolata
1074 264 1172 305 fuit.
1196 264 1333 305 Pater
1359 276 1472 306 vero
1501 266 1739 307 Adrianus

112 335 259 375 altero
281 335 355 375 die
377 334 606 375 discessit.

192 405 368 445 Eodem
389 405 485 445 fere
506 412 732 458 tempore,
756 419 861 447 cum
892 407 1030 447 amici
1055 406 1209 447 Patris
1238 406 1436 446 Adriani
1462 412 1507 446 et
1537 407 1615 447 alii
1645 408 1739 458 qui-

113 476 221 516 dam
242 477 436 516 multum
457 486 611 517 essent
632 478 806 518 turbati
828 484 872 518 et
893 477 1184 518 deaedificati
1205 488 1259 517 eo
1281 477 1404 528 quod
1425 476 1576 517 dictus
1602 477 1740 518 Pater

111 547 266 587 omnia
287 547 601 589 haereditaria
622 549 743 589 bona
761 555 950 601 cuperet
970 549 1058 589 sibi
1074 548 1175 588 dari
1191 554 1235 588 et
1251 548 1515 599 expendere
1532 548 1579 588 in
1595 548 1739 588 subsi-

112 617 238 657 dium
260 618 542 659 studentium
564 619 610 659 in
631 618 885 670 Societate,
909 620 1123 660 timentes
1143 620 1385 670 nimirum,
1409 625 1458 659 ut
1474 619 1741 671 frequenter

111 690 170 728 ab
192 689 295 729 aliis
316 690 384 739 fit,
408 690 536 741 lites,
560 692 798 731 molestias
819 697 957 743 atque
978 692 1277 731 alterationes
1299 702 1406 731 cras
1427 696 1506 730 aut
1523 690 1742 742 perendie

112 772 248 811 posse
271 767 435 801 contra
458 773 539 801 eos
561 762 772 807 excitari.
798 763 882 802 ivit
903 761 1040 803 Pater
1056 762 1309 813 Adrianus,
1331 762 1390 802 ob
1406 761 1742 813 profectionem

114 830 441 872 Hollandicam
462 833 717 883 transiens,
740 833 942 885 patriam
962 845 1114 884 suam,
1139 839 1184 873 et
1204 833 1325 873 hanc
1346 832 1658 873 turbationem
1678 833 1741 872 in-

110 902 339 953 telligens,
357 903 491 943 fratri
507 903 747 955 respondit
763 916 812 944 se
828 916 922 944 non
939 904 1056 944 tanti
1073 904 1320 944 aestimare
1341 904 1497 944 omnia
1513 904 1637 944 bona
1653 903 1741 944 ista

111 974 412 1024 temporalia,
436 980 485 1014 ut
506 980 753 1025 propterea
774 975 887 1014 velit
913 975 1016 1015 lites
1042 986 1254 1026 movere;
1285 975 1366 1015 sed
1391 975 1438 1015 id
1464 974 1588 1026 quod
1614 974 1740 1026 petii,

111 1044 220 1095 quia
242 1056 327 1084 vos
345 1045 446 1096 pios
467 1051 510 1085 et
534 1045 901 1086 conscientiosos
922 1046 1041 1097 scio,
1064 1052 1171 1098 peto
1196 1047 1242 1086 in
1263 1046 1560 1098 simplicitate
1588 1044 1743 1085 cordis

115 1122 305 1167 propter
325 1115 498 1166 Deum,
522 1116 629 1167 quia
650 1122 786 1167 urget
816 1128 888 1156 me
916 1117 1223 1167 conscientia;
1253 1117 1482 1169 reliquum
1503 1116 1743 1156 committo

114 1185 217 1226 Deo
239 1193 283 1226 et
303 1187 453 1227 vobis
477 1187 597 1228 Nam
616 1186 762 1227 tribus
785 1188 840 1227 de
862 1188 1017 1228 causis
1038 1189 1289 1239 praecipue
1310 1189 1426 1228 haec
1443 1194 1570 1239 peto;
1593 1188 1744 1239 primo

114 1266 163 1297 ut
186 1270 240 1297 eo
268 1258 402 1297 citius
429 1258 604 1309 possim
635 1258 691 1297 ab
720 1258 820 1298 istis
847 1259 1181 1310 temporalibus
1216 1259 1398 1299 absolvi
1424 1265 1468 1299 et
1498 1259 1546 1298 in
1578 1264 1745 1298 sancta

112 1334 387 1379 paupertate
407 1329 569 1368 vivere
591 1340 646 1368 ac
668 1329 805 1379 mori;
829 1328 892 1368 20
914 1335 963 1369 ut
979 1329 1057 1379 illi,
1077 1341 1274 1381 quorum
1294 1341 1414 1370 unus
1432 1335 1524 1369 stat
1545 1341 1629 1381 pro
1650 1329 1745 1369 mil-

114 1399 232 1439 libus
261 1399 308 1439 in
334 1399 547 1439 Ecclesia
574 1398 684 1450 Dei,
714 1399 819 1440 inde
850 1405 1188 1449 sustententur;
1223 1400 1288 1440 3.⁰
1317 1406 1366 1440 ut
1401 1400 1559 1451 amici,
1598 1405 1746 1440 tanto-

114 1481 217 1510 rum
246 1471 496 1521 bonorum‚
534 1482 652 1521 quae
679 1481 762 1521 per
790 1470 917 1522 ipsos
945 1470 1127 1520 fierent,
1166 1477 1320 1510 essent
1355 1470 1624 1522 participes.
1662 1471 1748 1511 His

114 1541 319 1581 omnium
358 1542 452 1581 oris
491 1542 558 1581 sic
598 1542 874 1593 obstructis,
912 1542 1112 1582 mirabili
1145 1554 1250 1582 cum
1285 1542 1514 1582 charitate
1549 1548 1594 1583 et
1629 1553 1748 1594 pene

115 1612 354 1652 lachrimis
374 1618 557 1653 tantum
577 1613 843 1653 obtulerunt
863 1613 992 1654 Patri
1011 1612 1223 1653 Adriano
1246 1619 1294 1653 ut
1314 1614 1450 1665 plene
1471 1613 1530 1653 sit
1561 1619 1747 1653 conten-

115 1690 190 1723 tus
210 1695 295 1723 nec
317 1684 515 1735 amplius
537 1690 734 1736 optaret.
759 1685 816 1725 Et
836 1684 901 1725 ita
922 1690 1176 1736 tempestas
1196 1685 1274 1724 illa
1296 1695 1470 1735 magna
1492 1696 1599 1724 cum
1622 1684 1743 1725 aedi—

116 1753 331 1794 ficatione
355 1755 572 1795 cessavit.
597 1755 873 1795 Benedictus
895 1755 1138 1796 Dominus.

192 1826 334 1866 Brevi
368 1825 506 1866 Pater
541 1826 780 1867 Adrianus
814 1826 1038 1867 invitatus
1074 1839 1102 1867 a
1129 1826 1331 1878 quadam
1364 1826 1609 1866 domicella
1643 1836 1750 1866 cum

119 1897 221 1936 aliis
242 1897 356 1937 viris
373 1897 690 1948 spiritualibus
707 1897 765 1937 ad
782 1910 992 1947 coenam,
1013 1898 1129 1938 vidit
1145 1898 1293 1938 obiter
1309 1897 1606 1938 domicellam
1622 1898 1752 1938 illam

119 1979 262 2008 aurea
274 1974 437 2020 torque
451 1968 644 2020 aliisque
660 1969 878 2020 pretiosis
891 1975 1119 2009 ornatam.
1140 1968 1408 2009 Revolvens
1420 1974 1577 2009 autem
1593 1980 1753 2008 secum

119 2038 243 2089 quod
259 2037 356 2090 jam
378 2039 605 2090 coepisset
627 2040 668 2079 ei
696 2039 963 2091 frequenter
994 2040 1206 2080 confiteri
1233 2045 1277 2080 et
1305 2040 1675 2088 communicare,
1707 2045 1752 2080 et

121 2110 244 2161 quod
259 2110 409 2150 sancti
426 2109 655 2161 Apostoli,
682 2111 741 2151 La
764 2110 822 2150 ad
839 2110 956 2150 Tim.
979 2111 1042 2151 20
1060 2116 1105 2151 et
1126 2110 1185 2150 La
1205 2110 1345 2161 Petri,
1362 2111 1441 2162 3.0,
1461 2117 1620 2162 aperte
1637 2111 1754 2151 haec

120 2181 443 2231 prohibebant,
466 2187 572 2232 post
594 2182 774 2233 aliquos
795 2182 894 2222 dies
914 2182 1106 2222 vocavit
1127 2193 1230 2222 eam
1251 2182 1310 2222 ad
1331 2194 1380 2222 se
1396 2182 1443 2222 in
1457 2183 1682 2233 templum
1701 2188 1753 2222 et

119 2263 258 2303 super
278 2252 380 2292 istis
401 2252 654 2292 admonuit.
675 2253 756 2293 Illa
772 2264 882 2293 mox
907 2264 1014 2293 cum
1036 2253 1191 2293 multis
1212 2253 1492 2303 singultibus
1516 2259 1560 2293 et
1584 2252 1750 2293 lachri-

118 2323 205 2362 mis
227 2328 271 2362 et
290 2323 475 2374 plicatis
496 2323 711 2364 manibus
731 2324 882 2375 erupit
903 2323 1086 2364 dicens:
1109 2324 1388 2364 Benedictus
1410 2324 1560 2373 Deus,
1584 2323 1749 2375 inquit,

121 2393 199 2444 qui
220 2393 408 2434 tandem
430 2405 571 2434 unum
592 2394 704 2434 mihi
724 2393 849 2434 dedit
876 2394 1214 2446 confessorem,
1244 2395 1323 2446 qui
1350 2406 1422 2434 me
1452 2394 1752 2446 defectusque

121 2476 250 2505 meos
271 2465 601 2517 reprehendat3
638 2465 866 2506 hactenus
897 2465 1071 2506 dictum
1098 2465 1183 2505 fuit
1204 2466 1332 2505 mihi:
1357 2477 1466 2505 ecce
1495 2466 1614 2505 bene
1645 2465 1754 2505 licet

123 2535 206 2575 tibi
227 2536 483 2576 secundum
504 2541 633 2576 tuum
655 2541 830 2576 statum
856 2536 1039 2586 vivere;
1070 2535 1268 2576 sufficiat
1294 2536 1378 2576 tibi
1408 2536 1533 2588 quod
1560 2535 1750 2587 diligen-

122 2612 191 2646 ter
213 2607 375 2647 visites
396 2607 618 2658 templum
636 2612 680 2647 et
700 2606 781 2647 des
799 2607 1121 2647 eleemosinas.
1140 2606 1321 2647 Deinde
1341 2607 1527 2648 rediens
1545 2607 1750 2656 domum,

123 2678 280 2717 statim
301 2683 514 2730 torquem
535 2689 727 2717 auream
748 2677 975 2729 deposuit,
1000 2683 1043 2718 et
1065 2689 1382 2729 quascumque
1392 2677 1567 2727 habuit,
1587 2677 1754 2717 obtulit

125 2748 338 2800 proximo
359 2750 529 2800 templo
551 2749 598 2788 in
617 2747 846 2789 honorem
867 2747 1090 2800 Corporis
1111 2747 1322 2799 Domini,
1346 2754 1390 2789 et
1410 2754 1574 2800 postea
1595 2759 1748 2800 repre·

125 2818 283 2860 hendit
305 2831 414 2860 suos
436 2820 616 2872 aliquos
637 2819 931 2859 confessores
953 2831 1007 2859 eo
1030 2819 1154 2870 quod
1173 2819 1302 2859 viam
1331 2819 1521 2859 Domini
1550 2830 1647 2859 non
1675 2818 1753 2858 ali-

124 2897 194 2930 ter
215 2901 320 2930 eam
341 2890 630 2941 docuissent;
653 2896 697 2930 et
717 2890 803 2941 ita,
833 2889 935 2930 laus
956 2889 1078 2940 Deo,
1103 2895 1259 2930 manet
1280 2890 1327 2929 in
1346 2889 1533 2930 fervore
1562 2896 1606 2930 et
1636 2889 1753 2929 bene

126 2968 357 3002 contenta.
