2074 3179
203 124 278 162 628
725 123 950 160 LITTERAE
978 134 1337 167 QUADRIMESTRES

203 221 390 274 insuper
414 220 566 271 prima
597 220 786 270 linguae
808 227 1001 261 sanctae
1034 222 1373 272 grammatices
1400 223 1646 274 principia,
1678 224 1845 274 quibus

204 298 248 332 et
269 292 558 343 psalmorum
580 291 904 342 interpretatio
923 290 1019 342 jam
1040 304 1163 332 nunc
1182 292 1467 344 adjungitur.

283 363 388 416 Jam
409 363 447 402 si
468 373 712 402 numerum
733 362 999 403 auditorum
1030 371 1298 404 nostrorum
1326 365 1511 405 discere
1542 365 1703 405 forsan
1732 365 1846 405 desi-

205 434 357 481 deras,
382 439 489 473 ante
512 433 686 484 aliquot
708 432 820 484 dies,
845 439 1081 474 trecentos
1098 435 1409 487 examinatos,
1432 435 1665 476 admissos
1683 442 1848 475 1165111-

205 506 446 545 diosorum
466 510 736 544 nostrorum
759 504 1010 555 cathalogo
1033 506 1234 558 scriptos
1256 518 1359 547 esse
1387 507 1636 558 intelligas.
1659 507 1850 546 Interim

205 583 362 616 tamen
383 575 650 616 auditorum
666 587 886 616 numerus
904 577 951 616 in
968 576 1066 617 dies
1084 576 1238 617 adhuc
1258 578 1602 618 incrementum
1618 579 1772 618 sumit.
1792 579 1849 618 Et

205 648 250 687 hi
272 647 468 698 singulis
490 647 744 698 mensibus,
767 647 970 699 plurima
992 660 1104 688 sane
1127 648 1392 699 devotione,
1417 655 1613 700 peccata
1638 661 1719 689 sua
1743 661 1850 688 con-

206 719 407 768 fitentur,
445 724 490 758 et
526 719 604 770 qui
638 717 908 758 sufficientis
938 719 1106 759 aetatis
1138 727 1271 768 sunt,
1306 732 1443 760 sacra
1479 727 1681 760 sumunt.
1719 720 1851 760 Multi

206 790 347 830 ctiam
380 789 628 829 nobiscum
663 789 859 840 singulis
894 790 1217 830 hebdomadis.
1256 790 1330 831 Ad
1365 790 1481 831 haec
1517 791 1583 831 sic
1624 802 1850 842 germano

205 873 400 912 prorsus
435 872 594 901 amore
634 861 681 901 in
714 873 800 901 nos
828 873 990 901 omnes
1024 862 1211 902 accensi
1239 868 1366 913 sunt,
1398 868 1448 902 ut
1476 874 1715 914 nunquam
1742 863 1849 902 hinc

205 933 344 973 avelli
377 932 558 984 possint
587 932 816 984 plerique.
846 933 894 972 ni
927 933 1075 973 serior
1104 933 1220 973 hora
1249 933 1510 974 discessum
1538 940 1720 984 urgeat.
1758 933 1850 974 Sed

204 1016 428 1055 quorsum
449 1004 525 1044 hic
546 1015 811 1043 memorare
828 1003 993 1044 attinet
1011 1003 1267 1055 confessos,
1292 1010 1342 1044 ut
1358 1005 1621 1056 plurimum,
1642 1006 1848 1055 singulo-

204 1087 306 1115 rum
333 1075 535 1115 fratrum
559 1075 702 1126 pedes
729 1076 993 1115 osculatum
1025 1074 1275 1116 accedere?
1307 1076 1524 1127 quamvis
1552 1087 1850 1128 nequaquam

203 1147 261 1186 ad
283 1146 372 1186 hoc
395 1146 718 1197 admittantur,
742 1158 866 1197 nam,
891 1152 940 1186 ut
962 1146 1168 1197 videtur,
1193 1159 1287 1187 non
1309 1147 1423 1187 satis
1450 1147 1698 1187 honestum
1729 1146 1849 1186 foret

203 1225 251 1258 ut
274 1218 484 1258 sinamus
506 1218 761 1269 discipulos
782 1223 970 1258 nostros
991 1218 1253 1269 provolutis
1272 1218 1468 1269 genibus
1499 1223 1685 1258 nostros
1708 1218 1851 1269 pedes

203 1290 484 1330 exosculari.
525 1289 704 1330 Sufficit
731 1301 958 1341 namque,
991 1290 1031 1330 si
1058 1290 1168 1341 quid
1194 1289 1507 1341 imprudentia
1539 1295 1746 1329 erratum
1773 1289 1853 1340 sit,

203 1362 348 1401 errati
370 1361 645 1413 suppliciter
666 1361 858 1401 veniam
878 1367 1057 1413 petant,
1080 1361 1188 1401 licet
1209 1368 1253 1401 et
1273 1361 1362 1401 hoc
1382 1361 1572 1401 minime
1594 1361 1651 1400 ab
1678 1361 1736 1400 iis
1757 1361 1851 1400 exi-

202 1438 366 1483 gatur,
391 1433 532 1473 immo
563 1433 690 1472 nullo
711 1439 854 1484 pacto
885 1432 1179 1483 conceditur,
1211 1432 1250 1472 si
1280 1432 1477 1472 forsitan
1507 1431 1802 1472 olfecerimus
1823 1444 1850 1471 a

204 1504 494 1545 confessario
517 1505 610 1544 tale
639 1503 894 1555 quiddam
884 1504 940 1544 115
962 1502 1220 1555 injunctum
1237 1516 1353 1543 esse.

285 1574 691 1626 Declamationes,
728 1586 845 1627 quas
876 1574 1055 1615 Romae
1084 1574 1247 1615 haberi
1275 1580 1550 1615 consuetum
1577 1580 1668 1624 est,
1699 1582 1743 1614 et
1774 1574 1849 1614 hic

201 1633 364 1687 haberi
390 1652 584 1698 coeptae
608 1652 729 1686 sunt.

282 1718 331 1758 Ρ.
356 1718 583 1770 Magister
604 1717 848 1757 Bobadilla
865 1718 954 1757 hoc
972 1717 1121 1769 quadr
1126 1717 1371 1768 agesimali
1387 1723 1569 1768 tempor
1573 1729 1596 1756 e
1612 1716 1760 1769 Jonae
1778 1717 1845 1756 hi·

202 1769 397 1831 storiam
431 1789 746 1841 quadraginta
781 1789 1059 1829 lectionibus
1094 1801 1148 1829 eo
1182 1788 1320 1828 modo
1357 1799 1503 1840 eaque
1538 1787 1751 1828 doctrina
1790 1800 1845 1827 ac

201 1862 357 1927 gratia
392 1867 709 1913 prosequutus
736 1866 828 1911 est
858 1866 907 1900 ut
937 1860 1079 1900 totius
1107 1859 1244 1911 hujus
1278 1859 1414 1911 regni
1446 1858 1847 1910 A1eh1ep1scopus

202 1916 443 1996 nunquam
464 1932 662 1972 cessarit
691 1931 870 1972 orando
898 1937 942 1971 et
972 1931 1285 1982 obsecrando,
1318 1931 1427 1982 quin
1456 1930 1597 1970 etiam
1618 1930 1847 1981 imperari

203 1992 278 2063 do,
321 2003 469 2044 donec
509 2002 648 2043 Pater
689 2002 948 2055 susceperit
986 2002 1282 2054 provinciam
1328 2002 1575 2053 epistolam
1615 2001 1747 2041 Pauli
1788 2001 1847 2041 ad

204 2076 445 2116 Romanos
481 2075 528 2115 in
557 2076 730 2126 templo
766 2073 932 2125 majori
968 2074 1146 2125 interpi
1151 2073 1329 2124 61111111,
1370 2084 1510 2125 quam
1546 2084 1658 2113 sane
1693 2073 1846 2112 lectio-

202 2160 308 2188 nem
338 2147 488 2199 prima
522 2158 548 2186 a
576 2146 705 2186 feriis
730 2145 1032 2197 paschalibus
1061 2144 1294 2184 dominica
1323 2155 1464 2196 quam
1493 2143 1762 2185 felicissime
1793 2156 1846 2184 ac

199 2208 331 2270 juxta
354 2218 622 2258 doctissime
644 2217 843 2257 adorsus
864 2222 957 2267 est,
989 2217 1036 2256 in
1063 2228 1210 2267 eaque
1243 2216 1441 2267 singulis
1471 2215 1656 2255 festivis
1685 2215 1846 2255 diebus

204 2274 624 2343 tanta-auditorum
645 2288 887 2339 utriusque
910 2299 1050 2327 sexus
1071 2286 1386 2338 multitudine,
1419 2286 1545 2339 quod
1570 2287 1646 2327 hic
1666 2298 1842 2336 rarum,

204 2351 479 2423 perseverat
501 2366 549 2400 ut
581 2371 674 2399 non
700 2358 837 2399 facile
865 2358 1042 2409 verbis,
1075 2358 1248 2398 nedum
1280 2358 1490 2410 scriptis,
1520 2359 1588 2398 rei
1615 2358 1847 2408 magnitu—

207 2432 363 2492 dinem
384 2431 734 2472 communicare
763 2441 945 2481 queam.

287 2492 402 2543 Item
436 2502 578 2543 etiam
606 2502 808 2553 optimus
837 2500 885 2541 Ρ.
917 2500 1135 2541 Andreas
1161 2512 1255 2540 non
1286 2501 1475 2540 omnino
1506 2501 1565 2540 ab
1596 2500 1719 2540 omni
1748 2500 1851 2540 fun—

209 2562 362 2614 ctione
389 2573 620 2626 spirituali
642 2572 837 2612 feriatus
857 2571 958 2622 fuit;
982 2571 1361 2623 quandoquidem
1391 2571 1640 2621 hactenus,
1670 2584 1728 2612 ex
1759 2583 1848 2623 quo

209 2645 452 2697 Neapolim
473 2644 676 2695 ingressi
692 2654 867 2693 sumus,
888 2643 1051 2683 diebus
1066 2642 1248 2682 festivis
1266 2653 1439 2693 magno
1459 2654 1564 2683 cum
1581 2642 1848 2682 auditorum

211 2716 362 2756 fructu
385 2716 492 2756 boni
515 2714 863 2755 concionatoris
884 2713 1085 2754 officium
1106 2713 1367 2764 exequitur3
1393 2713 1700 2754 christianam
1717 2726 1847 2765 prae-

209 2794 336 2827 terea
371 2787 636 2828 doctrinam
663 2786 827 2826 eodem
856 2786 950 2837 die,
983 2796 1234 2825 numerosa
1263 2796 1448 2835 semper
1474 2797 1580 2826 cum
1609 2786 1848 2826 hominum

209 2858 511 2909 tu1·ba‚.legit;
536 2858 659 2897 hanc
680 2864 837 2897 tamen
865 2857 1111 2897 lectionem
1138 2867 1261 2896 nunc
1294 2848 1619 2907 in'puerorum
1647 2856 1847 2897 fructum

210 2930 255 2968 in
280 2929 441 2968 feriam
463 2936 645 2969 sextam
676 2928 928 2968 transtulit.
