2074 3179
901 197 984 235 stkN.
1017 197 1106 235 1552
1750 197 1826 246 229

909 648 1111 702 CLXV

263 884 424 921 Petrus
444 882 709 930 Scorichius‚

312 942 381 980 Ex
400 944 718 982 commissione
739 943 885 981 Patris
905 942 1072 981 Nicolai
1091 943 1143 980 de
1162 942 1330 990 Lanoy,

359 1003 480 1040 Patri
497 1003 666 1051 Ignatio
686 1003 740 1041 de
756 1003 941 1049 Loyola.

406 1062 591 1109 Vienna,
612 1063 659 1100 29
677 1063 870 1111 Augusti
893 1062 984 1099 1552
1001 1063 1025 1098 ¹.

1008 1219 1014 1235 Ι

1007 1243 1014 1270 l

273 1363 548 1405 Reverende
570 1365 617 1405 in
638 1365 824 1405 Christo
847 1364 1363 1415 observandissimeque
1384 1362 1536 1404 Pater:

273 1435 437 1476 Gratia
459 1442 503 1476 et
524 1447 618 1487 pax
639 1436 813 1476 Christi
833 1436 893 1476 sit
914 1441 1052 1487 atque
1074 1440 1303 1485 augeatur
1329 1434 1376 1474 in
1405 1433 1622 1473 cordibus
1650 1433 1823 1472 nostris

194 1506 494 1559 omniumque
515 1518 715 1558 semper.
740 1507 906 1547 Amen.

270 1576 531 1628 Injunctum
553 1584 623 1619 est
645 1578 758 1618 mihi
778 1589 941 1618 rursus
962 1585 1011 1618 ut
1032 1588 1303 1618 successum
1320 1584 1364 1617 et
1381 1584 1555 1616 statum
1570 1586 1726 1616 rerum
1743 1587 1823 1615 no-

189 1655 410 1699 strarum,
434 1662 461 1689 a
482 1655 683 1701 quatuor
704 1650 917 1701 proxime
938 1649 1111 1700 elapsis
1139 1648 1396 1698 mensibus,
1427 1647 1530 1687 unis
1556 1647 1628 1686 his
1656 1647 1823 1687 litteris

190 1720 394 1761 breviter
415 1722 829 1772 comprehendam,
854 1720 1049 1772 tibique,
1071 1720 1211 1760 Pater
1238 1720 1285 1760 in
1313 1719 1500 1760 Christo
1529 1718 1819 1769 Reverende,

188 1791 438 1841 legendum
458 1803 732 1843 proponam.
757 1792 890 1843 Quod
911 1803 1092 1842 munus,
1116 1791 1226 1842 quia
1246 1803 1272 1831 a
1289 1802 1362 1830 me
1378 1800 1622 1830 removere
1640 1800 1726 1828 nec
1742 1801 1821 1840 po-

189 1861 254 1901 tui
274 1874 361 1902 nec
384 1862 533 1913 debui,
558 1863 706 1913 dabis,
731 1875 869 1916 spero
893 1875 947 1903 ac
969 1874 1152 1914 precor,
1176 1862 1384 1911 veniam,
1409 1861 1449 1901 si
1468 1860 1579 1912 quid
1600 1860 1755 1900 delicti
1776 1861 1820 1900 in

188 1944 242 1972 eo
271 1945 298 1972 a
326 1945 398 1973 me
427 1933 563 1973 fuerit
601 1934 870 1974 admissum.
908 1933 984 1974 Sic
1020 1940 1176 1974 autem
1210 1933 1451 1972 instituam
1485 1938 1529 1972 et
1563 1942 1822 1983 prosequar

189 2003 311 2043 hanc
332 2004 389 2043 de
410 2004 548 2044 rebus
571 2016 598 2044 a
617 2005 790 2044 nostris
812 2016 916 2044 cum
945 2004 1160 2044 Patribus
1182 2010 1279 2044 tum
1299 2003 1523 2044 fratribus
1543 2002 1689 2053 gestis
1717 2014 1824 2042 nar-

186 2074 419 2115 rationem
446 2081 496 2115 ut
521 2075 707 2126 publica
739 2081 921 2115 tantum
951 2086 1328 2115 commemorem.
1361 2074 1432 2115 De
1465 2074 1663 2125 privatis
1699 2073 1821 2114 enim

189 2145 325 2196 (quae
347 2146 466 2186 alias
487 2147 602 2186 satis
623 2146 809 2186 fuerunt
829 2146 1078 2198 explicata)
1103 2146 1258 2186 dicere
1279 2145 1391 2185 nihil
1419 2145 1596 2192 attinet,
1621 2145 1709 2185 hoc
1731 2151 1820 2195 est,

187 2216 243 2256 de
265 2217 431 2256 studiis
446 2216 646 2257 fratrum
667 2217 938 2257 domesticis
959 2217 1005 2256 in
1026 2216 1192 2256 litteris
1207 2217 1501 2268 politioribus
1517 2217 1704 2266 linguae
1721 2216 1821 2255 lati-

186 2299 276 2327 nae
298 2298 607 2339 graecaeque,
631 2294 728 2328 tum
749 2288 891 2328 etiam
912 2288 958 2327 in
985 2288 1301 2339 philosophia3
1329 2288 1406 2327 ubi
1433 2288 1497 2327 illi
1525 2299 1686 2327 omnes
1713 2298 1818 2338 pro-

186 2365 289 2409 pter
324 2370 557 2398 summam
588 2370 722 2399 suam
749 2359 1095 2399 contentionem
1121 2365 1165 2399 et
1193 2359 1516 2399 assiduitatem
1542 2368 1820 2410 progressus

185 2430 324 2479 longe
346 2429 577 2469 maximos
599 2428 795 2470 faciunt.
818 2429 889 2470 De
910 2441 1051 2470 cursu
1072 2430 1214 2469 etiam
1233 2430 1422 2481 pietatis
1439 2430 1486 2469 in
1502 2428 1736 2480 prioribus
1751 2429 1818 2468 lit-

184 2500 298 2540 teris
318 2500 435 2539 meis
457 2500 571 2540 satis
592 2507 662 2541 est
684 2500 872 2541 dictum.
895 2500 1016 2541 Nam
1036 2513 1131 2540 non
1147 2502 1298 2540 solum
1313 2512 1373 2540 ex
1386 2512 1441 2540 eo
1459 2501 1710 2552 quicquam
1725 2511 1817 2539 non

183 2571 426 2611 remittunt
449 2571 634 2622 fratres,
657 2583 822 2612 verum
843 2572 1000 2623 etiam,
1027 2572 1149 2612 velut
1167 2572 1295 2612 obliti
1315 2572 1643 2623 posteriorum,
1663 2573 1723 2614 ad
1742 2583 1819 2611 an-

183 2642 359 2682 teriora
393 2653 576 2694 semper
603 2642 1050 2694 diligentissimeque
1076 2648 1331 2694 properant
1365 2649 1409 2683 et
1435 2644 1674 2684 vocationi
1705 2656 1819 2686 suae

184 2712 433 2764 quisquam
455 2713 730 2753 satisfacere
756 2714 802 2753 in
823 2713 922 2753 dies
944 2714 1096 2764 magis
1118 2726 1172 2753 ac
1189 2715 1341 2764 magis
1358 2714 1511 2754 studet
1528 2721 1572 2754 et
1589 2715 1815 2757 elaborat.

236 2872 247 2892 ¹
289 2873 538 2907 Autographae
555 2872 647 2900 Petri
663 2872 828 2901 Scorichii
843 2874 980 2901 litterae
996 2878 1073 2901 sunt
1088 2875 1120 2901 in
1137 2874 1216 2902 solio
1231 2875 1355 2909 duplici
1376 2883 1430 2902 nn.
1453 2878 1503 2903 113
1525 2881 1557 2903 et
1582 2876 1766 2905 nah—Sunt
1783 2883 1816 2904 et

182 2918 263 2946 bina
279 2920 480 2954 apographa
496 2921 706 2954 exemplaria
722 2921 753 2948 in
770 2921 893 2948 Codice
910 2922 987 2956 15513
1003 2929 1104 2949 unum
1119 2923 1150 2949 in
1166 2922 1256 2949 soliis
1272 2923 1302 2950 17
1318 2929 1351 2950 et
1368 2923 1416 2956 183
1433 2925 1579 2951 alterum
1596 2924 1628 2951 in
1642 2924 1698 2952 fol.
1713 2924 1749 2952 33
1765 2927 1817 2952 vs>

182 2966 255 2993 Hoc
269 2970 384 2994 autem
398 2971 606 3002 postremum
627 2967 716 2995 haud
742 2968 914 3003 integrum
939 2973 1000 3003 est,
1025 2970 1102 3003 quia
1126 2970 1276 2997 abscissa
1298 2971 1620 3005 ablataque'charta
1636 2972 1709 3006 fuit,
1731 2980 1818 3006 quae

187 3014 277 3040 inter
293 3014 375 3042 folia
389 3014 456 3043 33:11
471 3019 504 3042 et
515 3015 585 3042 34³¹·
601 3015 680 3043 olim
696 3020 780 3044 erat.
