2074 3179
181 119 252 155 392
696 119 920 156 Llr’rfflfflss
950 130 1308 162 ‹gt’AlJRnlsssTREs

182 215 293 266 fere,
317 215 621 256 Germaniam
643 223 687 256 et
709 216 905 256 Italiam.
929 215 1022 256 Sex
1038 222 1283 267 praeterea
1300 217 1568 267 linguarum
1590 216 1814 257 idiomata

182 293 323 337 tenet,
347 287 611 337 hebraicae,
636 287 835 338 italicae,
860 287 1148 338 hispanicae,
1171 287 1487 339 germanicae,
1511 288 1734 328 turcicae.

263 358 411 399 Incidi
446 359 725 411 quandoque
760 358 806 398 in
841 358 1173 398 conventicula
1208 359 1519 409 quorumdam
1559 359 1816 409 hominum,

185 430 261 481 qui
290 430 557 482 spirituales
583 430 818 480 ridentur,
849 441 898 469 re
928 435 1083 469 autem
1113 440 1226 469 vera
1253 441 1421 481 parum
1450 430 1669 470 catholici
1695 437 1817 482 sunt,

185 502 285 553 ubi,
310 513 382 542 me
402 508 672 553 praesc-nte,
707 501 746 540 si
774 513 867 540 non
898 501 1057 540 sanius
1079 500 1304 551 sentiunt,
1335 506 1461 540 certe
1487 513 1621 541 suam
1648 502 1819 553 opinio-

185 585 293 613 nem
312 579 358 613 et
379 573 661 613 sententiam
684 571 993 612 dissimulant.
1025 571 1246 612 Nonnulli
1272 571 1415 612 etiam
1442 572 1521 623 qui
1547 572 1822 613 manifestae

185 645 436 698 haereseos
458 644 620 683 morbo
642 644 872 694 laborant,
897 643 1071 683 nostris
1092 642 1401 683 familiaribus
1423 643 1667 694 colloquiis
1688 649 1731 684 et
1752 656 1822 684 ra-

183 716 387 755 tionibus
407 715 578 765 vincti,
612 715 670 754 ad
694 715 945 754 sanitatem
975 714 1170 754 redeunt
1200 719 1245 754 et
1273 713 1568 765 resipiscunt.
1599 713 1727 754 Libri
1753 726 1820 754 su-

184 794 373 839 spectae
405 786 647 826 doctrinae
679 798 704 825 a
734 786 914 836 Legato
944 784 1184 825 Pontificis
1220 784 1413 825 subinde
1439 785 1625 836 legendi
1659 797 1714 825 ac
1750 785 1820 825 de-

185 858 395 898 struendi
411 857 544 897 nobis
566 857 935 897 committuntur.

265 929 336 970 De
364 929 592 980 singulari
621 927 725 968 Rani
755 927 814 967 D.
847 927 1024 968 Prioris
1045 939 1161 979 erga
1181 940 1266 968 nos
1289 928 1616 968 benevolentia
1641 934 1685 968 et
1718 929 1822 967 cha-

186 1002 343 1049 ritate,
376 1012 482 1040 cum
510 1012 565 1040 ea
592 1000 801 1051 pluribus
826 998 923 1051 jam
952 1011 1045 1040 non
1081 999 1233 1039 dubiis
1261 1000 1552 1051 argumentis
1578 1006 1825 1052 perspecta

186 1072 245 1112 sit
266 1072 503 1121 omnibus,
540 1083 950 1123 supervacaneum
980 1083 1105 1111 nunc
1132 1071 1318 1111 Videtur
1346 1071 1565 1111 scribere.
1599 1071 1821 1121 Conana,

186 1150 235 1184 ut
256 1144 328 1184 sui
348 1144 492 1184 moris
513 1149 603 1192 est,
628 1154 770 1194 supra
800 1143 926 1182 vires
954 1153 1079 1193 suaS,
1109 1147 1159 1182 ut
1183 1153 1323 1194 quam
1344 1142 1532 1182 minime
1559 1142 1827 1182 laboremus

185 1216 382 1267 penuria
416 1227 574 1255 rerum
605 1214 996 1264 necessariarum,
1027 1219 1072 1254 et
1100 1219 1288 1254 nostros
1310 1220 1508 1254 conatus
1535 1225 1621 1265 pro
1653 1213 1827 1253 anima-

186 1298 289 1326 rum
311 1287 483 1334 salute,
514 1292 742 1338 qnantum
770 1291 944 1337 potest,
974 1285 1138 1325 nititur
1163 1296 1459 1336 promovere.
1493 1284 1706 1336 Denique
1735 1296 1825 1324 ma-

185 1370 281 1410 gna
302 1370 409 1410 spes
431 1364 514 1410 est,
541 1364 600 1409 et,
626 1358 734 1397 licet
756 1357 846 1397 loci
868 1356 989 1396 adsit
1015 1356 1391 1408 incommoditas,
1413 1356 1646 1396 maximus
1672 1362 1828 1396 tamen

187 1436 230 1470 et
250 1430 529 1481 uberrimus,
555 1429 826 1481 adspirante
848 1428 1068 1478 Domino,
1093 1433 1394 1479 exspectatur
1416 1433 1696 1478 proventus,
1722 1438 1827 1467 cum

186 1502 332 1542 multa
359 1501 501 1541 etiam
531 1500 745 1552 polliceri
780 1500 998 1540 videatur
1032 1499 1192 1551 populi
1221 1499 1276 1539 de
1307 1498 1440 1539 nobis
1468 1498 1752 1538 existimatio
1784 1504 1828 1538 et

187 1573 465 1613 aedificatio.
501 1571 736 1623 Dignetur
765 1571 923 1611 omnia
955 1569 1216 1610 secundare
1248 1575 1292 1609 et
1321 1580 1496 1621 augere
1523 1570 1622 1617 ille,
1655 1569 1733 1620 qui
1763 1569 1826 1608 in-

187 1644 396 1694 choavit,
419 1643 650 1683 Dominus
672 1648 831 1682 noster
851 1642 989 1695 Jesus
1018 1641 1248 1691 ChristUS,
1284 1641 1361 1692 qui
1390 1648 1458 1681 est
1486 1641 1759 1681 benedictus
1781 1640 1828 1679 in

185 1716 358 1755 secula.
384 1714 550 1754 Amen.

269 1786 502 1836 Venetus,
526 1786 616 1825 kal.
642 1785 927 1837 Septembris
954 1784 1068 1824 15:31.

1146 1909 1374 1951 ANDREl-xs
1403 1909 1612 1949 Fausms.
