2074 3179
887 174 971 212 AN.
1004 174 1095 211 1552
1740 175 1815 211 049

173 270 330 311 Distat
359 277 513 312 autem
539 271 759 313 Messana
786 272 883 313 fere
903 271 956 312 24
982 271 1184 312 millibus
1210 282 1433 322 passuum
1463 282 1555 310 non
1583 272 1721 322 longe
1749 272 1808 311 ab

174 342 346 394 oppido
366 342 519 394 Mylis.
545 342 627 383 Est
649 343 800 395 spatio
819 343 1107 395 amplissima
1123 347 1167 382 et
1184 346 1489 381 numerantur
1506 342 1553 381 in
1570 353 1625 381 ea
1645 341 1692 381 18
1709 342 1803 382 mil-

172 413 234 452 lia
254 413 433 464 vitium,
458 420 645 465 praeter
667 414 808 454 etiam
831 414 1020 454 domum
1040 413 1103 452 ibi
1123 418 1387 452 extructam
1408 418 1452 451 et
1485 412 1631 452 latum
1663 413 1803 463 quod-

174 483 282 523 dam
302 484 520 535 spatium,
545 485 685 536 quod,
710 496 834 525 nunc
856 485 1095 534 incultum,
1118 483 1255 523 facile
1277 483 1366 523 coli
1386 488 1555 534 potest.

252 553 475 605 Magnum
503 561 572 595 est
607 556 654 595 in
690 555 779 595 hac
805 555 918 596 urbe
956 553 1092 606 hujus
1120 553 1367 595 Societatis
1402 565 1593 605 nomen,
1631 566 1802 605 magna

171 625 436 665 sanctitatis
457 626 758 666 existimatio.
783 624 878 666 Nec
899 637 1066 677 parum
1085 630 1224 665 aucta
1245 630 1314 665 est
1334 625 1498 676 paucis
1518 630 1624 664 ante
1641 625 1805 665 diebus

170 702 359 747 propter
383 708 544 737 eorum
565 698 809 748 nonnulla,
829 708 947 749 quae
969 697 1195 737 hactenus
1214 696 1443 743 recensui.
1468 701 1516 735 ut
1538 708 1631 736 non
1661 697 1806 746 vulgo

169 774 364 818 tantum,
391 768 473 808 sed
504 769 623 808 inter
645 768 875 809 maximos
896 779 1105 820 quosque
1126 768 1198 808 his
1223 767 1278 807 de
1303 767 1442 807 rebus
1463 766 1691 807 habeatur
1713 779 1803 807 ser-

168 850 259 878 mo.
296 839 353 879 Et
382 839 480 890 ipse
513 839 710 879 Pro-rex
744 840 971 891 proximis
1003 839 1178 889 diebUS,
1209 850 1315 878 cum
1344 849 1588 878 reversum
1623 837 1804 878 Catana

169 908 221 948 R.
242 908 291 949 P.
315 909 550 950 Antonius
568 922 674 950 eum
690 910 941 960 invisisset,
961 921 1113 961 pauca
1129 909 1331 961 primum
1347 909 1403 949 de
1419 915 1581 949 nostra
1599 909 1805 949 omnium

168 980 318 1020 salute
339 981 624 1032 sciscitatus,
649 981 820 1032 statim,
844 993 936 1022 non
959 981 1294 1032 interrogantis
1314 980 1395 1021 sed
1417 981 1736 1021 asseverantis
1758 981 1804 1020 in

168 1063 345 1091 morem
366 1058 492 1092 moto
515 1053 684 1103 capite,
714 1064 798 1093 suo
825 1053 1045 1093 idiomate
1066 1052 1155 1093 ait:
1188 1064 1238 1092 se
1260 1052 1321 1092 lta
1342 1052 1481 1092 lzecho
1503 1052 1688 1102 friato,
1709 1053 1802 1092 Pa-

166 1122 273 1171 clre‚·
300 1122 389 1162 hoc
413 1129 506 1171 est,
536 1130 585 1163 ut
614 1124 811 1164 verbum
831 1124 976 1164 verbo
998 1123 1207 1163 reddam:
1230 1123 1383 1163 factus
1406 1129 1475 1163 est
1501 1123 1697 1171 fructus,
1718 1123 1802 1164 Pa-

166 1199 250 1233 ter.
281 1192 487 1233 Parvum
522 1200 592 1234 est
623 1195 733 1245 hoc,
764 1195 845 1234 sed
875 1194 921 1234 in
949 1195 1039 1234 hoc
1067 1195 1170 1234 viro
1201 1193 1392 1245 majoris
1419 1206 1583 1234 sensus
1609 1200 1710 1235 erat
1737 1195 1802 1234 in-

167 1264 354 1304 dicium.

246 1334 395 1387 Major
422 1336 565 1376 etiam
595 1343 790 1388 apparet
821 1349 935 1388 erga
956 1349 1042 1377 nos
1062 1343 1337 1388 magnatum
1364 1336 1570 1377 affectus.
1601 1336 1658 1377 Et
1686 1343 1802 1376 stra-

166 1413 315 1458 tegus,
341 1407 418 1458 qui
439 1413 509 1447 est
529 1408 740 1448 Marchio
761 1408 1137 1448 Hierarchiensis
1162 1407 1187 1458 ¹,
1210 1408 1486 1448 lectionibus
1514 1408 1764 1459 aliquando
1786 1407 1803 1425 ²¹

167 1478 393 1518 interesse
423 1479 572 1518 voluit
600 1479 646 1518 in
674 1479 863 1530 scholis,
898 1479 1201 1519 concionibus
1233 1484 1388 1519 autem
1415 1490 1508 1518 non
1536 1490 1660 1518 raro.
1689 1479 1800 1519 Fra-

167 1558 285 1588 trem
300 1560 436 1589 suum
451 1556 562 1589 natu
580 1550 808 1590 minorem
823 1550 996 1590 nostris
1013 1550 1059 1590 in
1079 1549 1252 1589 scholis
1269 1549 1573 1589 erudiendum
1589 1549 1795 1590 tradidit.

167 1619 453 1660 Tentaverat
476 1621 514 1660 is
535 1618 581 1660 in
598 1621 961 1672 quadragesima
977 1627 1025 1661 ut
1041 1626 1198 1672 posset
1215 1616 1534 1672 quotidianam
1554 1621 1797 1660 lectionem

165 1691 535 1743 Evangeliorum
557 1698 601 1732 et
623 1692 939 1744 Epistolarum
962 1691 1147 1743 audire3
1177 1691 1258 1731 sed
1280 1691 1499 1743 quoniam
1521 1691 1700 1731 tardius
1722 1704 1798 1731 vo>

164 1762 323 1802 luisset
343 1762 520 1802 differri
537 1774 677 1814 quam
693 1775 937 1814 possemus
954 1769 1145 1814 propter
1161 1763 1430 1803 scholarum
1442 1763 1678 1813 lectiones,
1696 1763 1799 1803 ideo

165 1833 487 1884 obtemperare
509 1834 551 1873 ei
573 1833 661 1874 hac
683 1834 730 1874 in
750 1845 801 1873 re
822 1846 916 1873 non
931 1833 1179 1885 potuimus.
1204 1833 1332 1874 Haec
1350 1833 1446 1874 sere
1468 1833 1713 1873 Messanae
1733 1834 1794 1874 fa-

164 1910 239 1943 cta
264 1910 386 1944 sunt.

243 1974 294 2014 In
316 1974 519 2014 Abbatia
545 1981 702 2015 autem
718 1975 776 2015 D.
794 1976 988 2028 Joannis
1007 1975 1161 2015 Osorii
1177 1974 1205 2025 ⁵,
1230 1987 1348 2027 quae
1366 1975 1448 2016 Sti.
1469 1975 1668 2027 Philippi
1690 1976 1798 2016 dici>

163 2052 251 2094 tur,
275 2052 319 2084 et
342 2045 490 2085 tribus
513 2046 570 2085 ab
601 2045 690 2086 hac
718 2046 830 2086 urbe
856 2057 1080 2097 passuum
1106 2046 1306 2086 millibus
1331 2046 1486 2096 distat,
1511 2045 1565 2086 R.
1588 2045 1636 2086 P.
1660 2047 1796 2100 Joan-

164 2128 245 2155 nes
269 2115 509 2168 Philippus
532 2116 736 2157 Casinus
763 2116 923 2156 diebus
943 2116 1072 2156 sestis
1094 2117 1401 2157 concionatus
1422 2123 1491 2157 est
1508 2116 1604 2168 jam
1627 2130 1653 2157 a
1674 2118 1794 2169 prin-

163 2187 284 2238 cipio
309 2187 483 2227 mensis
499 2187 713 2240 Januarii
734 2187 871 2239 hujus
893 2188 1015 2227 anni.
1040 2186 1311 2238 Rogaverat
1333 2187 1453 2227 enim
1482 2188 1679 2239 primum
1705 2188 1795 2228 Do-

162 2258 318 2298 minus
337 2258 546 2311 Joannes
567 2257 762 2298 Osorius
783 2258 870 2298 sibi
899 2258 1002 2298 dari
1024 2259 1238 2309 aliquem,
1263 2259 1341 2310 qui
1369 2259 1589 2299 continuo
1612 2259 1673 2299 ibi
1703 2271 1797 2299 ma-

163 2336 295 2369 neret
316 2327 351 2379 Δ’;
382 2329 465 2369 sed
492 2341 599 2369 cum
630 2329 1014 2369 animadversum
1042 2339 1163 2370 esset
1198 2330 1243 2370 id
1270 2341 1565 2382 nequaquam
1593 2342 1694 2370 esse
1723 2342 1796 2370 ne-

162 2410 306 2450 cesse,
339 2399 491 2439 visum
518 2406 587 2439 est
613 2400 727 2440 satis
755 2400 793 2439 si
820 2399 917 2439 dies
951 2400 1095 2440 festos
1130 2400 1297 2452 aliquis
1326 2406 1537 2440 nostrum
1575 2401 1636 2441 ibi
1671 2407 1796 2441 totos

161 2476 337 2520 ageret.
362 2470 463 2510 Hoc
487 2482 594 2511 cum
614 2471 655 2511 ei
676 2470 777 2511 R.d0
809 2471 958 2520 Patri,
983 2483 1118 2522 quem
1147 2472 1284 2511 modo
1305 2472 1560 2522 nominavi,
1585 2472 1794 2512 commis-

160 2552 262 2580 sum
289 2547 424 2591 esset,
459 2542 522 2581 ita
555 2547 742 2582 strenue
770 2542 956 2582 vineam
983 2542 1171 2582 Domini
1207 2543 1362 2590 coluit,
1401 2549 1449 2583 ut
1485 2543 1654 2582 multus
1691 2543 1797 2583 inde

212 2754 221 2774 ¹
265 2754 382 2781 Verba
399 2755 484 2781 haee
502 2756 562 2788 qui
576 2756 628 2781 est
647 2754 806 2782 Marcln'o
820 2755 1128 2787 Hieramhiensisl
1143 2757 1259 2784 addita
1275 2761 1349 2783 sunt
1375 2764 1393 2783 a
1416 2756 1579 2789 Polanco‚
1605 2757 1659 2791 qui
1682 2761 1796 2784 tamen

158 2802 188 2829 in
206 2801 326 2829 Clzron.
339 2824 346 2834 ,
370 2806 393 2828 t.
411 2809 432 2828 11
447 2823 451 2834 ,
468 2808 546 2835 pag.
571 2801 616 2834 39,
640 2809 671 2828 n.
695 2801 740 2835 80,
764 2802 850 2830 hunc
866 2802 1095 2830 Marchionem
1116 2804 1154 2830 de
1182 2803 1343 2835 Gz‘rasso,
1359 2808 1391 2831 et
1414 2804 1445 2831 in
1460 2811 1542 2838 pag.
1559 2804 1621 2837 554,
1642 2812 1673 2831 n.
1687 2804 1741 2831 338
1755 2805 1797 2831 de

156 2849 282 2883 Α[ε’ναεί
296 2849 494 2884 appellavit.

214 2898 226 2916 '2
266 2897 460 2930 aliquando
476 2897 611 2931 scripsit
627 2897 797 2924 Polancus
815 2898 869 2925 ubi
888 2899 1035 2926 habebat
1053 2899 1199 2926 Annibal
1219 2907 1286 2925 nuo
1302 2900 1369 2927 die.

210 2943 223 2962 5
264 2943 349 2970 Vide
365 2951 478 2978 supra,
496 2951 574 2978 pag.
589 2943 634 2977 94,
650 2948 719 2971 not.
734 2944 760 2972 2.

209 2992 223 3011 ⁴
264 2999 399 3032 mora-m
412 2991 553 3026 faceret
569 2992 756 3026 scripserat
774 2992 938 3020 Annibal.
