2074 3179
236 122 308 159 488
753 124 980 162 LITTERAE
1007 136 1365 169 QUADRIMESTRES

236 232 330 260 uno
351 221 688 273 interrogante,
709 223 856 262 altero
877 223 1204 274 respondente,
1225 224 1447 276 quidquid
1465 226 1784 277 superioribus
1801 228 1878 268 do-

237 292 399 344 cuerit,
423 294 681 334 novissima
703 295 901 334 lectione
923 301 1175 347 repetatur.

317 363 389 403 Ac
410 370 460 404 ut
482 364 538 404 de
566 365 912 405 confessionum
941 365 1203 417 frequentia
1230 367 1477 420 fructuque
1507 370 1762 421 uberrimo,
1792 369 1879 410 Re·

237 435 440 475 verende
463 436 509 475 in
531 435 717 476 Christo
739 436 806 486 P„
829 437 1040 477 nonnihil
1061 438 1310 490 intelligas,
1331 450 1530 491 magnus
1552 441 1610 481 ad
1632 453 1718 481 nos
1740 441 1876 481 confi-

235 506 432 546 tentium
452 519 674 547 numerus
691 508 737 548 in
755 508 973 549 Omnium
991 508 1271 550 Sanctorum
1288 511 1595 562 solemnitate,
1615 524 1709 552 non
1725 514 1878 553 minor

236 577 283 617 in
300 577 451 617 Divae
469 578 683 629 Virginis
699 579 1030 631 Conceptione,
1050 581 1284 621 maximus
1300 582 1346 621 in
1363 581 1620 622 Nativitate
1637 584 1875 624 confluxit.

237 648 357 689 Nam
373 649 446 689 die
463 649 734 690 Nativitatis
751 652 946 691 trecenti
966 658 1010 691 et
1037 664 1092 692 eo
1114 653 1270 704 plures
1297 653 1500 693 confessi
1528 655 1879 695 sanctissimum

236 721 399 761 altaris
420 719 780 762 Sacramentum
801 730 1132 774 susceperunt,
1164 736 1222 764 ex
1252 725 1419 775 quibus
1448 725 1676 776 plurimae
1707 733 1881 766 matro-

235 803 340 842 nae,
363 793 573 832 nonnulli
594 793 737 833 etiam
757 794 849 834 viri
869 795 1050 834 nobiles
1073 795 1335 835 adfuerunt.
1357 795 1557 846 Quidam
1580 797 1672 847 qui,
1693 798 1883 849 saepius

238 863 341 903 aliis
363 864 686 904 sacerdotibus
709 865 932 916 confessi,
964 878 1058 910 non
1080 867 1268 907 omnino
1291 867 1629 907 conscientiam
1659 879 1773 918 prae
1802 880 1881 919 pu-

239 935 352 974 dore
367 942 673 986 peccatorum
697 936 906 977 faecibus
929 945 1271 990 expurgarant,
1293 951 1320 978 a
1341 940 1514 979 nostris
1537 939 1766 979 exhausta
1784 951 1882 980 sen·

239 1006 339 1046 tina
370 1014 680 1048 recesserunt.
712 1008 862 1048 Fuere
891 1010 1156 1061 complures
1183 1010 1262 1062 qui
1295 1023 1322 1050 a
1353 1010 1559 1055 duobus,
1599 1011 1802 1062 quinque
1840 1019 1883 1051 et

241 1084 347 1117 octo
371 1079 527 1127 annis,
550 1080 848 1130 gravissimis
870 1086 1173 1131 peccatorum
1204 1081 1489 1133 ponderibus
1517 1093 1566 1121 se
1594 1093 1688 1121 non
1717 1093 1885 1122 exone—

237 1156 414 1190 rarant.
434 1150 635 1202 Aliquae
656 1152 890 1203 mulieres,
912 1164 1031 1203 quae
1050 1165 1154 1193 cum
1177 1153 1273 1192 suis
1294 1153 1476 1192 maritis
1495 1152 1749 1193 divortium
1766 1154 1884 1194 fece-

236 1227 359 1272 rant,
383 1222 607 1262 beneficio
630 1223 936 1264 confessionis
958 1224 1005 1264 in
1026 1224 1230 1275 gratiam
1251 1225 1505 1264 redierunt.

319 1292 539 1333 Nonnulli
574 1306 632 1334 ex
669 1295 978 1335 nobilioribus
1013 1302 1282 1336 nostrorum
1321 1295 1513 1336 Patrum
1549 1296 1885 1336 consuetudine

241 1376 336 1405 non
374 1366 674 1406 mediocriter
710 1366 987 1418 afficiuntur,
1025 1379 1198 1419 eosque
1233 1368 1462 1418 singulari
1497 1369 1701 1419 quodam
1732 1368 1884 1408 studio

241 1443 603 1488 prosequuntur,
626 1438 791 1489 quibus
813 1445 1039 1490 quantum
1060 1439 1268 1479 tribuant
1290 1439 1589 1479 authoritatis
1610 1440 1686 1479 vel
1712 1451 1771 1480 ex
1797 1440 1886 1480 hoc

241 1519 334 1548 uno
355 1508 493 1548 facile
520 1509 627 1549 licet
660 1510 949 1562 perspicere,
980 1511 1104 1562 quod
1134 1511 1189 1551 de
1217 1511 1357 1551 rebus
1386 1511 1483 1551 suis
1512 1511 1811 1561 gravioribus
1840 1518 1884 1552 et

242 1578 434 1630 majoris
456 1581 678 1621 momenti
699 1582 880 1622 soleant
901 1582 1051 1634 ipsos,
1075 1582 1326 1634 praecipue
1350 1582 1488 1622 Rdssm
1509 1582 1697 1622 Patrem
1727 1582 1885 1623 Domi-

243 1662 355 1690 num
374 1651 591 1700 Paulum,
616 1654 884 1704 consulere,
908 1653 1117 1694 consiliis
1139 1665 1327 1705 parere,
1352 1660 1395 1694 et
1417 1660 1657 1705 tamquam
1681 1654 1883 1694 oraculis

244 1723 561 1774 acquiescere.
583 1723 826 1764 Hactenus
847 1724 902 1765 de
925 1724 1314 1765 confessionibus.

323 1793 458 1834 Nunc
480 1795 536 1835 de
557 1794 807 1836 Societatis
826 1797 1170 1848 propagatione
1191 1797 1370 1848 paucis,
1394 1796 1493 1836 Rde
1530 1797 1574 1836 in
1603 1796 1790 1836 Christo
1816 1796 1893 1848 P,

243 1866 418 1918 accipe.
457 1867 699 1918 Tyronum
733 1874 1002 1908 nostrorum
1036 1879 1277 1919 numerus,
1315 1868 1478 1919 paucis
1509 1868 1679 1908 abhinc
1708 1867 1884 1918 diebus,

243 1938 346 1978 aliis
376 1939 424 1978 in
452 1938 736 1980 Societatem
770 1941 918 1980 tribus
953 1940 1186 1992 cooptatis
1221 1939 1532 1992 amplificatus
1567 1945 1659 1989 est,
1690 1950 1887 1991 quorum

243 2021 364 2050 unus
385 2010 544 2061 nobili,
568 2023 658 2051 non
683 2012 838 2052 minus
859 2012 1084 2063 religione
1105 2023 1246 2063 quam
1267 2011 1512 2062 sanguine,
1537 2017 1674 2050 natus
1692 2010 1892 2062 familia,

244 2087 492 2133 parentum
513 2084 676 2123 virtuti
697 2095 974 2135 morumque
1003 2083 1226 2135 probitati
1252 2083 1438 2123 videtur
1469 2083 1671 2133 ingenue
1698 2093 1888 2133 respon—

244 2155 368 2195 dere.
406 2155 628 2207 Reliquos
657 2156 774 2196 duos
801 2155 1033 2207 quaedam
1059 2155 1325 2207 synceritas
1353 2161 1398 2194 et
1426 2154 1703 2194 admiranda
1733 2153 1889 2205 (quam

244 2238 359 2278 prae
387 2238 436 2267 se
463 2227 656 2279 ferunt),
695 2227 896 2279 puritas,
934 2227 1086 2278 magis
1121 2239 1260 2279 quam
1297 2226 1513 2277 sanguiS,
1556 2225 1825 2271 illustravit;
1864 2236 1896 2264 e—

245 2298 414 2349 quibus
435 2300 553 2339 alter
573 2299 621 2339 in
641 2299 864 2350 hospitali
886 2298 1054 2350 majori
1075 2298 1257 2338 duobus
1278 2298 1517 2338 mensibus
1539 2309 1644 2337 cum
1664 2302 1795 2336 tanta
1825 2296 1888 2335 in-

246 2370 443 2410 servivit
471 2370 777 2419 obedientiae,
809 2370 1054 2410 charitatis
1084 2376 1128 2410 et
1158 2369 1435 2409 humilitatis
1465 2368 1806 2417 testificatione,
1840 2372 1889 2407 ut

248 2453 410 2482 omnes
431 2442 478 2481 in
499 2442 571 2481 sui
593 2441 953 2482 admirationem
982 2441 1238 2491 induxerit;
1269 2442 1387 2480 alter
1416 2439 1722 2492 quotidianis,
1754 2450 1885 2490 quas,

249 2513 360 2553 dum
387 2513 456 2553 rei
482 2525 647 2553 sacrae
674 2514 748 2553 vel
780 2513 1087 2553 concionibus
1113 2513 1381 2563 interesset,
1416 2510 1701 2560 effundebat,
1739 2510 1887 2560 lacry-

254 2584 364 2635 mis,
401 2596 514 2624 suae
551 2584 815 2625 devotionis
842 2590 886 2624 et
915 2584 1104 2635 pietatis
1131 2573 1287 2623 multis
1323 2582 1447 2622 dedit
1482 2581 1718 2622 mensibus
1754 2591 1892 2631 argu—

247 2661 470 2707 mentum3
488 2656 655 2708 quibus
672 2655 719 2695 in
735 2655 986 2695 virtutibus
1008 2666 1169 2695 omnes
1190 2665 1468 2694 excrescere
1489 2653 1642 2703 magis
1665 2663 1719 2692 ac
1737 2651 1890 2702 magis

249 2727 297 2767 in
318 2727 417 2767 dies
439 2727 693 2768 enituntur.
717 2726 895 2777 Plures,
919 2738 1014 2766 non
1044 2727 1194 2766 solum
1216 2724 1426 2776 juniores
1454 2724 1534 2764 sed
1568 2729 1722 2763 aetate
1753 2723 1891 2762 simul

250 2805 295 2838 et
315 2798 577 2838 eruditione
598 2798 942 2850 provectiores,
968 2797 1171 2837 assiduis
1196 2796 1371 2836 instant
1400 2795 1616 2846 precibus
1646 2800 1697 2834 ut
1729 2793 1891 2833 admit-

252 2875 425 2920 tantur,
451 2870 572 2910 inter
598 2880 715 2920 quos
743 2868 932 2920 quidam
960 2867 1268 2920 paedagogus
1296 2868 1470 2918 gallus,
1500 2866 1615 2906 satis
1652 2866 1698 2905 in
1725 2864 1896 2905 litteris

250 2941 606 2982 humanioribus
626 2941 934 2991 exercitatus,
959 2939 1037 2991 qui
1058 2939 1290 2990 Lutetiae,
1315 2944 1476 2978 nostro
1499 2938 1641 2977 etiam
1661 2943 1892 2987 tempore,
