2074 3179
185 134 256 171 380
701 134 929 170 errEizAE
956 142 1314 176 QUADRniEsTREs

184 242 313 270 more
335 230 582 270 dominicis
603 230 926 280 festorztmque
956 229 1119 269 diebus
1148 229 1355 280 peccatis
1377 229 1603 269 confessis
1796 227 1821 279 ¹,

180 301 528 341 Eucharistiam
545 313 744 351 sumere,
758 311 960 352 quornm
976 304 1113 340 tanta
1130 304 1200 340 est
1212 300 1466 340 multitudo
1484 304 1537 340 ut
1551 301 1820 351 quadrage-

181 372 355 412 simum
383 372 476 412 ln'z‘s
502 372 610 423 (sic)
639 372 801 411 diebus
822 382 917 411 non
938 382 1053 411 raro
1075 371 1307 411 excedant
1324 383 1572 424 numerum
1586 404 1596 421 ,
1619 371 1696 423 qui
1728 371 1822 422 qui-

181 443 287 483 dem
309 444 689 484 constantissime
710 448 1032 494 perseverant.
1055 443 1127 483 Ex
1148 442 1204 482 iis
1224 454 1339 482 vero
1360 443 1570 483 nonnulli
1592 446 1755 482 tantos
1777 443 1823 482 in

181 515 357 555 Virtute
387 515 540 557 fecere
569 525 851 566 progressus
872 518 925 554 ut
953 514 1273 565 quotidianam
1294 519 1338 553 et
1360 514 1676 554 conscientiae
1698 526 1821 554 scru-

180 586 402 626 tationem
424 593 467 626 et
489 586 745 626 orationem
766 585 990 634 habemns
1008 584 1218 636 quidam,
1242 585 1415 624 mundo
1438 585 1624 624 omnino
1641 585 1820 633 relicto,

181 658 507 697 monachalem
543 657 629 696 sibi
665 657 891 707 elegerint
925 656 1087 707 vitam,
1122 667 1239 707 quos
1274 655 1480 707 quidem,
1514 656 1554 695 si
1574 655 1707 695 nobis
1727 654 1823 706 jam

179 729 336 780 ampla
359 727 522 768 fuisset
544 728 725 777 domus,
750 728 796 767 in
816 727 1102 768 Societatem
1122 727 1277 778 potius
1294 738 1432 778 quam
1455 727 1501 766 in
1518 727 1662 766 ullum
1684 727 1825 767 alium

181 800 393 840 ordinem
415 800 711 850 ingressuros
743 799 887 839 fuisse
915 799 1169 849 credimus,
1199 799 1322 849 qnod
1350 797 1514 837 multis
1541 797 1825 838 testantibus

175 875 325 924 patet.
359 870 631 923 Spiritualia
661 871 887 911 exercitia
914 870 1069 910 fecere
1099 870 1330 921 nonnulli,
1362 869 1503 909 iidem
1523 869 1823 920 praestantis-

180 943 285 983 simi
308 942 659 994 acutissimique
679 942 878 993 ingenii;
903 942 1034 982 multi
1054 941 1384 981 vacationibus
1406 941 1478 980 his
1499 940 1549 981 id
1571 944 1826 992 praestare

181 1015 356 1054 sitiunt.
394 1014 704 1065 Presbyteros
738 1019 834 1053 tres
872 1013 919 1053 in
943 1013 1140 1063 fratres
1172 1013 1461 1064 recepimus,
1500 1024 1699 1064 quorum
1732 1011 1824 1052 duo

179 1085 470 1142 christianae
484 1084 816 1136 philosophiae
838 1095 1011 1124 cursus
1032 1084 1171 1124 finem
1188 1085 1403 1135 attigere;
1428 1083 1555 1123 allus
1576 1095 1659 1135 per
1683 1084 1825 1123 trium

182 1169 411 1197 annorum
434 1158 720 1197 curriculum
741 1157 783 1196 ei
804 1157 1001 1196 navavit
1019 1168 1226 1207 operam.
1247 1156 1436 1196 Horum
1458 1159 1500 1195 et
1517 1154 1832 1206 insuperiori

179 1229 373 1269 memini
395 1229 611 1281 epistola.
643 1229 714 1269 Ex
741 1229 909 1280 quibus
939 1229 1029 1268 duo
1066 1227 1381 1268 Salmanticae
1418 1227 1822 1268 concionabantur

174 1301 383 1354 publice,
423 1302 691 1342 doctrinam
732 1301 1006 1353 reliquaque
1049 1300 1319 1340 necessaria
1358 1300 1593 1340 habentes.
1635 1299 1824 1338 Horum

180 1385 308 1413 unns
328 1373 378 1413 in
399 1372 645 1413 exercitiis
666 1384 792 1412 nunc
812 1376 985 1412 memet,
1005 1372 1137 1412 Multi
1155 1372 1233 1412 alii
1255 1371 1469 1412 doctrina
1486 1370 1696 1421 insignes
1716 1370 1822 1420 viri,

179 1457 287 1485 cum
323 1445 469 1485 divini
504 1445 678 1484 amoris
714 1444 977 1484 certissimo
1008 1442 1163 1494 jaculo
1192 1443 1284 1482 sint
1310 1442 1567 1492 vulnerati,
1599 1440 1823 1481 Societati

180 1528 275 1556 non
287 1528 455 1567 parum
469 1515 661 1555 initiari
671 1515 699 1553 ⁵³.
714 1515 1081 1556 Versutissimus
1094 1521 1251 1555 tamen
1263 1514 1338 1554 ille
1351 1525 1406 1553 ac
1419 1513 1626 1553 lubricus
1639 1512 1821 1564 anguis,

180 1587 360 1638 primus
395 1588 528 1639 pacis
562 1593 753 1627 nostrae
782 1586 1021 1637 inimicus,
1051 1598 1146 1626 non
1178 1585 1347 1625 desinit
1384 1585 1627 1624 obstacula
1661 1583 1823 1623 nescio

180 1671 300 1711 quae
319 1657 535 1710 objicere3
557 1658 686 1699 Deus
702 1665 860 1698 tamen
879 1657 1094 1710 Optimus
1114 1657 1363 1707 Maximus,
1384 1657 1462 1708 qui
1484 1656 1569 1696 hos
1588 1655 1823 1695 adducere

181 1731 405 1782 dignatus
435 1736 525 1780 est,
555 1731 761 1782 reliquos
783 1730 925 1770 etiam
947 1729 1132 1770 adferre
1154 1729 1274 1779 (sic).
1306 1729 1515 1769 Veniunt
1537 1727 1697 1768 itidem
1713 1739 1824 1767 non-

179 1803 295 1843 nulli
316 1809 365 1843 ut
388 1814 494 1842 cum
520 1801 737 1842 Patribus
769 1802 825 1842 de
852 1802 992 1841 rebus
1020 1801 1107 1853 piis
1138 1799 1548 1851 sanctissimisque
1574 1798 1825 1839 familiaria

179 1874 385 1914 excitent
407 1873 655 1926 colloquia,
676 1873 753 1925 qui
771 1879 933 1913 omnes
950 1873 1158 1913 maxima
1175 1871 1282 1912 inde
1298 1876 1542 1922 reportant
1558 1870 1821 1911 utilitatem.

183 1945 425 1986 Vocamur
445 1950 693 1997 praeterea
716 1945 882 1985 crebro
904 1950 954 1984 ut
976 1944 1036 1984 ad
1057 1943 1309 1984 coelestem
1336 1943 1464 1983 illam
1494 1942 1697 1994 patriam
1726 1953 1825 1993 per-

179 2017 395 2057 volantes
418 2016 710 2068 adjuvemus3
734 2027 821 2056 nec
844 2017 996 2056 solum
1027 2015 1105 2067 qui
1136 2015 1181 2055 id
1211 2026 1362 2066 genus
1391 2014 1579 2066 pietatis
1606 2018 1827 2053 exercent

179 2088 398 2129 morienti
433 2099 571 2139 opem
604 2087 785 2139 ferunt;
821 2099 988 2127 verum
1019 2093 1064 2127 et
1094 2086 1328 2127 incidente
1354 2085 1604 2126 occasione
1631 2085 1824 2124 circum-

178 2165 360 2200 stantes
383 2165 573 2200 monent
594 2171 650 2200 ac
672 2159 923 2200 hortantur
950 2164 999 2199 ut
1026 2159 1072 2198 in
1100 2158 1146 2199 id
1173 2158 1353 2210 seipsos
1384 2162 1551 2209 parcnt
1579 2155 1820 2207 temporis,

181 2231 519 2271 conscientiam
543 2231 600 2270 ab
626 2230 752 2270 omni
779 2231 883 2270 labe
903 2230 1206 2281 mundantes3
1230 2235 1279 2270 ut
1302 2240 1452 2280 nuper
1477 2227 1694 2278 contigit.
1720 2225 1822 2277 Qui-

180 2302 290 2343 dam
309 2302 435 2342 em'm
458 2314 598 2354 eques
618 2302 667 2342 2'72
688 2302 775 2342 lmc
792 2301 982 2342 civitate
993 2301 1203 2353 primus,
1219 2300 1449 2352 proximis
1466 2300 1643 2350 diebus,
1664 2304 1734 2338 ter
1750 2298 1824 2337 vel

181 2379 348 2425 quater
370 2374 429 2413 ad
458 2374 623 2414 ultima
651 2374 886 2425 pervenit,
907 2385 998 2425 quo
1020 2373 1160 2413 Pater
1180 2372 1362 2413 Doctor
1383 2371 1567 2423 petitus
1595 2382 1644 2410 se
1666 2376 1824 2410 contu-

181 2445 248 2496 lit,
272 2445 407 2496 eique
429 2444 636 2484 animum
663 2451 712 2484 ut
742 2450 930 2485 strenue
964 2449 1198 2496 pugnaret
1219 2443 1448 2484 adversus
1476 2440 1648 2482 diaboli
1680 2446 1825 2480 tenta-

182 2517 334 2556 tiones
352 2521 550 2556 conatus
567 2522 636 2556 est
653 2516 841 2556 addere.
862 2516 935 2556 Ea
953 2519 1111 2556 tomen
1128 2515 1216 2564 die,
1238 2526 1330 2566 qua
1347 2514 1552 2554 animam
1567 2511 1823 2561 exhalavit,

184 2587 332 2628 adfuit
364 2598 468 2627 cnm
503 2586 597 2627 alio
631 2587 776 2637 socio,
804 2587 884 2626 uhi
907 2587 1026 2626 bona
1055 2585 1460 2626 salnsmntinormn
1480 2582 1688 2635 equitum
1703 2587 1826 2634 pars

183 2670 278 2699 non
313 2659 492 2709 deerat,
529 2669 610 2698 nec
644 2659 841 2698 aberant
874 2658 1016 2698 eliam
1051 2659 1303 2698 multorum
1338 2656 1555 2697 ordinum
1589 2653 1824 2703 monaehi,

182 2741 287 2770 cum
308 2735 466 2770 autem
487 2730 696 2782 equitnm
718 2733 889 2770 conatu
922 2743 947 2769 a
976 2741 1191 2769 sermone
1221 2728 1528 2777 destitissent,
1563 2732 1660 2766 tum
1688 2725 1827 2765 Pater

238 2868 248 2888 ¹
290 2867 350 2895 Est
367 2868 456 2895 inter
472 2868 646 2903 confessis
661 2872 694 2895 ct
710 2867 981 2895 Eucharisliam
999 2867 1204 2893 vocabulum
1217 2865 1384 2902 quoddam
1400 2864 1447 2890 sic
1464 2863 1560 2890 lineis
1577 2867 1775 2897 coopertum
1788 2864 1825 2888 ut

184 2915 252 2950 legi
268 2923 332 2943 non
347 2916 465 2950 possit.

238 2964 251 2982 ·-’
291 2962 357 2997 Sic,
373 2963 544 2990 sententia
560 2971 624 2990 non
639 2963 804 2997 perfecta.
