2074 3179
176 114 248 152 362
689 118 919 156 LITTERAE
946 131 1307 163 QUADRlMES'lRES

178 210 312 262 hujus
343 214 554 264 corporis
584 226 777 255 carcere
810 227 866 256 ac
898 216 1131 257 domicilio
1168 218 1376 260 inclusus
1411 221 1497 271 est)
1532 223 1755 262 mortales
1789 237 1814 263 ει

178 283 377 324 caeteris
398 284 714 326 animantibus
736 286 1027 338 discrepant;
1051 299 1157 328 cum
1189 296 1344 330 autem
1374 292 1438 332 illi
1465 292 1690 344 maj0rem
1718 306 1815 334 cor-

177 354 305 405 poris
327 367 467 407 quam
488 356 673 397 animae
701 369 863 397 curam
890 357 1114 409 habeant,
1149 361 1426 414 animaeque
1456 375 1575 414 quae
1603 366 1817 415 corporis

176 431 285 465 sunt
306 433 613 479 anteponant,
640 434 765 468 certe
787 440 955 480 parum
976 435 1056 470 aut
1075 430 1190 470 nihil
1212 443 1239 471 a
1259 432 1421 472 bestiis
1441 434 1705 485 hujusmodi
1735 437 1815 475 ho-

177 497 326 537 mines
362 498 546 539 differre
581 499 815 540 videntur.
854 499 989 541 Unde
1023 513 1164 552 quam
1197 503 1337 554 pauci
1372 510 1479 544 sunt
1513 506 1609 557 qui,
1647 509 1818 558 spretis

177 567 337 608 mundi
357 570 664 619 vanitatibus,
687 571 962 622 postpositis
983 572 1159 612 divitiis
1180 585 1235 613 ac
1257 573 1527 626 honoribus,
1546 577 1721 618 relictis
1742 578 1815 618 de-

176 639 314 690 nique
337 640 410 680 his
431 641 667 690 omnibus,
692 653 812 693 quae
835 643 972 682 citius
994 654 1076 694 spe
1106 650 1372 696 transeunt,
1397 645 1586 687 Christo
1618 650 1813 695 servire,

176 711 379 763 obedire,
394 724 535 764 seque
554 713 618 753 illi
635 718 758 753 totos
775 713 993 755 dedicare
1010 715 1210 755 student.
1230 716 1404 757 Eorum
1421 729 1535 758 vero
1553 719 1645 770 qui,
1658 721 1815 760 mundi

175 783 377 824 avaritia
398 785 640 836 occupati,
666 784 822 825 cordis
843 787 1064 837 superbia
1086 788 1216 837 elati,
1241 788 1492 840 carnisque
1519 791 1732 831 luxuriae
1753 792 1816 831 in-

174 855 303 905 tenti,
325 855 508 896 diabolo
530 856 831 909 famulantur,
851 869 1076 909 magnum
1098 870 1200 899 esse
1221 871 1482 910 numerum,
1508 862 1727 914 cuiquam
1749 870 1817 902 est

176 926 356 966 videre:
387 939 477 978 quo
510 928 753 968 hominum
774 939 947 980 genere
969 930 1079 981 quid
1100 930 1343 971 miserius?
1365 931 1475 983 quid
1495 932 1727 973 infelicius
1749 946 1815 974 re-

173 999 315 1049 periri
338 1000 516 1050 potest?
538 999 773 1052 Numquid
795 1001 842 1040 hi
869 1001 1017 1041 tribus
1044 1002 1320 1043 miserrimis
1348 1003 1524 1044 similes
1551 1011 1680 1055 sunt,
1710 1017 1816 1056 quo-

174 1081 276 1109 rum
297 1082 418 1110 unus
447 1077 495 1110 ut
526 1071 673 1111 boves
700 1072 946 1123 probaret,
979 1074 1096 1113 alter
1119 1080 1168 1113 ut
1196 1074 1357 1114 villam
1386 1081 1591 1127 emptam
1618 1077 1815 1124 videret,

173 1141 336 1181 tertius
367 1148 415 1182 ut
456 1154 652 1183 uxorem
687 1143 898 1193 duceret,
936 1144 996 1184 ad
1032 1156 1229 1185 coenam
1267 1146 1620 1197 patrisfamilias
1654 1148 1817 1187 venire

173 1214 479 1254 recusarunt?
509 1213 629 1264 Quid
664 1214 803 1254 boum
837 1216 1054 1274 probatio
1091 1222 1159 1256 est
1193 1217 1284 1256 nisi
1319 1218 1471 1258 cultus
1502 1220 1818 1258 terrenorum?

173 1283 282 1336 quid
303 1285 444 1325 villae
464 1292 648 1337 emptae
669 1286 789 1326 visio
811 1286 901 1326 nisi
925 1287 1180 1328 damnandi
1202 1289 1463 1339 appetitus?
1484 1289 1595 1341 quid
1622 1301 1815 1330 uxorem

172 1354 344 1396 ducere
374 1356 465 1396 nisi
500 1358 659 1398 carnis
695 1358 939 1399 desideriis
977 1359 1279 1399 satisfacere?
1316 1360 1567 1400 Caeterum
1601 1362 1817 1413 quemad-

173 1428 362 1468 modum
387 1429 607 1481 princeps
633 1430 935 1470 tenebrarum
961 1432 1131 1471 multos
1166 1430 1306 1471 habet
1334 1432 1578 1483 satelliteS,
1610 1444 1814 1484 suaeque

172 1500 380 1540 malitiae
402 1512 645 1553 sequaces,
670 1502 734 1541 ita
756 1513 941 1554 quoque
963 1503 1188 1554 plurimos
1216 1514 1318 1543 esse
1345 1515 1438 1543 non
1471 1504 1684 1555 negarim
1722 1505 1815 1556 qui,

172 1572 338 1612 relicta
357 1572 569 1613 'avaritia
605 1585 696 1625 qua
723 1573 863 1614 homo
894 1574 1192 1614 solicitudine
1219 1580 1443 1625 vagatur,
1474 1575 1692 1626 superbia
1725 1588 1816 1627 qua

172 1643 244 1683 sui
279 1643 425 1696 ipsius
460 1644 809 1685 existimatione
844 1646 1072 1695 elevatur,
1105 1652 1149 1685 et
1175 1646 1362 1686 luxuria
1383 1657 1475 1697 qua
1497 1646 1818 1687 immunditiae

171 1715 481 1756 delectatione
502 1716 733 1767 foedatur,
757 1717 885 1757 viam
907 1723 1090 1757 arctam
1110 1724 1249 1769 atque
1278 1724 1531 1768 angustam
1561 1718 1717 1770 (quae,
1749 1726 1818 1759 te-

171 1792 326 1827 stante
347 1786 553 1839 Christo,
577 1788 637 1828 ad
657 1788 805 1829 vitam
827 1788 968 1839 ducit)
999 1789 1198 1840 eligunt,
1227 1789 1511 1841 proprioque
1533 1790 1691 1830 sensui
1714 1790 1816 1830 obe-

169 1857 409 1909 dientiam,
430 1859 678 1911 superbiae
700 1859 1025 1911 humilitatem,
1046 1866 1466 1912 paupertatemque
1488 1861 1665 1901 divitiis
1686 1873 1815 1912 prae-

171 1937 417 1981 ponentes,
442 1937 684 1983 assumpta
713 1943 852 1972 cruce
885 1931 1123 1971 Christum
1145 1938 1416 1983 sequuntur.
1443 1931 1505 1972 At
1529 1931 1638 1972 felix
1659 1933 1815 1972 anima

171 2012 291 2053 quae
313 2002 381 2042 sic
402 2002 622 2054 relinquit
643 2003 820 2053 omnia,
844 2009 894 2043 ut
925 2015 1029 2043 eum
1057 2009 1282 2056 sequatur
1309 2004 1357 2043 in
1384 2015 1473 2055 quo
1501 2009 1608 2043 sunt
1639 2004 1810 2052 omnia;

171 2074 251 2114 ubi
279 2074 403 2114 enim
430 2086 546 2114 vera
575 2074 727 2126 quies,
759 2075 837 2115 ubi
857 2087 972 2126 pax,
997 2075 1075 2115 ubi
1108 2075 1307 2115 felicitas
1335 2087 1543 2127 veraque
1573 2075 1715 2115 animi
1742 2076 1814 2116 de-

171 2145 376 2195 lectatio,
399 2146 489 2186 nisi
510 2146 557 2186 in
578 2145 766 2187 Christo
788 2147 1046 2198 reperitur?
1076 2146 1185 2199 quid
1207 2146 1427 2197 amabile,
1452 2146 1563 2198 quid
1593 2146 1811 2198 optabile,

171 2217 281 2268 quid
293 2216 564 2268 jucundum,
584 2224 772 2269 praeter
791 2217 1044 2270 Christum,
1064 2218 1322 2258 desiderari
1338 2219 1518 2269 potest?
1536 2218 1647 2269 quid
1665 2218 1814 2258 omnis

171 2293 389 2327 creatura
408 2289 506 2328 sine
524 2288 748 2329 Creatore
765 2289 990 2341 prodesse
1007 2295 1175 2341 potest,
1197 2301 1303 2330 cum
1319 2289 1473 2329 omnis
1491 2300 1599 2329 caro
1611 2289 1814 2339 foenum

171 2362 214 2398 et
235 2358 390 2398 omnis
411 2359 576 2410 gloria
597 2359 703 2410 ejus
725 2364 776 2400 nt
787 2361 890 2411 flos
900 2361 1045 2411 soem'
1061 2360 1229 2401 cadet?
1251 2360 1340 2411 Qui
1362 2361 1504 2411 igitur
1523 2360 1706 2401 Christo
1724 2361 1812 2411 pri-

173 2436 311 2470 vatus
333 2437 423 2482 est,
455 2432 807 2483 pauper1·imus;
831 2433 1066 2484 quivero,
1092 2432 1279 2472 Christo
1307 2431 1604 2483 conjunctus,
1636 2431 1700 2471 illi
1729 2432 1813 2471 soli

174 2501 311 2552 vivit,
337 2502 592 2543 ditissimus
614 2503 876 2543 censendus
905 2510 988 2544 est.
1023 2503 1114 2545 Sed
1140 2503 1306 2544 dicetis
1333 2504 1555 2553 fortasse,
1588 2514 1813 2554 quorsum

173 2573 229 2613 de
246 2573 320 2613 his
340 2580 437 2614 tam
457 2575 623 2614 multa?
643 2573 834 2625 Dicam,
858 2575 1050 2626 fratres,
1076 2581 1120 2615 et
1143 2581 1192 2615 ut
1212 2581 1375 2626 potero
1397 2574 1617 2614 breviter.

250 2644 381 2685 Haec
403 2657 523 2697 quae
545 2645 773 2685 hactenus
791 2645 915 2685 dicta
937 2654 1044 2686 sunt
1063 2658 1168 2686 cum
1184 2645 1406 2697 juvenem
1423 2645 1672 2697 quemdam
1689 2644 1811 2695 apud

172 2728 259 2756 nos
288 2717 553 2757 litterarum
581 2717 747 2757 studiis
783 2717 1079 2757 insudantem
1116 2718 1357 2757 minimum
1391 2718 1610 2767 laterent,
1640 2716 1813 2766 vixque

172 2788 270 2828 lieri
292 2799 430 2839 posse
452 2788 682 2839 cogitaret
708 2793 758 2828 ut
779 2788 952 2828 mundo
974 2788 1109 2828 simul
1139 2795 1182 2829 et
1217 2789 1402 2829 Christo
1430 2787 1628 2828 serviret
1653 2787 1678 2835 ¹,
1711 2787 1812 2827 reli-

229 2949 237 2967 ¹
279 2948 372 2980 Quae
390 2948 574 2983 hucusque,
592 2949 687 2983 quasi
704 2949 913 2977 narrationis
928 2956 1007 2976 suae
1025 2951 1259 2983 praeambula,
1276 2949 1412 2983 scripsit
1428 2948 1638 2981 Alexander,
1654 2948 1759 2979 linea,
1777 2951 1812 2974 ut
