2074 3179
896 188 975 226 AN.
1007 188 1093 224 1551
1745 185 1814 222 369

908 657 1094 710 XCVI

260 871 303 906 P.
328 871 487 907 Petrus
508 870 712 908 Canisius

306 935 426 972 Patri
446 935 615 982 Ignatio
636 934 688 972 de
709 935 893 982 Loyola.

351 1001 632 1047 lngolstadiQ
654 1000 696 1037 31
718 999 911 1046 Augusti
933 998 1019 1035 1551
1044 999 1065 1032 ¹.

904 1171 1098 1225 JESUs.

268 1354 433 1394 Gratia
453 1352 642 1393 Domini
662 1353 812 1392 nostri
832 1352 942 1405 Jesu
963 1351 1136 1392 Christi
1157 1357 1201 1390 et
1220 1362 1316 1402 pax
1346 1357 1537 1390 aeterna
1559 1351 1816 1391 nobiscum.

267 1425 497 1476 Quoniam
518 1424 704 1476 quidem
726 1424 790 1463 ita
805 1422 933 1474 jubet
953 1422 1007 1462 R.
1036 1422 1084 1462 P.
1116 1423 1192 1472 T.,
1222 1433 1400 1462 morem
1427 1433 1591 1473 gerere
1620 1422 1816 1462 studebi-

188 1508 311 1546 mus,
335 1502 384 1536 ut
414 1495 576 1546 paucis
606 1496 972 1545 complectamur
999 1505 1055 1533 ea
1083 1505 1202 1544 quae
1229 1493 1444 1544 proximo
1473 1493 1816 1544 quadrimestri‚

188 1580 281 1607 non
301 1567 528 1608 industria
550 1566 736 1618 quidem
757 1571 837 1606 aut
858 1566 1087 1616 dignitate
1108 1570 1293 1616 nostra,
1317 1564 1399 1604 sed
1421 1576 1603 1605 summa
1624 1566 1819 1605 clemen-

189 1639 355 1679 tissimi
370 1638 523 1679 Patris
539 1637 627 1678 Dei
648 1649 762 1689 erga
781 1648 868 1677 nos
888 1637 1095 1677 bonitate
1117 1647 1172 1676 ac
1194 1636 1424 1686 singulari
1444 1637 1600 1686 gratia
1621 1636 1695 1676 hic
1713 1648 1819 1676 con-

191 1710 396 1761 tigerunt
425 1709 453 1750 ².
492 1708 628 1760 Quod
660 1709 700 1748 si
727 1708 818 1748 alia
844 1707 957 1747 mihi
986 1706 1275 1747 recensenda
1301 1707 1453 1747 forent
1480 1719 1618 1758 quae,
1650 1707 1717 1747 uti
1747 1719 1821 1748 res

190 1782 292 1832 ipsa
308 1781 593 1832 postulabat,
617 1779 676 1820 ad
702 1791 854 1820 meam
880 1779 1026 1830 ipsius
1054 1778 1466 1830 reprehensionem
1491 1785 1536 1818 et
1564 1779 1821 1819 accusatio-

190 1863 297 1892 nem
312 1851 620 1903 justissimam
646 1856 837 1902 possent
864 1850 1058 1900 adferri,
1088 1848 1302 1900 equidem
1330 1850 1469 1899 longe
1498 1850 1732 1900 copiosior
1760 1856 1818 1899 et,

190 1928 240 1962 ut
260 1934 440 1973 vereor,
463 1923 600 1974 plane
622 1922 681 1962 ad
700 1921 938 1962 fastidium
957 1932 1102 1972 usque
1122 1921 1312 1960 lectoris
1332 1921 1545 1971 prolixus
1566 1932 1668 1960 esse
1690 1921 1822 1961 debe-

191 2005 304 2034 rem.
327 1993 476 2042 Nunc,
501 1994 609 2045 quia
629 1992 718 2033 Dei
746 1993 844 2032 sola
865 1991 1090 2032 beneficia
1110 1997 1447 2043 proponuntur,
1471 1991 1517 2031 id
1539 1992 1714 2043 absque
1735 1992 1823 2032 dis-

191 2065 359 2116 pendio
389 2064 488 2104 fieri
517 2065 600 2105 vix
625 2070 799 2116 potest,
837 2064 947 2115 quin
978 2063 1034 2103 de
1068 2062 1344 2113 indignitate
1377 2068 1421 2102 et
1456 2063 1635 2102 vilitate
1662 2069 1823 2103 nostra

191 2137 330 2187 paulo
352 2136 526 2176 rectius
546 2136 767 2186 cogitent,
786 2135 863 2186 qui
882 2135 1004 2174 bona
1026 2134 1270 2174 dumtaxat
1292 2134 1338 2173 in
1360 2140 1614 2184 conspectu
1636 2134 1820 2185 habent,

192 2208 407 2258 malaque
443 2218 567 2257 mea,
605 2206 712 2246 licet
746 2206 1011 2255 innumera,
1035 2217 1129 2245 non
1149 2205 1367 2244 sentiunt.
1393 2203 1484 2244 Sed
1504 2210 1605 2244 utut
1627 2205 1703 2244 alii
1725 2216 1822 2244 sen-

191 2278 330 2328 tiant,
371 2278 495 2317 mille
529 2282 670 2317 testes
700 2276 878 2316 isthaec
915 2276 1224 2326 conscientia,
1255 2286 1376 2326 quae
1406 2286 1545 2314 servo
1575 2275 1749 2326 ignavo
1780 2281 1825 2315 et

192 2349 517 2400 indignissimo
551 2348 866 2389 testimonium
897 2347 1116 2398 praebet,
1158 2347 1338 2398 hocque
1371 2347 1471 2386 solo
1506 2348 1582 2386 vel
1620 2347 1824 2386 maxime

192 2421 477 2470 consolatur,
501 2419 623 2471 quod
643 2418 833 2459 Patrum
855 2418 1051 2458 aliorum
1077 2417 1366 2468 fratrumque
1393 2417 1610 2458 subsidiis
1638 2417 1823 2469 adjuve-

192 2503 295 2532 mur
316 2492 361 2531 in
383 2492 472 2531 hac
492 2490 602 2544 Jesu
625 2490 801 2542 optima
821 2488 1069 2530 Societate.

248 2675 258 2694 ¹
300 2675 387 2702 Bina
402 2675 496 2702 nobis
511 2675 554 2701 ad
571 2681 704 2700 manum
719 2677 795 2700 sunt
811 2673 931 2700 harum
946 2673 1140 2700 litterarum
1162 2673 1373 2707 apographa.
1398 2672 1508 2700 Unum
1534 2673 1565 2699 in
1588 2673 1748 2700 Historia
1765 2680 1824 2700 va-

193 2724 251 2749 ria
263 2744 270 2754 ,
285 2724 352 2750 vol.
369 2730 391 2755 1,
406 2722 462 2749 fol.
479 2721 531 2749 ‘228
545 2725 578 2748 et
594 2721 654 2754 229;
672 2722 829 2753 alterum,
849 2728 869 2747 a
884 2720 919 2747 P.
934 2720 1110 2747 Bernardo
1134 2719 1284 2747 oliverio
1307 2720 1508 2750 consectum,
1533 2720 1566 2746 in
1591 2721 1679 2747 soliis
1696 2721 1724 2747 11
1742 2726 1775 2748 et
1792 2722 1825 2748 12

196 2771 328 2798 Codicis
345 2768 710 2802 1551.—Autog1·aphae
726 2771 840 2795 autem
863 2768 967 2802 ipsius
991 2767 1117 2795 Canisii
1142 2767 1281 2794 litterae
1305 2771 1381 2794 sunt
1407 2768 1438 2794 in
1462 2767 1541 2794 folio
1564 2767 1688 2801 duplici
1703 2776 1756 2795 nn.
1771 2769 1824 2796 386

196 2823 227 2845 et
242 2818 304 2852 387,
320 2818 353 2845 in
368 2817 481 2852 eisque
497 2823 633 2843 cernere
649 2820 700 2842 est
716 2815 853 2842 Polanci
877 2823 996 2842 manus
1020 2815 1231 2842 emendantis
1256 2815 1433 2849 quaedam,
1459 2815 1625 2849 quaedam
1648 2816 1750 2843 etiam
1766 2817 1823 2844 ad-

195 2865 305 2892 dentis
320 2869 353 2891 et
367 2865 436 2892 alia
447 2865 574 2891 circum
585 2863 696 2891 ductis
707 2863 804 2891 lineis
816 2863 1004 2890 claudentis
1015 2867 1051 2890 ut
1062 2863 1095 2890 in
1108 2862 1322 2890 conficiendis
1334 2863 1585 2896 exemplaribus
1599 2867 1823 2894 mutarentur,

196 2913 403 2939 adderentur
417 2915 476 2939 aut
490 2912 862 2945 praetermitterentur.

248 2959 262 2978 2
301 2959 393 2992 Quae
407 2963 593 2993 sequuntur
607 2967 712 2993 usque
727 2960 770 2986 ad
782 2960 888 2986 verba
901 2958 941 2985 R.
954 2959 991 2986 P.
1004 2958 1171 2986 Nz‘colaus
1186 2958 1392 2991 Gaudanus,
1405 2958 1503 2986 lineis
1515 2966 1534 2985 a
1546 2958 1694 2986 Polanco
1709 2960 1825 2986 clausa

197 3011 273 3034 sunt
289 3010 325 3034 ut
342 3007 375 3033 in
389 3006 598 3041 apographis
613 3007 900 3041 praeterirentur;
916 3007 1055 3040 ideoque
1071 3006 1306 3033 desiderantur
1321 3005 1354 3032 in
1370 3006 1506 3033 nostris.

386 3064 435 3100 T.
459 3076 483 3099 1.
1591 3078 1636 3111 24
