2074 3179
241 146 311 183 150
765 145 993 184 LITTERAE
1019 156 1377 189 QUADRIMESTRES

983 597 1179 653 XLIV

312 826 360 864 P.
383 826 609 864 Adrianus
630 826 961 865 Adriaenssens

359 892 480 930 Patri
499 892 659 939 joanni
678 892 732 930 de
751 893 958 931 Polanco.

406 957 605 1005 Patavio,
627 957 671 995 21
691 957 860 1006 Aprilis
879 958 970 996 1549
989 960 1013 997 ¹.

1012 1115 1110 1194 1155

319 1312 488 1354 Gratia
508 1312 700 1354 Domini
720 1312 884 1354 Nostri
903 1314 1015 1367 Jesu
1035 1313 1111 1355 Xi.
1142 1314 1346 1355 abundet
1371 1326 1556 1367 semper
1584 1314 1632 1355 in
1658 1315 1883 1356 cordibus

238 1385 427 1425 nostris.

314 1455 592 1497 Reverende
630 1443 795 1497 Pater:
832 1456 1088 1497 Postremis
1122 1456 1433 1499 Reverentiae
1471 1458 1674 1499 Vestrae
1712 1457 1881 1498 litteris

235 1528 400 1569 eodem
421 1528 495 1568 die
515 1540 600 1580 per
619 1533 806 1580 postam
826 1528 1071 1580 respondi,
1096 1540 1187 1581 quo
1209 1541 1290 1570 eas
1311 1530 1494 1582 accepi,
1517 1529 1752 1580 videlicet,
1777 1529 1880 1581 ipsa

235 1600 310 1640 die
328 1599 518 1640 veneris
539 1605 730 1651 sancta3
755 1599 922 1652 quibus
942 1600 1112 1640 litteris
1133 1612 1218 1652 pro
1240 1601 1329 1641 hoc
1350 1607 1562 1653 tempore
1582 1600 1698 1641 nihil
1718 1611 1878 1641 occur·

234 1671 293 1711 rit
315 1670 582 1711 addendum
602 1671 693 1711 nisi
720 1671 845 1723 quod
870 1671 1099 1722 Magister
1127 1671 1348 1712 Andreas
1369 1671 1383 1690 ²
1405 1678 1450 1712 et
1470 1684 1556 1712 nos
1585 1683 1748 1712 omnes
1776 1672 1879 1712 sani

235 1748 280 1783 et
301 1743 411 1783 laeti
430 1742 478 1783 in
498 1742 702 1783 Domino
730 1754 838 1782 cum
858 1742 1006 1794 ipsius
1029 1743 1186 1794 gratia
1213 1755 1591 1795 perseveramus.
1625 1741 1695 1783 Sit
1720 1742 1880 1783 Domi-

235 1826 323 1855 nus
352 1814 640 1855 benedictuS.
671 1813 766 1855 Suo
794 1820 1004 1866 tempore
1032 1820 1077 1854 et
1104 1815 1224 1866 loco,
1255 1815 1364 1855 dum
1392 1815 1567 1867 aliquid
1602 1814 1877 1865 occurrerit,

234 1898 373 1939 spero
389 1898 463 1926 me
484 1891 651 1926 exacte
674 1891 719 1926 et
739 1886 921 1938 prolixe
944 1886 1101 1926 omnia
1129 1887 1189 1926 ad
1209 1885 1543 1927 Reverentiam
1563 1885 1788 1927 Vestram
1806 1897 1879 1926 me

234 1957 534 2010 scripturum.
567 1957 670 1998 Hoc
701 1958 852 1997 solum
887 1969 969 1997 oro
1001 1957 1209 1997 omnium
1242 1957 1443 1998 fratrum
1467 1958 1672 2008 nomine,
1708 1962 1759 1997 ut
1793 1967 1880 1997 nos

235 2028 536 2069 commendes
575 2028 805 2081 imprimis
852 2028 1143 2069 orationibus
1189 2029 1500 2069 amantissimi
1537 2028 1692 2069 Patris
1730 2028 1887 2069 nostri

237 2100 423 2152 Ignatii,
447 2099 554 2140 dein
574 2100 749 2140 vestris
769 2112 826 2140 ac
848 2100 1059 2140 omnium
1077 2099 1271 2140 Patrum
1291 2106 1336 2140 et
1356 2100 1592 2140 Fratrum.

319 2169 499 2223 Accepi
520 2182 706 2223 quoque
726 2182 811 2223 per
830 2170 1112 2223 Magistrum
1137 2170 1381 2211 Andream
1400 2171 1581 2211 litteras
1609 2170 1664 2211 R.
1688 2169 1749 2211 V.
1773 2182 1880 2211 cum

243 2242 381 2283 bullis
401 2241 611 2283 fabricae.
632 2242 786 2283 sancti
811 2242 938 2283 Petri
964 2242 1021 2283 de
1047 2242 1187 2294 Urbe,
1220 2242 1386 2294 quibus
1414 2254 1527 2283 sane
1553 2242 1807 2294 plurimum
1833 2242 1880 2282 in

240 2314 446 2354 Domino
467 2314 664 2365 gavisus
685 2319 730 2355 et
750 2320 993 2355 recreatus
1014 2314 1094 2355 fui.
1118 2314 1350 2354 Dominus
1378 2314 1514 2367 Jesus
1535 2314 1754 2365 dignetur
1776 2325 1881 2354 esse

243 2396 427 2426 merces
447 2391 608 2426 vestra
628 2397 714 2437 pro
735 2385 989 2438 laboribus,
1015 2397 1132 2438 quos
1154 2392 1250 2426 tam
1271 2385 1409 2426 hilari
1432 2397 1487 2426 ac
1507 2390 1724 2437 prompto
1753 2396 1878 2425 assu-

238 2456 366 2497 mitis
387 2456 558 2498 animo.

318 2527 405 2568 His
424 2528 532 2568 vale
548 2527 595 2568 in
615 2526 822 2568 Domino
843 2528 976 2581 Jesu,
1001 2527 1142 2569 Pater
1164 2528 1499 2569 amantissime.

320 2600 500 2640 Tacere
521 2604 680 2640 tamen
700 2610 795 2639 non
816 2611 1009 2651 possum
1025 2600 1149 2652 quod
1166 2599 1286 2640 mira
1303 2599 1506 2652 quadam
1522 2598 1813 2638 humanitate
1835 2604 1879 2637 et

289 2783 301 2802 ¹
341 2782 430 2811 Tota
453 2783 599 2818 epistola
623 2786 675 2811 est
700 2789 802 2810 manu
825 2782 970 2810 Adriani
995 2783 1039 2810 ab
1063 2782 1324 2810 Adriaenssens.
1347 2781 1398 2809 De
1422 2782 1487 2810 hoc
1507 2782 1557 2810 ita
1572 2781 1766 2815 ΒΕιΡιΛεΕ,
1791 2781 1813 2808 l.
1837 2788 1878 2808 c.:

238 2829 388 2858 “Adrien
402 2830 653 2858 Adriaenssens
668 2830 839 2864 (Adriani)
853 2831 895 2857 ne
910 2831 931 2858 a
945 2830 1081 2858 Anvers
1102 2837 1143 2857 en
1165 2829 1244 2863 1530,
1266 2829 1375 2857 admis
1392 2830 1412 2857 a
1435 2829 1590 2856 Louvain
1605 2836 1646 2856 en
1663 2828 1742 2862 1545,
1757 2831 1846 2855 mort
1860 2828 1880 2854 a

239 2877 398 2905 Louvain
411 2878 442 2905 le
460 2878 493 2905 18
507 2877 655 2906 October
669 2877 750 2911 1580;
766 2878 789 2905 il
804 2878 855 2905 fut
870 2877 1047 2912 superieur
1059 2878 1118 2905 des
1132 2876 1281 2911 Je'suites
1295 2877 1335 2904 de
1346 2876 1516 2909 Louvain.
1532 2876 1572 2904 de
1588 2876 1658 2904 1549
1672 2877 1693 2903 a
1709 2875 1806 2909 1558.„

291 2926 307 2945 2
347 2925 507 2953 Andreas
523 2925 692 2959 Sidereus,
709 2925 982 2960 Zutphemensis,
1007 2925 1062 2960 qui
1085 2925 1219 2952 itineris
1241 2932 1354 2952 comes
1377 2925 1478 2957 datus
1502 2927 1578 2952 erat
1601 2924 1766 2951 Adriano.
1790 2922 1881 2950 Vide

239 2973 416 3007 Pomeo,
434 2973 627 3001 Chronicon
644 2973 717 3002 Soc.
732 2973 819 3008 ses„
834 2977 858 3002 t.
875 2981 896 3008 1,
912 2981 991 3008 pag.
1006 2973 1070 3008 405,
1085 2977 1155 3000 not.
1172 2973 1197 3000 1.
