2074 3179
912 160 992 196 AN.
1024 160 1110 197 1551
1752 159 1821 195 405>

955 610 1099 664 CIII

269 841 312 878 P.
333 842 526 888 Joannes
547 841 599 878 de
619 842 815 878 Victoria

312 907 430 943 Patri
450 906 618 953 Ignatio
637 906 690 944 de
709 906 892 954 Loyola.

362 971 542 1017 Vienna,
566 972 582 1007 1
603 970 874 1018 Septembris
896 970 983 1007 1551
1009 972 1032 1005 ¹.

957 1145 1056 1220 uis

271 1323 433 1363 Gratia
455 1330 499 1362 et
521 1334 613 1373 pax
634 1322 824 1361 Domini
846 1321 1004 1361 Nostri
1024 1321 1135 1374 Jesu
1160 1321 1346 1369 Christi,
1372 1328 1458 1360 etc.

271 1395 331 1435 Ut
352 1400 544 1434 sanctae
567 1392 857 1433 obedientiae
885 1397 1136 1444 praecepto
1166 1391 1384 1439 satisfiat,
1409 1404 1463 1431 ea
1489 1403 1607 1443 quae
1630 1404 1712 1443 per
1733 1392 1821 1432 Dei

190 1465 393 1516 gratiam
415 1465 486 1504 his
508 1469 707 1515 quatuor
728 1463 964 1503 mensibus
996 1468 1102 1502 acta
1130 1469 1251 1513 sunt,
1281 1463 1499 1502 nimirum
1529 1474 1555 1502 a
1582 1469 1741 1502 nostra
1764 1475 1820 1503 ex

192 1536 315 1577 Urbe
336 1535 641 1587 profectione,
669 1539 843 1586 quanta
864 1533 1094 1574 brevitate
1124 1545 1199 1573 res
1219 1533 1349 1585 ipsae
1380 1534 1629 1584 patientur,
1663 1534 1733 1573 his
1754 1535 1820 1573 lit-

192 1608 303 1647 teris
324 1607 622 1658 complectar.

273 1677 432 1717 Variis
453 1677 594 1728 igitur
614 1677 662 1717 in
683 1677 815 1727 locis,
840 1683 1089 1728 antequam
1110 1675 1232 1716 R.d¹³⁵
1259 1676 1307 1716 Ρ.
1331 1676 1553 1716 Ν16013115
1576 1677 1631 1717 de
1658 1677 1823 1728 Lanoy

194 1760 301 1788 cum
323 1748 511 1799 reliquis
533 1753 638 1788 octo
659 1748 881 1788 fratribus
911 1747 1170 1788 Bononiam
1200 1747 1480 1798 perveniret,
1505 1748 1640 1788 varia
1668 1759 1820 1799 prose-

196 1820 457 1871 quebantur
492 1819 738 1869 exercitia3
775 1818 1175 1858 concionabantur
1204 1819 1346 1869 aliqui
1376 1818 1421 1858 in
1456 1819 1639 1870 templis
1670 1819 1745 1859 vel
1777 1819 1822 1858 in

192 1891 373 1942 plateis,
397 1890 475 1930 alii
496 1890 543 1929 in
562 1890 776 1941 hospitiis
805 1890 880 1929 vel
901 1889 947 1929 in
975 1889 1076 1940 ipso
1106 1889 1286 1939 itinere,
1319 1889 1473 1940 quoad
1503 1889 1602 1929 fieri
1622 1895 1820 1941 poterat,

124 1954 127 1956 ’
191 1974 314 2002 nunc
336 1962 421 2001 hos
436 1973 560 2001 nunc
582 1961 700 2011 illos,
721 1966 769 2000 ut
791 1961 1116 2012 opportunitas
1133 1967 1177 2000 et
1195 1960 1380 2000 occasio
1399 1960 1591 2010 ferebat,
1612 1961 1667 2000 de
1685 1961 1823 2000 rebus

192 2032 280 2084 piis
302 2032 678 2083 alloquebantur;
703 2031 780 2070 alii
800 2042 929 2079 vero,
955 2042 1059 2070 cum
1078 2030 1307 2070 modestia
1323 2037 1367 2070 et
1385 2030 1716 2081 taciturnitate,
1737 2031 1823 2070 sibi

193 2103 442 2143 commissa
464 2101 709 2153 diligenter
731 2101 971 2141 curabant.
992 2099 1068 2140 Sic
1087 2101 1285 2150 demum,
1306 2100 1406 2141 Deo
1424 2101 1556 2152 duce,
1580 2108 1685 2153 post
1702 2101 1819 2141 deci-

193 2186 318 2214 mum
339 2174 476 2223 diem,
500 2185 593 2212 non
614 2172 712 2212 sine
734 2172 886 2212 fructu
909 2178 1246 2212 conversantes
1268 2172 1451 2223 ubique,
1477 2172 1736 2212 Bononiam
1757 2173 1821 2211 in-

193 2246 399 2285 columes
420 2249 753 2295 pervenerunt3
778 2243 852 2283 ubi
871 2254 976 2283 cum
992 2243 1195 2283 Morales
1212 2249 1256 2283 et
1272 2254 1374 2294 ego,
1396 2249 1444 2283 ut
1461 2243 1686 2295 scriptum
1703 2251 1818 2293 erat,

191 2328 275 2356 nos
297 2315 679 2367 adjungeremus,
703 2314 816 2354 R.¹¹²0
847 2314 1217 2366 Archiepiscopo
1246 2313 1401 2365 Saulo,
1436 2315 1729 2367 Vicelegato,
1755 2327 1823 2355 sa-

190 2389 359 2438 lutato,
384 2399 410 2426 a
432 2398 521 2438 quo
543 2386 892 2437 perhumaniter
912 2385 1081 2425 fuimus
1102 2386 1307 2437 excepti,
1333 2386 1556 2436 postridie
1584 2386 1706 2426 illius
1735 2386 1824 2426 diei

192 2458 402 2499 Bononia
429 2457 742 2505 discessimus,
781 2456 997 2497 Patribus
1026 2468 1081 2496 ac
1108 2456 1368 2506 Fratribus,
1406 2457 1483 2508 qui
1519 2457 1580 2497 ibi
1611 2457 1822 2505 aderant,

191 2529 521 2577 valedicentes,
541 2528 620 2579 qui
637 2538 819 2568 summa
834 2539 890 2567 ac
908 2527 1137 2578 singulari
1153 2527 1356 2579 quadam
1373 2527 1602 2568 charitate
1626 2529 1822 2580 comple-

192 2606 369 2640 ctentes
404 2611 488 2639 nos
522 2598 889 2649 comitantesque
929 2610 1012 2650 per
1046 2604 1193 2638 totam
1228 2599 1491 2649 civitatem,
1539 2598 1597 2638 ad
1639 2605 1823 2650 portam

192 2682 337 2722 usque
358 2682 443 2710 nos
465 2670 779 2716 deduxerunt3
801 2669 879 2709 ubi
900 2681 1149 2721 corporum
1171 2670 1355 2721 quidem
1377 2669 1619 2721 sernctio,
1651 2670 1823 2710 animo-

192 2753 295 2780 rum
315 2752 429 2781 vero
450 2740 654 2790 minime,
677 2739 801 2779 facta
823 2745 905 2779 est.
931 2739 1086 2791 Atque
1113 2747 1162 2780 ut
1185 2741 1230 2779 in
1259 2751 1436 2780 summa
1467 2740 1622 2780 omnia
1651 2740 1821 2790 dicam,

247 2876 254 2895 ¹
295 2875 381 2902 Bina
396 2876 560 2902 habemus
582 2875 705 2902 harum
725 2875 921 2902 litterarum
935 2875 1145 2909 apographa.
1169 2874 1289 2907 Unum,
1313 2882 1332 2902 a
1355 2874 1390 2902 Ρ.
1416 2874 1591 2901 Bernardo
1612 2873 1762 2901 Oliverio
1778 2875 1822 2901 sa—

192 2927 294 2957 ctum,
312 2923 344 2950 in
360 2922 492 2950 Codicis
509 2922 586 2957 1551,
603 2922 659 2950 fol.
677 2922 709 2948 14
723 2925 757 2949 et
775 2922 816 2948 15.
829 2921 997 2954 Alterum,
1013 2922 1046 2949 in
1062 2921 1224 2949 Historia
1240 2923 1356 2954 varia,
1370 2922 1437 2948 vol.
1454 2929 1474 2955 1,
1492 2922 1547 2949 sol.
1563 2921 1615 2948 230
1629 2926 1661 2949 et
1675 2922 1742 2954 231;
1759 2922 1821 2948 hoc

192 2978 251 2997 nos
268 2970 544 3003 transcribemus,
562 2969 641 3003 quia
655 2969 770 3003 aliqua
786 2969 935 2996 continet
950 2977 1035 3003 quae
1051 2969 1084 2996 in
1099 2969 1207 3003 primo
1223 2969 1471 2996 desiderantur.
