2074 3179
244 142 316 177 <538
756 144 981 182 LITTERAE
1010 134 1368 189 QUADRIMESTRES

247 239 403 279 omnia
424 239 500 290 pia
522 240 745 291 proclivis
766 241 963 292 animus,
987 253 1073 282 nec
1093 242 1218 282 istud
1238 242 1445 293 ignoras.
1474 243 1699 293 Magnam
1718 243 1885 283 utilita-

248 310 304 349 tis
343 321 474 361 spem
508 310 554 350 in
588 322 841 361 puerorum
876 312 1168 353 institutione
1206 325 1308 353 esse
1341 314 1544 365 positam
1578 313 1667 354 hoc
1702 325 1885 365 quoque
1942 363 1946 367 .

246 381 364 421 alias
387 382 612 433 scriptum
634 388 717 421 est.
742 381 866 422 Nihil
887 383 1029 434 igitur
1050 389 1277 435 superest,
1301 383 1425 436 quod
1446 384 1507 424 ad
1527 384 1617 424 hoc
1638 385 1883 435 pertineat.

329 452 643 502 Quamobrem
665 453 725 493 ad
746 466 800 494 ea
821 455 981 506 venio,
1006 466 1125 506 quae
1147 460 1191 495 te
1212 455 1416 496 maxime
1437 455 1599 495 audire
1615 456 1735 496 velle
1757 456 1883 496 intel-

246 524 361 574 ligo,
399 535 474 574 ea,
518 536 636 576 quae
676 536 734 564 ex
773 525 1078 566 concionibus
1113 526 1354 578 sacrisque
1389 527 1762 567 confessionibus
1797 528 1886 567 hoc

240 594 400 646 jejunii
429 601 638 646 tempore
664 602 861 647 sequuta
890 603 997 637 sunt
1022 598 1283 638 commoda.
1316 598 1543 649 Magister
1573 598 1714 649 igitur
1744 599 1884 638 Bene-

245 666 398 706 dictus
420 665 429 684 ¹
452 672 549 706 toto
572 667 961 719 quadragesimae
983 674 1212 720 tempore,
1242 669 1404 709 diebus
1433 669 1619 721 quidem
1640 669 1886 710 dominicis

245 749 300 777 ac
322 737 473 789 festis,
498 738 623 790 quod
644 750 828 790 semper
860 741 999 789 solet,
1033 740 1341 781 concionatus
1369 746 1452 781 est.
1483 740 1710 782 Profestis
1731 747 1885 781 autem

244 810 494 860 evangelia
516 815 560 850 et
582 810 804 861 epistolas
825 811 1118 862 singulorum
1146 812 1326 852 dierum
1348 812 1565 863 exposuit
1584 812 1722 864 idque
1742 814 1884 853 multa

244 881 511 921 auditorum
545 881 828 933 frequentia,
870 883 956 922 etsi
991 889 1178 934 praeter
1213 883 1364 935 ipsum
1399 884 1602 936 quinque
1637 884 1715 924 alii
1743 886 1886 924 eccle-

243 952 417 992 siastae
457 953 503 992 in
538 952 626 992 hac
663 953 775 993 urbe
811 954 1221 994 concionarentur.
1258 954 1468 1007 Cumque
1499 967 1592 995 non
1627 955 1762 1006 pauci
1798 956 1886 995 hoc

244 1024 404 1074 modo,
430 1024 489 1064 ad
511 1024 749 1064 meliorem
770 1025 896 1065 vitae
918 1025 1148 1066 rationem
1176 1027 1414 1077 conversi,
1439 1039 1466 1066 a
1487 1026 1566 1067 via
1586 1033 1887 1078 peccatorum

242 1096 540 1143 diverterint,
579 1103 736 1136 tamen
762 1108 884 1136 unus
911 1097 1163 1149 praecipue
1199 1098 1429 1149 singulari
1460 1098 1661 1150 quodam
1688 1097 1887 1150 Spiritus

243 1166 403 1207 Sancti
426 1167 566 1207 ductu
597 1167 655 1207 ad
677 1168 1012 1219 poenitentiam
1039 1169 1190 1220 rediit,
1220 1169 1292 1209 vir
1319 1170 1488 1210 nobilis
1510 1182 1565 1210 ac
1586 1176 1753 1222 potens
1774 1176 1818 1210 et
1839 1171 1882 1211 in

243 1239 334 1278 hac
361 1239 554 1278 civitate
585 1239 745 1290 magni
775 1239 975 1279 habitus.
1012 1239 1154 1291 Huic,
1189 1252 1314 1291 cum,
1347 1247 1540 1292 propter
1562 1241 1771 1281 occisum
1796 1241 1885 1281 fra-

244 1316 381 1361 trem,
411 1321 560 1361 grave
590 1310 747 1350 odium
771 1309 869 1361 jam
900 1317 1078 1362 septem
1106 1312 1275 1352 abhinc
1302 1312 1437 1352 annis
1472 1324 1578 1352 cum
1607 1313 1754 1353 altero
1783 1313 1886 1353 viro

243 1381 402 1433 gravi,
427 1381 524 1433 qui,
550 1387 594 1422 et
614 1381 712 1433 ipse
731 1382 886 1422 clarus
902 1393 1099 1433 genere,
1126 1383 1291 1435 opibus
1311 1384 1507 1423 multum
1522 1390 1723 1435 poterat,
1747 1384 1884 1424 inter-

242 1453 486 1504 cessisset,
528 1453 778 1506 aliquando
818 1454 939 1494 inter
984 1455 1111 1505 ipsos
1156 1455 1476 1507 depugnatum
1522 1455 1673 1496 fuerat
1713 1467 1886 1507 magno

245 1524 388 1565 totius
409 1524 506 1564 fere
528 1525 734 1565 civitatis
756 1527 977 1576 tumultu,
1007 1532 1056 1566 ut
1086 1526 1257 1566 bonam
1279 1527 1504 1567 nobilium
1525 1533 1708 1578 partem
1729 1538 1888 1567 secum

243 1596 483 1636 traherent
503 1596 592 1636 hae
614 1596 733 1636 duae
753 1595 1002 1646 factiones,
1027 1609 1112 1637 nec
1135 1609 1227 1637 una
1248 1604 1431 1637 tantum
1451 1597 1629 1638 familia
1646 1598 1728 1638 sed
1748 1599 1887 1650 pluri-

243 1679 349 1708 mae
371 1668 534 1708 eodem
557 1668 663 1708 odio
684 1667 848 1708 eadem
876 1680 933 1708 ex
961 1680 1104 1708 causa
1133 1669 1368 1709 arderent.
1398 1669 1530 1709 Multi
1561 1670 1788 1721 supplicio
1811 1669 1886 1709 ad-

245 1738 357 1778 dicti
382 1737 481 1789 jam
510 1750 688 1790 poenas
718 1739 958 1779 dederant.
995 1739 1127 1779 Multi
1156 1746 1402 1791 praeterea
1433 1752 1491 1780 ex
1521 1740 1611 1780 hac
1641 1752 1806 1792 causa,
1840 1741 1886 1781 in

243 1810 435 1850 exilium
455 1810 673 1861 relegati,
697 1810 849 1861 patria
873 1822 1036 1850 carere
1057 1811 1362 1862 cogebantur.
1386 1812 1444 1851 Et
1465 1811 1589 1863 quod
1611 1817 1711 1852 erat
1728 1812 1886 1852 miser-

244 1881 432 1932 rimum,
463 1881 535 1921 vir
563 1882 638 1922 ille
669 1893 843 1932 magno
871 1893 1017 1933 prope
1046 1882 1188 1922 totius
1219 1882 1426 1923 civitatis
1457 1894 1672 1923 moerore
1689 1882 1785 1934 jam
1809 1883 1887 1923 diu

242 1954 290 1993 in
318 1965 510 1994 carcere
537 1965 710 2002 nexus,
742 1965 882 2005 saepe
907 1952 1004 2005 jam
1033 1960 1205 2005 tortus,
1238 1966 1332 1994 non
1359 1954 1488 2006 prius
1523 1966 1752 1994 evasurus
1781 1955 1887 1995 inde

241 2025 543 2075 credebatur,
575 2036 715 2076 quam
744 2025 800 2064 de
827 2036 883 2064 eo
914 2030 1175 2065 extremum
1203 2031 1466 2066 sumeretur
1494 2025 1788 2077 supplicium.
1819 2026 1886 2066 In-

241 2096 396 2136 stabat
417 2096 539 2136 enim
566 2096 641 2136 hic
675 2095 773 2148 ejus
801 2096 1106 2136 adversarius
1126 2096 1249 2148 apud
1271 2096 1546 2148 Pro-regem
1566 2096 1884 2148 vehementer,

241 2174 287 2208 et
307 2168 433 2208 nulla
456 2168 657 2218 ratione,
682 2168 820 2208 nullis
840 2168 1086 2219 lacrymiS‚
1110 2168 1249 2208 nullis
1283 2168 1426 2208 etiam
1452 2168 1715 2220 principum
1741 2169 1885 2221 preci-

240 2240 329 2279 bus
359 2239 485 2279 flecti
513 2245 698 2290 poterat
730 2245 777 2279 ut
808 2240 882 2279 vel
913 2239 1154 2279 remissius
1189 2240 1440 2291 quicquam
1476 2251 1583 2280 cum
1617 2251 1672 2280 eo
1708 2246 1883 2291 ageret.

242 2310 379 2350 Hunc
408 2310 471 2350 ita
502 2310 707 2350 ferocem
740 2311 896 2350 animo
931 2310 1079 2350 movit
1108 2310 1257 2361 Deus,
1290 2322 1409 2351 unus
1444 2311 1614 2351 author
1643 2317 1887 2363 motorque

241 2382 476 2432 cordium,
510 2382 636 2422 circa
671 2382 852 2421 initium
883 2382 1274 2434 quadragesimae
1303 2388 1354 2422 ut
1383 2382 1546 2422 lubens
1574 2382 1886 2434 frequensque

242 2453 302 2493 ad
336 2453 558 2505 templum
592 2459 804 2492 nostrum
839 2452 1106 2503 accederet,
1144 2453 1297 2504 ibique
1336 2464 1474 2493 sacra
1508 2453 1742 2493 interdum
1777 2453 1882 2504 duo,

243 2536 427 2575 semper
458 2530 614 2564 autem
641 2524 916 2564 concionem
944 2524 1019 2564 vel
1048 2524 1315 2574 lectionem,
1349 2530 1451 2563 utra
1485 2536 1569 2575 pro
1606 2524 1784 2564 dierum
1814 2536 1884 2564 ra-

242 2596 367 2636 tione
397 2596 668 2644 haberetur,
708 2595 1047 2636 attentissimus
1088 2595 1290 2646 audiret,
1329 2595 1552 2647 lacrymis
1590 2595 1769 2635 interea
1802 2607 1886 2647 per

243 2666 341 2718 ejus
373 2678 523 2718 genas
559 2667 750 2719 copiose
785 2666 1156 2717 decurrentibus,
1195 2678 1285 2718 quo
1321 2672 1366 2707 et
1401 2667 1500 2718 ipse
1534 2677 1885 2718 nonnumquam

243 2738 465 2778 obvelare
486 2738 626 2790 pallio
649 2744 790 2789 caput
817 2738 1097 2789 cogebatur,
1121 2743 1171 2777 ut
1188 2736 1285 2789 jam
1313 2736 1612 2778 admirationi
1639 2743 1762 2778 esset
1789 2737 1883 2777 suis

241 2808 440 2859 civibus,
460 2809 593 2849 nobis
610 2820 723 2849 vero
745 2809 887 2849 etiam
907 2820 1037 2860 spem
1054 2807 1245 2859 majoris
1266 2808 1446 2854 fructus
1463 2807 1665 2859 afferret,
1685 2820 1776 2860 qua
1798 2820 1883 2848 nec

299 2968 306 2987 ¹
350 2968 552 2996 Benedictus
571 2970 729 2996 Palmius.
