2074 3179
911 204 993 242 AN.
1026 205 1109 241 1551
1750 200 1819 235 433

184 315 281 354 quo
303 304 395 342 late
417 301 665 341 undecima
686 301 820 352 hujus
843 300 1023 351 scripsi.
1048 301 1147 350 Ego
1169 311 1262 339 non
1282 297 1482 347 interfui,
1504 298 1609 347 quia
1628 309 1720 336 non
1742 308 1816 335 vo-

189 380 335 413 catus.
360 372 609 412 Conclusio
631 371 716 411 fuit
737 384 786 411 se
806 383 900 411 non
931 371 1189 421 intelligere
1216 380 1364 420 neque
1391 369 1540 407 bullas
1567 379 1716 418 neque
1744 379 1818 406 res

189 443 458 491 Societatis‚
491 454 545 482 ac
579 442 772 494 proinde
807 453 1083 482 concessum
1118 447 1186 480 est
1218 439 1418 490 Regenti
1453 445 1501 478 ut
1537 444 1699 478 contra
1735 449 1818 476 nos

191 515 315 554 litem
351 514 613 553 institueret
642 512 860 564 juridice,
898 512 1149 563 praecipue
1183 522 1289 550 cum
1318 509 1423 561 jura
1458 509 1660 548 habeant
1696 508 1817 559 quod

191 584 271 624 filii
302 585 393 624 sint
427 585 511 624 sub
547 583 808 623 obedientia
834 588 1080 634 parentum
1107 594 1251 633 usque
1278 581 1337 621 ad
1365 581 1618 620 solemnem
1646 578 1818 630 profes·

191 656 391 705 sionem,
417 661 461 695 et
482 655 683 706 reliqua,
707 665 825 705 quae
847 654 999 704 magis
1021 654 1242 704 patebunt
1264 665 1322 692 ex
1349 650 1699 703 quaestionibus
1723 648 1819 700 jam

194 725 545 777 subjungendis.

270 796 447 847 Primo,
488 796 660 847 petitur
695 807 925 846 quaenam
961 795 1051 834 sint
1087 795 1191 834 illae
1229 793 1582 833 constitutiones
1623 802 1820 842 quarum

191 868 340 907 bullae
363 867 499 906 toties
520 867 802 906 mentionem
823 865 1001 905 faciunt
1026 864 1051 902 ¹.

268 937 513 988 Quodnam
535 937 592 977 sit
615 937 726 977 illud
742 942 923 988 tempus
940 936 1232 987 probationis
1251 935 1296 974 in
1313 933 1719 974 constitutionibus
1742 945 1820 972 ex-

190 1019 423 1060 pressum,
449 1008 504 1047 de
526 1019 617 1059 quo
640 1007 922 1047 mentionem
942 1006 1052 1046 facit
1074 1007 1198 1045 bulla
1221 1005 1265 1046 S.
1290 1005 1337 1045 P.
1362 1005 1483 1057 Julii.

270 1079 449 1129 Tertio,
473 1079 646 1129 petitur
668 1090 728 1118 an
750 1078 990 1118 scholares
1011 1077 1191 1128 possint
1213 1088 1295 1116 sua
1317 1076 1438 1116 bona
1470 1075 1744 1126 temporalia
1775 1081 1819 1113 et

189 1149 414 1189 beneficia
436 1155 479 1189 et
497 1148 571 1200 jus
602 1149 660 1188 ad
687 1149 808 1188 bona
840 1154 1085 1200 parentum
1113 1159 1328 1197 servare,
1359 1154 1402 1187 et
1430 1147 1507 1186 ubi
1537 1147 1624 1186 hoc
1652 1146 1820 1185 habeat
1843 1156 1847 1160 ·

191 1220 466 1271 approbatio
488 1218 620 1259 Sedis
642 1219 940 1269 apostolicae.

271 1290 470 1341 Quarto,
508 1290 583 1329 ubi
612 1290 669 1329 ab
699 1290 862 1329 eadem
893 1288 1009 1329 Sede
1038 1289 1321 1340 approbetur
1349 1294 1508 1328 votum
1540 1288 1821 1328 studentium

196 1373 276 1401 seu
299 1361 635 1412 incipientium.

271 1432 457 1483 Quinto,
484 1431 606 1471 istud
624 1437 785 1471 votum
811 1431 1008 1482 simplex
1036 1431 1172 1471 nimis
1203 1431 1388 1470 videtur
1418 1430 1614 1469 arduum
1644 1434 1688 1468 et
1718 1428 1821 1468 ideo

191 1503 373 1543 nonnisi
390 1508 494 1553 post
512 1502 782 1542 diuturnum
802 1508 982 1550 certum
995 1508 1176 1553 tempus
1190 1508 1233 1541 et
1251 1501 1646 1541 cohabitationem
1661 1505 1705 1539 et
1722 1511 1821 1551 pro-

189 1575 425 1615 bationem
442 1574 608 1613 debere
633 1584 861 1624 quemque
884 1572 942 1612 ad
965 1572 1077 1612 illud
1099 1572 1404 1612 emittendum
1422 1571 1618 1621 admitti3
1637 1571 1760 1622 quod
1780 1578 1825 1610 et

190 1646 340 1685 bullae
363 1656 522 1684 omnes
544 1644 784 1684 intendere
802 1644 1033 1684 videntur.
1056 1643 1189 1694 Quod
1205 1649 1362 1683 autem
1377 1642 1515 1682 nimis
1532 1641 1729 1682 arduum
1750 1642 1823 1687 sit,

194 1717 332 1756 immo
350 1721 394 1755 et
411 1722 575 1755 contra
591 1715 767 1755 bullam
784 1713 829 1755 S.
850 1714 899 1754 P.
918 1714 993 1763 N.,
1013 1715 1120 1754 hinc
1137 1714 1348 1764 habetur,
1369 1714 1476 1764 quia
1495 1714 1572 1753 illa
1587 1713 1711 1752 bulla
1728 1714 1826 1752 vult

194 1787 334 1827 etiam
360 1792 522 1827 votum
549 1785 873 1837 coadjutorum
904 1792 948 1826 et
979 1786 1264 1826 scholarium
1291 1797 1383 1825 non
1418 1784 1589 1824 diutius
1618 1784 1826 1834 obligare

196 1870 335 1910 quam
355 1856 596 1909 Superiori
618 1856 838 1897 Generali
858 1858 1058 1908 placeat.
1082 1857 1210 1897 Istud
1232 1868 1345 1896 vero
1368 1856 1566 1906 simplex
1586 1860 1748 1895 votum
1764 1855 1827 1894 vi-

194 1930 328 1969 detur
350 1929 440 1968 duo
461 1934 571 1967 vota
594 1928 846 1978 includere;
872 1929 1071 1967 alterum
1092 1933 1183 1978 est,
1209 1939 1300 1978 quo
1322 1927 1500 1967 scilicet
1521 1932 1663 1966 vovet
1685 1938 1733 1965 se
1750 1924 1827 1965 So-

196 2001 412 2040 cietatem
434 1999 754 2050 ingressurum
775 2005 1003 2050 quantum
1024 1999 1068 2038 in
1092 2011 1140 2038 se
1158 2005 1240 2039 est.
1262 1998 1474 2038 Alterum
1492 2009 1625 2048 vero,
1646 2009 1734 2049 quo
1752 2009 1829 2037 vo-

200 2077 277 2111 vet
298 2071 387 2111 tria
410 2071 487 2110 illa
510 2076 621 2110 Vota
639 2069 772 2121 juxta
793 2070 1148 2110 constitutiones
1169 2069 1437 2119 Societatis‚
1457 2069 1495 2109 si
1512 2069 1657 2120 recipi
1673 2074 1829 2120 potue-

198 2143 273 2182 rit.
297 2141 532 2192 Quantum
561 2141 619 2180 ad
646 2141 849 2192 primum
875 2147 1038 2181 votum
1070 2153 1150 2181 seu
1178 2141 1276 2180 voti
1305 2140 1528 2191 simplicis
1556 2140 1827 2188 clausulam,

200 2224 379 2253 vovens
399 2224 652 2263 numquam
672 2211 856 2252 videtur
877 2224 1014 2263 posse
1036 2212 1135 2252 fieri
1162 2211 1277 2251 liber
1302 2223 1388 2251 nec
1416 2222 1620 2262 unquam
1650 2210 1831 2261 quietus

200 2285 245 2323 in
267 2283 408 2323 corde
431 2290 623 2334 propter
644 2284 769 2323 illam
792 2284 1051 2323 clausulam
1073 2287 1303 2334 qnantum
1324 2283 1372 2322 in
1389 2294 1460 2322 me
1475 2285 1563 2321 est:
1580 2293 1689 2321 nam
1706 2293 1830 2321 num-

198 2366 337 2406 quam
359 2360 437 2394 aut
458 2354 698 2394 rarissime
721 2353 877 2394 induci
898 2360 1049 2406 potest
1073 2366 1154 2394 cor
1177 2354 1349 2394 humile
1370 2359 1420 2393 ut
1441 2353 1529 2393 sibi
1551 2352 1831 2403 persuadeat

199 2433 279 2466 aut
306 2425 473 2465 fecisse
502 2432 581 2465 aut
608 2425 763 2465 facere
790 2425 915 2476 quod
943 2426 987 2465 in
1019 2437 1067 2465 se
1095 2431 1180 2465 est.
1208 2425 1280 2465 Ex
1307 2425 1396 2464 hoc
1426 2425 1582 2475 itaque
1610 2434 1832 2474 magnum

198 2496 456 2548 periculum
488 2496 772 2547 scrupulosis
794 2503 837 2536 et
869 2496 1122 2546 timoratis,
1154 2507 1247 2535 non
1278 2501 1434 2535 tamen
1464 2495 1523 2535 ad
1551 2493 1830 2535 Societatem

198 2574 408 2608 nostram
432 2573 509 2606 aut
531 2579 587 2606 ex
623 2567 1047 2607 immortificatione
1075 2572 1154 2606 aut
1180 2566 1365 2606 aliunde
1393 2566 1598 2606 animum
1626 2565 1829 2605 habenti-

199 2640 302 2689 bus,
337 2650 585 2689 magnum,
619 2638 832 2689 inquam,
862 2638 1120 2690 periculum
1148 2638 1390 2678 imminere
1417 2636 1669 2676 videretur.
1705 2635 1830 2676 Istud

199 2710 354 2760 itaque
375 2715 536 2748 votum
555 2708 765 2759 simplex,
786 2708 1004 2749 nimirum
1023 2720 1182 2749 coram
1206 2708 1307 2748 Deo
1331 2708 1527 2748 solemni
1549 2704 1659 2747 vot'o
1678 2707 1828 2757 aequi<

199 2781 399 2830 pollens,
430 2779 738 2830 periculosius
768 2779 952 2820 videtur
985 2791 1125 2830 quam
1152 2780 1372 2819 solemne.
1402 2778 1491 2818 Hic
1518 2778 1642 2817 enim
1669 2777 1830 2816 haeret

196 2851 363 2890 dubius
384 2850 598 2889 nesciens
620 2850 729 2900 quid
750 2850 837 2890 sibi
858 2851 1093 2901 agendum
1114 2850 1196 2899 sit,
1223 2850 1269 2889 in
1291 2849 1486 2889 solemni
1508 2854 1618 2889 voto
1639 2860 1746 2888 non.

212 2986 215 2987 γ
255 2963 264 2983 ¹
303 2963 356 2990 Ad
370 2963 515 2997 paginae
532 2970 626 2990 oram
642 2966 674 2990 et
689 2963 865 2998 suisjuxta
881 2963 1032 2997 singulas
1047 2962 1261 2996 quaestiones
1277 2961 1360 2988 locis
1375 2961 1532 2995 apposuit
1547 2961 1719 2988 Adrianus
1734 2962 1828 2988 haec:

199 3011 250 3045 pfl
264 3011 384 3045 petitio
398 3026 411 3029 -
423 3011 719 3038 2.⁸—3.³¹=—4.²²—5.⁸
