2074 3179
856 131 940 168 AN.
971 130 1062 167 1552
1704 131 1775 169 657

229 228 604 280 superscriptio:
624 228 726 268 R.d0
748 228 794 267 in
816 228 1003 268 Christo
1031 226 1232 266 Domino
1259 226 1387 265 Patri
1408 226 1589 275 Ignatio
1610 227 1666 266 dc
1686 226 1770 266 Lo-

146 301 275 351 yola,
299 299 572 350 Praeposito
591 298 809 340 Generali
830 297 1077 338 Societatis
1102 297 1233 349 Jesu,
1265 295 1388 347 apud
1408 295 1632 336 Sanctum
1653 297 1771 336 Mar-

147 382 274 420 cum,
300 371 346 410 in
368 369 560 410 aedibus
580 368 782 410 Sanctae
803 369 980 409 Mariae
1002 368 1058 407 de
1079 367 1269 416 strada,
1293 366 1485 406 Romae.

227 442 286 481 Di
308 447 442 493 porto
460 473 467 491 ,
488 441 655 492 cinque
676 441 874 480 baiochi.

225 512 335 552 Alia
357 511 694 564 ma1‹zzt.·Jesus.
724 512 837 551 1552.
874 510 1078 560 Pariggi.
1112 509 1171 549 Di
1203 508 1262 548 M.
1293 509 1497 549 Roberto
1527 509 1773 560 Claysson<

146 584 237 624 nio.
261 583 331 623 De
357 584 404 622 18
424 583 468 623 di
491 583 696 633 Maggio.

216 1234 263 1271 Ρ.
285 1235 477 1281 Joannes
498 1236 760 1275 Pelletarius

267 1299 388 1337 Patri
407 1300 574 1347 Ignatio
594 1301 647 1338 de
666 1302 850 1348 Loyoln.

312 1364 533 1413 Ferraria,
555 1367 602 1403 24
620 1367 726 1404 Maii
745 1368 836 1404 1552
853 1368 879 1403 ¹.

226 1644 350 1686 Dum
378 1647 568 1697 quilibet
598 1654 782 1687 tuorum
817 1658 901 1698 pro
936 1658 1019 1686 suo
1054 1646 1240 1686 modulo
1269 1646 1379 1686 totis
1405 1645 1564 1685 nervis
1589 1647 1778 1697 proprio

150 1716 373 1757 incumbit
400 1718 601 1768 muneri,
632 1717 771 1757 Pater
797 1729 1035 1769 nunquam
1063 1729 1159 1757 non
1185 1717 1498 1767 observande,
1530 1728 1644 1756 sane
1674 1728 1778 1756 con-

147 1787 499 1828 scribendarum
529 1794 726 1839 quatuor
748 1788 977 1828 mensium
998 1789 1281 1838 litterarum,
1307 1788 1474 1839 quibus
1498 1794 1685 1828 nostros
1707 1800 1778 1827 co-

146 1865 282 1898 natus
303 1858 350 1898 in
371 1858 545 1898 Christi
567 1859 732 1899 militia
763 1859 1043 1910 conspicuos
1073 1859 1268 1899 reddere
1298 1860 1501 1898 solemus
1528 1858 1607 1898 P.ti
1633 1858 1776 1905 Tuae,

144 1929 372 1968 memoria
406 1929 574 1969 animis
608 1930 782 1970 nostris
815 1929 1047 1970 excidisse
1081 1930 1342 1969 videbatur.
1378 1929 1557 1969 Verum
1591 1929 1781 1980 spiritus

148 1999 222 2038 ille
243 1999 450 2049 divinus,
474 2000 553 2051 qui
574 2000 709 2040 docet
730 2000 1033 2051 suggeritque
1057 2000 1235 2049 omnia,
1261 2011 1343 2039 sua
1365 2000 1571 2039 bonitate
1591 2011 1686 2040 non
1706 2000 1779 2040 de-

145 2070 230 2110 fuit
252 2070 299 2110 in
326 2070 623 2121 suggerendo
653 2071 977 2122 monendoque
1007 2071 1118 2122 quid
1147 2070 1272 2110 facto
1299 2077 1422 2110 esset
1451 2082 1581 2122 opus.
1613 2070 1782 2111 Paucis

146 2140 302 2191 igitur,
327 2152 445 2192 quae
467 2141 526 2181 ad
547 2141 750 2192 gloriam
770 2140 999 2181 Altissimi
1021 2148 1127 2181 acta
1147 2147 1269 2192 sunt,
1293 2153 1320 2181 a
1341 2141 1474 2181 nobis
1497 2142 1671 2193 accipe.

225 2211 296 2251 Ac
318 2212 533 2263 primum,
558 2212 681 2263 quod
702 2212 762 2252 ad
781 2212 1081 2263 gymnastica
1102 2212 1284 2262 attinet,
1308 2223 1421 2252 sane
1442 2212 1656 2253 eumdem
1677 2224 1777 2253 cur—

147 2294 249 2323 sum
279 2289 456 2333 tenent,
495 2294 631 2334 quem
667 2283 799 2333 olim,
835 2283 875 2322 si
905 2282 1116 2323 ordinem
1142 2283 1452 2334 spectaveris;
1484 2283 1522 2322 si
1556 2283 1775 2331 fructum,

145 2354 283 2404 longe
303 2365 389 2394 nec
406 2353 542 2393 dubie
558 2353 818 2393 uberiorem
836 2352 1048 2393 efferunt.
1068 2352 1202 2404 Nam,
1220 2360 1269 2393 ut
1290 2353 1346 2394 de
1363 2353 1587 2394 fratribus
1602 2354 1781 2405 primus

145 2424 372 2464 habeatur
402 2435 576 2473 sermo,
606 2435 700 2463 non
735 2424 971 2464 absimiles
1006 2424 1249 2465 foecundis
1282 2425 1411 2475 agris
1439 2436 1520 2464 eos
1546 2423 1779 2475 judicave-

146 2495 232 2535 rim
251 2527 259 2545 ‚
293 2495 369 2546 qui
391 2496 530 2545 longe
550 2495 685 2546 plura
706 2496 855 2535 solent
877 2495 974 2535 suis
996 2495 1191 2536 reddere
1213 2496 1468 2535 cultoribus
1489 2507 1628 2546 quam
1650 2507 1778 2535 acce-

146 2566 314 2616 perint.
338 2566 406 2606 Illi
427 2566 570 2616 enim,
594 2565 875 2616 quotidianis
895 2578 990 2606 non
1012 2567 1218 2607 contenti
1238 2567 1532 2617 lectionibus,
1562 2567 1679 2607 alias
1698 2578 1782 2618 per

146 2648 195 2676 se
218 2643 484 2687 assumunt,
508 2636 686 2687 sibique
714 2636 828 2686 ipsis
855 2637 1070 2688 magistri
1100 2644 1229 2688 sunt;
1258 2638 1369 2689 quin
1400 2638 1542 2677 etiarn
1570 2643 1784 2678 caeteros

145 2707 414 2758 instituunt3
442 2706 611 2757 quibus
641 2707 730 2746 nisi
763 2707 1033 2747 moderator
1065 2708 1329 2757 accederet,
1361 2715 1410 2747 ut
1439 2709 1544 2747 vela
1573 2720 1780 2759 expansa

146 2777 483 2828 aliquantisper
505 2777 868 2828 constringeret,
892 2778 1100 2829 putarint
1122 2779 1238 2818 adeo
1259 2777 1381 2818 felici
1403 2779 1706 2829 navigatione
1732 2792 1781 2818 se

203 2936 211 2955 ¹
252 2936 498 2970 Apographum
515 2937 649 2964 infoliis
664 2938 698 2963 46
715 2941 747 2964 et
762 2937 797 2964 118
812 2936 945 2964 Codicis
961 2937 1038 2964 1551.

339 2995 386 3029 Τ.
412 3007 436 3030 1.
1516 3010 1559 3042 42
