2074 3179
262 117 338 155 280
778 119 1004 157 LlTTERAE
1030 131 1388 163 QUADRIMESTREs

948 572 1201 626 LXXIX

300 802 461 840 Petrus
482 801 685 840 Canisius

372 867 493 905 Patri
511 867 680 914 Ignatio
699 867 754 905 de
773 867 958 914 Loyola.

417 932 699 980 Ingolstadio‚
720 933 767 970 30
787 933 975 981 Aprilis,
1000 934 1086 971 1551
1110 934 1134 968 ¹.
1177 962 1179 966 .

1023 1105 1121 1182 ulis

249 1249 302 1277 De
317 1251 418 1277 rebus
432 1250 579 1277 fratrum
591 1248 789 1283 Societatis,
805 1248 862 1284 qui
876 1249 966 1284 apud
981 1249 1173 1276 Germanos
1189 1249 1325 1283 degunt,
1338 1249 1381 1276 ab
1396 1248 1491 1276 initio
1507 1249 1586 1277 anni
1598 1249 1676 1282 1551,
1688 1250 1892 1284 praesertim

696 1296 910 1331 Ingolstadii,
927 1304 1032 1331 usque
1055 1297 1099 1324 ad
1120 1303 1269 1324 mensem
1291 1296 1417 1324 Maium
1431 1296 1454 1324 ἓ.

328 1430 494 1470 Gratia
517 1435 561 1470 et
581 1441 697 1481 pax,
722 1435 811 1470 etc.
835 1427 863 1467 ⁵.

326 1501 612 1541 Redditurus
634 1501 868 1541 rationem
887 1500 1184 1552 superiorum
1215 1500 1352 1540 huius
1382 1500 1494 1539 anni
1522 1500 1772 1550 mensium,
1803 1499 1893 1540 hoc

244 1573 305 1613 de
326 1573 505 1624 meipso
526 1572 736 1624 praefari
756 1572 922 1623 habeo,
946 1571 1048 1612 R.de
1069 1571 1210 1612 Pater
1232 1571 1279 1611 in
1301 1570 1486 1611 Christo
1514 1569 1786 1622 Praeposite
1813 1583 1891 1611 no-

246 1650 360 1695 ster,
383 1644 539 1684 Vereri
555 1655 628 1684 me
650 1643 848 1695 scilicet,
873 1654 928 1683 ac
950 1643 1187 1683 solicitum
1209 1654 1311 1682 esse
1333 1653 1513 1682 summo
1532 1642 1631 1682 iure
1649 1653 1790 1693 quam
1806 1653 1894 1693 ego

247 1716 480 1756 rationem
501 1715 651 1755 omnis
672 1715 799 1755 vitae
829 1726 962 1755 meae
993 1714 1081 1754 sim
1111 1725 1272 1754 coram
1300 1713 1451 1753 iudice
1478 1712 1580 1753 Deo
1606 1713 1890 1765 redditurus,

247 1789 327 1839 qui
361 1798 486 1827 nunc
515 1787 571 1827 de
598 1786 760 1838 paucis
790 1786 932 1826 etiam
966 1785 1225 1837 mensibus,
1256 1785 1346 1825 nisi
1376 1785 1497 1824 male
1528 1785 1790 1836 collocatis,
1827 1797 1893 1826 re-

246 1859 480 1911 spondere
505 1869 602 1898 non
628 1869 834 1910 possum.
867 1857 1084 1898 Praestat
1111 1857 1255 1908 igitur
1281 1856 1337 1897 de
1364 1855 1466 1896 R.<10
1495 1856 1569 1897 Re
1598 1863 1642 1897 et
1669 1856 1893 1902 Doctore‚

246 1931 305 1972 D.
330 1930 526 1972 Claudio
546 1930 674 1983 Jaio,
698 1935 744 1970 et
764 1929 821 1970 D.
847 1929 1042 1970 Nicolao
1071 1928 1302 1970 Goudano
1331 1928 1486 1969 dicere
1512 1929 1736 1981 primum,
1768 1928 1893 1980 quod

245 2014 330 2055 per
364 2003 467 2043 illos
503 2001 663 2042 divina
703 2001 888 2042 bonitas
931 2000 1278 2052 efficiatfquae
1312 2005 1534 2052 peccator
1574 2011 1662 2051 ego
1697 1999 1892 2052 Deoque

248 2075 467 2125 ingratus
488 2079 532 2113 et
553 2073 730 2113 inutilis
751 2073 889 2125 plane
909 2072 1036 2112 haud
1059 2083 1336 2123 consequor.

329 2144 513 2186 Vellem
533 2145 721 2185 interim
746 2144 901 2195 magis
931 2143 1045 2184 mihi
1072 2154 1174 2183 esse
1203 2149 1466 2194 comperta,
1496 2154 1615 2195 quae
1641 2142 1894 2194 praecipue

248 2216 303 2258 R.
328 2216 378 2257 P.
403 2216 628 2257 Claudius
651 2217 741 2256 hoc
769 2227 892 2256 anno
919 2215 1088 2267 gessit,
1118 2216 1366 2267 praeclara
1393 2226 1526 2266 sane,
1557 2220 1603 2255 et
1631 2214 1692 2255 ad
1719 2213 1895 2255 Christi

245 2289 449 2340 gloriam
470 2287 800 2328 illustrandam
820 2287 998 2338 scriptu
1019 2286 1176 2338 digna,
1200 2286 1240 2326 si
1260 2286 1363 2338 quis
1384 2298 1440 2327 ea
1462 2298 1623 2327 coram
1651 2285 1889 2338 adspexis-

302 2472 313 2492 ¹
354 2471 428 2499 Duo
444 2471 655 2506 exemplaria
669 2471 792 2499 harum
806 2470 1003 2498 litterarum
1017 2470 1192 2498 habemus:
1209 2477 1310 2498 unum
1322 2477 1342 2498 a
1355 2470 1391 2498 P.
1408 2469 1585 2497 Bernardo
1605 2469 1754 2497 Oliverio
1772 2476 1893 2497 exara-

248 2523 322 2546 tum
337 2519 369 2546 in
385 2519 474 2546 foliis
490 2519 523 2546 10
537 2522 570 2546 et
587 2519 617 2546 11
635 2518 770 2546 Codicis
785 2519 863 2552 1551;
885 2519 1044 2552 alterum,
1061 2517 1170 2545 Roma
1188 2517 1231 2545 ad
1247 2517 1419 2552 Hispanos
1433 2517 1544 2545 socios
1557 2517 1707 2550 missum,
1723 2516 1755 2544 in
1772 2516 1889 2544 Histo-

249 2567 306 2594 ria
329 2567 446 2598 varia,
469 2567 536 2593 vol.
563 2573 584 2601 1,
608 2566 664 2594 fol.
687 2566 739 2593 208
761 2570 794 2593 et
819 2565 1173 2600 209.—Autographae
1188 2565 1316 2593 Canisii
1340 2565 1478 2592 litterae
1500 2568 1578 2592 sunt
1599 2564 1631 2592 in
1652 2564 1732 2591 folio
1748 2564 1885 2598 duplici,

249 2622 303 2642 nn.
319 2614 372 2642 379
387 2618 420 2641 et
434 2614 497 2648 380,
513 2614 608 2649 cujus
624 2618 695 2641 tres
710 2617 845 2641 tantum
860 2613 991 2648 priores
1005 2613 1151 2647 paginas
1166 2612 1324 2647 implent;
1347 2613 1380 2640 in
1395 2616 1520 2647 quarta
1540 2619 1607 2639 non
1627 2614 1679 2639 est
1700 2611 1764 2639 nisi
1778 2619 1896 2646 super-

249 2662 391 2696 scriptio
407 2665 441 2689 et
457 2662 526 2689 alia
540 2669 661 2696 pauca,
678 2669 766 2696 quae
782 2662 871 2689 infra
886 2664 960 2695 post
973 2661 1297 2696 superscriptionem
1313 2660 1597 2688 transcribentur.

303 2711 317 2730 2
355 2709 616 2744 Inscriptionem
639 2710 737 2739 hanc.
760 2716 861 2744 quam
885 2707 1042 2736 Canisius
1066 2716 1147 2736 suae
1172 2709 1383 2736 narrationis
1406 2708 1500 2736 initio
1525 2708 1702 2742 imposuit,
1724 2708 1814 2735 linea
1830 2707 1894 2734 cir-

249 2758 432 2787 cumducta
447 2758 614 2785 conclusit
631 2757 798 2785 Polancus
813 2765 853 2784 ne
870 2757 902 2784 in
918 2757 1145 2791 transumptis
1165 2757 1385 2784 scriberetur.
1401 2756 1439 2784 In
1455 2764 1496 2784 ea
1509 2757 1617 2784 verba
1638 2756 1698 2784 illa
1709 2777 1714 2789 ,
1725 2759 1893 2790 praeser-

249 2807 317 2833 tim
332 2806 560 2840 Ingolstadii,
573 2806 662 2833 linea
678 2805 825 2833 obducta
850 2804 1037 2832 obliterata
1057 2808 1136 2832 sunt
1152 2809 1185 2831 et
1200 2805 1345 2839 quidem,
1361 2808 1397 2832 ut
1411 2804 1560 2839 videtur,
1585 2804 1628 2831 ab
1651 2804 1722 2839 ipso
1745 2803 1893 2831 Canisio.

304 2854 318 2871 ⁷·
358 2853 475 2880 Verba
498 2854 583 2880 haec
608 2861 673 2881 non
697 2857 775 2880 sunt
800 2851 939 2886 Canisii,
964 2852 1023 2879 sed
1047 2851 1199 2887 Polanei,
1224 2853 1279 2886 qui
1302 2860 1343 2880 ea
1366 2856 1399 2879 et
1414 2852 1550 2886 quidem
1569 2859 1670 2879 manu
1684 2851 1824 2886 propria
1839 2850 1894 2878 hic

247 2901 395 2929 inseruit
410 2905 446 2928 ut
462 2901 683 2928 Canisianam
698 2899 933 2928 narrationem
945 2900 987 2927 ad
1002 2899 1168 2934 epistolae
1184 2901 1364 2934 vulgarem
1377 2899 1521 2927 sormam
1536 2899 1726 2933 reduceret,
1742 2898 1857 2933 sicque
1872 2905 1894 2925 a

249 2948 403 2977 librariis
418 2949 720 2976 transcriberetur.
