2074 3179
277 175 345 212 170
785 175 1012 213 LITTERAE
1039 186 1396 218 QUADRlMESTRES

275 272 469 313 meliora
497 273 778 325 excitantes,
804 274 1071 324 diligentius
1102 273 1256 314 studia
1284 279 1562 323 tractantes;
1592 286 1737 326 quare
1763 277 1912 316 nostri

273 344 451 395 primas
472 344 681 385 obtinent
703 345 749 385 in
771 345 946 385 scholis
975 345 1023 385 in
1050 346 1440 396 argumentando,
1464 346 1575 397 quin
1596 352 1640 386 et
1662 346 1790 397 ipsos
1808 359 1909 398 pro-

273 415 478 456 fessores
498 415 545 456 in
566 416 928 456 admirationem
949 406 1138 457 du'cant.

354 486 506 527 Tanta
534 493 603 527 est
630 487 770 527 etiam
797 487 857 527 ad
886 487 1075 528 domum
1104 494 1328 539 nostram,
1365 488 1411 528 in
1448 501 1538 540 qua
1567 489 1705 529 modo
1734 489 1910 529 habita-

273 569 391 609 mus,
416 558 677 610 frequentia
699 558 998 609 studentium,
1021 559 1272 600 confitendi
1289 565 1368 600 aut
1388 560 1660 600 consulendi
1680 560 1835 611 gratia
1852 561 1910 600 ad

273 641 361 669 nos
397 629 741 679 accedentium,
779 630 921 670 etiam
955 630 1147 671 Patrum
1180 631 1492 683 spiritualium
1521 632 1913 672 monasteriorum

273 707 318 740 et
339 701 780 752 congregationum,
812 707 860 741 ut
890 702 1014 741 mala
1035 701 1350 742 reformentur
1381 708 1425 742 et
1448 702 1494 742 in
1514 713 1630 754 pace
1651 702 1730 743 X.i
1751 703 1910 742 unani-

272 773 411 813 miter
440 772 601 812 vivere
624 772 829 812 valeant.
855 772 1007 813 Tanta
1030 772 1220 813 offertur
1243 773 1289 813 in
1310 773 1449 813 vinea
1470 773 1550 813 X.i
1574 774 1799 825 operandi
1819 785 1912 813 ma-

273 844 405 893 teria,
431 849 480 883 ut
501 854 641 894 saepe
661 843 744 883 vix
775 844 977 884 exeundi
1006 850 1085 884 aut
1116 844 1383 884 celebrandi
1415 855 1604 885 sacrum
1632 850 1816 896 tempus
1837 845 1910 884 de-

272 921 361 955 tur.
390 914 637 954 Matronae
672 926 855 966 quoque
884 915 1069 967 aliquae
1099 916 1157 955 ad
1189 927 1274 956 nos
1308 927 1450 968 saepe
1479 915 1693 967 veniunt,
1724 927 1840 967 quas
1868 916 1913 955 in

272 985 476 1026 Domino
512 986 813 1026 consolamur
848 992 892 1026 et
927 986 985 1026 ad
1019 986 1312 1038 frequentem
1348 987 1725 1027 communionem
1760 987 1912 1027 admo-

272 1069 451 1098 nemus.

353 1129 485 1170 Multi
512 1129 708 1169 libenter
736 1141 785 1170 se
812 1128 1035 1170 Societati
1062 1136 1189 1170 totos
1215 1130 1533 1182 resignarent,
1564 1141 1623 1170 ex
1643 1129 1810 1181 quibus
1835 1130 1911 1170 ali-

273 1201 351 1253 qui
381 1207 477 1241 tam
504 1201 740 1242 ferventer
768 1201 966 1252 instant,
1001 1201 1294 1242 naturalibus
1323 1202 1441 1241 bene
1463 1201 1655 1252 dotatis,
1681 1207 1730 1241 ut
1751 1213 1912 1241 eorum

275 1280 373 1313 tam
394 1279 588 1313 sanctae
618 1273 832 1325 petitioni
859 1273 1061 1324 amplius
1088 1273 1311 1313 reluctari
1332 1285 1425 1313 non
1447 1267 1659 1313 audeam.
1684 1272 1914 1313 Dominus

277 1343 383 1396 Opt.
412 1344 539 1384 Max.
570 1344 646 1384 det
673 1344 785 1384 mihi
806 1355 991 1395 semper
1010 1344 1168 1385 facere
1190 1344 1446 1385 secundum
1464 1345 1757 1384 voluntatem
1777 1343 1827 1384 P.
1850 1343 1910 1385 V.

355 1415 474 1457 Octo
501 1427 685 1456 mecum
713 1421 903 1456 manent
931 1416 978 1455 in
1007 1415 1144 1456 domo
1166 1415 1383 1467 studiosi,
1404 1421 1499 1456 tres
1520 1415 1610 1455 mei
1631 1414 1910 1463 confratres,

272 1489 439 1540 reliqui
466 1488 525 1528 ad
552 1486 840 1529 Societatem
870 1498 919 1527 se
947 1486 1268 1538 resignantes;
1299 1487 1430 1527 multi
1458 1486 1672 1527 extranei
1692 1486 1815 1526 idem
1838 1497 1913 1526 cu-

273 1560 453 1612 pientes
490 1565 611 1609 sunt,
645 1571 703 1600 ex
734 1558 900 1611 quibus
929 1558 1111 1610 aliquos
1138 1558 1185 1598 in
1213 1558 1402 1598 domum
1428 1558 1737 1609 suscipiemus
1763 1557 1911 1599 brevi.

272 1631 450 1672 Diebus
477 1630 727 1671 dominicis
753 1629 922 1681 viginti
949 1635 1030 1669 aut
1065 1630 1227 1669 decem
1259 1634 1303 1669 et
1325 1635 1430 1669 octo
1452 1635 1559 1669 sunt
1585 1639 1796 1678 numero,
1831 1629 1907 1668 ali—

271 1703 459 1755 quando
481 1702 624 1742 etiam
643 1702 822 1753 plures,
847 1701 926 1752 qui
954 1700 1138 1752 publice
1166 1700 1531 1749 communicant;
1558 1699 1639 1739 sed
1661 1699 1740 1751 qui
1771 1699 1818 1739 in
1839 1707 1909 1739 oc-

270 1775 394 1815 culto
429 1778 621 1826 propter
657 1772 836 1823 melius,
874 1777 1075 1824 quatuor
1109 1783 1321 1822 numero,
1359 1778 1403 1812 et
1439 1770 1527 1811 hoc
1556 1771 1674 1811 feria
1701 1770 1836 1810 tertia
1864 1771 1910 1810 in

269 1857 459 1886 camera
481 1856 625 1885 aurea
648 1844 714 1884 sic
736 1844 862 1884 dicta
889 1843 1013 1895 quod
1041 1844 1179 1895 plena
1208 1843 1415 1895 reliquiis
1443 1841 1727 1883 Sanctarum
1748 1842 1910 1893 2Virgi<

269 1929 402 1968 num,
426 1915 628 1957 Sanctae
648 1915 850 1956 Ursulae
872 1920 916 1955 et
938 1913 1036 1965 ejus
1065 1914 1295 1954 sodalium
1316 1914 1533 1954 undecim
1553 1913 1749 1953 millium
1769 1913 1911 1964 virgi-

268 1999 402 2038 num3
436 1987 603 2039 quibus
625 1997 811 2038 semper
833 1986 1110 2026 commendo
1133 1985 1181 2025 P.
1207 1985 1266 2026 V.
1291 1991 1430 2037 atque
1458 1984 1606 2025 Re.dOS
1626 1984 1791 2025 Patres
1820 1984 1909 2024 fra-

268 2067 456 2111 tresque
477 2064 665 2099 nostros
688 2059 735 2098 in
759 2057 880 2109 Xpo.
904 2058 1015 2111 Jesu
1032 2057 1166 2097 nobis
1187 2057 1506 2107 charissimos,
1528 2067 1726 2108 quorum
1744 2056 1909 2096 oratio-

268 2132 406 2172 nibus
425 2142 512 2171 nos
535 2129 884 2171 committimus.

350 2202 476 2244 Bene
496 2202 655 2242 valeat
676 2200 725 2241 P.
750 2201 810 2241 V.

349 2273 403 2314 20
423 2273 546 2324 Aug.
577 2272 692 2312 1549.

353 2346 481 2385 Tuus
503 2355 669 2385 servus
692 2343 925 2384 minimus.

1186 2485 1282 2525 LEO
1290 2497 1470 2524 NARDUS
1492 2484 1689 2524 KssssEL.

352 2701 722 2753 Superscrzptio.
780 2698 910 2741 Re.de
935 2699 982 2739 in
1010 2698 1094 2739 X.⁰
1114 2698 1242 2739 Patri
1263 2699 1383 2739 Dno.
1415 2697 1597 2749 Ignatio
1625 2697 1681 2737 de
1710 2696 1906 2748 Loyola,

272 2771 521 2814 Societatis
541 2773 653 2825 Jesu
674 2771 964 2823 Praeposito.
1665 2817 1667 2819 Ι

352 2844 462 2884 Alta
484 2855 647 2883 mann:
668 2842 878 2893 Colonia,
901 2841 954 2882 20
973 2841 1022 2881 d’
1047 2844 1163 2892 ag.t0
1189 2840 1303 2881 1549.
1328 2840 1576 2881 Leonardo
1598 2839 1762 2880 Kessel
1786 2837 1811 2879 ¹.

327 2954 336 2974 ¹
378 2954 475 2982 Prius
489 2955 655 2989 scriptum
670 2959 744 2982 erat
762 2954 941 2986 Rossetto,·
955 2954 1014 2980 sed
1029 2960 1149 2980 manus
1164 2952 1245 2986 alia,
1261 2960 1347 2987 quae
1363 2952 1500 2980 <ridetur
1515 2952 1551 2979 P.
1569 2951 1744 2986 Sacchini,
1761 2951 1908 2980 obducta

270 3003 360 3030 linea
375 3002 514 3036 delevit,
533 3005 565 3029 et
582 3001 783 3036 subscripsit
800 3000 939 3029 Kessel.
