2074 3179
879 205 960 241 AN.
991 203 1082 240 155⁴.)
1723 201 1789 242 66³1

162 298 393 351 Venetus,
416 300 493 340 ubi
515 301 769 341 sanitatem
803 307 956 351 curat,
990 300 1233 340 detinetur.
1265 300 1401 339 Hunc
1431 311 1544 340 vero
1573 301 1635 340 ita
1666 307 1792 340 man-¹

161 370 353 411 suefecit
373 371 578 411 omnium
600 372 1018 421 mansuetissimus,
1042 370 1196 411 Patris
1211 382 1369 421 opera,
1388 377 1437 410 ut
1455 370 1594 410 etiam
1612 377 1723 411 voto
1742 384 1790 411 se

161 441 486 491 adstrinxerit,
524 443 562 482 si
594 443 733 483 scine]
770 442 1082 491 convaluerit,
1115 453 1168 481 eo
1196 453 1355 481 amore
1383 453 1438 481 ac
1466 441 1788 482 benevolentia

162 523 355 551 uxorem
376 518 747 563 prosecuturum,
768 525 922 564 quam,
946 513 992 552 in
1013 511 1309 563 suscipiendo
1332 512 1615 552 matrimonii
1635 524 1789 552 sacra-

162 588 331 633 ment0,
356 582 456 623 Deo
478 584 651 634 optimo
672 585 879 624 maximo
901 589 970 624 est
1000 583 1248 634 pollicitus.
1281 582 1401 623 Nam
1429 594 1651 623 successu
1680 589 1789 626 tem-

161 653 289 703 poris
325 653 388 703 (ut
423 655 539 694 solet
573 651 843 695 Altissimus
877 655 1132 706 proborum
1164 654 1361 693 virtutes
1396 659 1440 693 et
1475 653 1792 695 innocentiam

159 723 445 775 patefacere,
475 736 733 780 pravorum
760 732 916 765 autem
944 725 1058 765 vitia
1079 724 1313 775 detegere)
1336 725 1414 764 illa
1435 736 1527 764 non
1551 724 1700 765 dubiis
1721 737 1790 765 ar-

159 795 394 844 gumentis
428 796 620 836 innoxia
656 796 954 848 comprobata
995 801 1077 835 cst.
1115 795 1244 835 Haec
1279 796 1377 846 agit
1410 795 1680 846 Ferrariae;
1717 796 1790 836 ille

161 872 338 917 autem,
362 873 411 906 ut
431 867 656 918 praedixi,
686 867 901 907 Venetiis
922 867 1071 906 morbi
1097 877 1254 906 causa.
1285 865 1332 906 si
1354 877 1456 906 eam
1478 866 1642 917 spiritu
1665 868 1790 906 exul*

161 942 336 976 tantem
356 948 594 987 cerneres,
618 943 739 978 esset
760 937 883 989 quod
904 949 1111 978 summas
1134 936 1452 989 Omnipotenti
1481 937 1581 977 Deo
1610 938 1791 988 gratias

162 1008 219 1046 ab
242 1008 454 1048 omnibus
475 1008 683 1060 agendas
702 1010 778 1049 vel
799 1009 885 1049 hoc
907 1020 999 1048 uno
1022 1021 1160 1060 opere
1187 1008 1437 1060 judicares.
1470 1008 1599 1048 Haec
1633 1009 1790 1048 omnia

163 1084 271 1118 sunt
290 1077 339 1118 Ρ.
364 1078 607 1119 Paschasii
627 1085 781 1131 gesta,
805 1085 850 1120 et
870 1081 1115 1132 praeclara
1143 1079 1349 1131 quidem.
1379 1079 1459 1119 sed
1489 1091 1582 1119 non
1607 1080 1787 1119 omnia.

158 1148 272 1199 Quis
294 1150 417 1189 enim
437 1151 784 1191 numeraverit?
806 1163 910 1191 cum
932 1151 1006 1191 ille
1028 1156 1252 1202 perpetuo
1274 1151 1319 1190 in
1341 1149 1604 1201 hujusmodi
1636 1162 1789 1190 verse-

157 1226 246 1269 tur,
272 1225 410 1272 atque
433 1221 548 1261 adeo
571 1221 826 1262 oblectetur
847 1234 951 1262 cum
983 1221 1205 1273 Spiritum
1226 1221 1450 1262 Sanctum
1471 1221 1518 1261 in
1539 1221 1635 1261 suis
1663 1233 1789 1261 crea-

158 1290 274 1330 turis
295 1291 405 1331 talia
423 1297 641 1342 agentem
658 1292 902 1344 conspicit,
921 1298 969 1332 ut
991 1293 1032 1332 ei
1051 1292 1441 1346 (recumbentibus
1458 1292 1595 1331 nobis
1616 1292 1788 1343 saepis—

162 1361 276 1401 sime
298 1361 499 1412 accidit),
523 1374 580 1402 ne
602 1363 754 1403 cibum
776 1364 961 1415 quidem
982 1363 1193 1403 sumendi
1214 1375 1327 1415 prae
1347 1363 1524 1403 laetitia
1552 1369 1596 1403 et
1624 1363 1788 1403 sollici-

160 1432 317 1472 tudine
338 1444 522 1477 eorum.
547 1445 665 1485 quae
687 1441 934 1485 supersunt
957 1436 1155 1485 (semper
1186 1434 1307 1474 enim
1337 1434 1477 1473 habet
1498 1433 1621 1485 quod
1643 1436 1787 1484 agat»,

159 1503 218 1542 sit
240 1503 436 1543 animus.
460 1504 593 1544 Unde
614 1503 750 1544 facile
771 1511 840 1545 est
861 1505 1101 1556 colligere,
1126 1505 1328 1545 maxime
1350 1505 1484 1544 nobis
1505 1505 1564 1545 ad
1585 1505 1789 1544 edulium

161 1575 534 1625 cohortantibUS,
559 1576 685 1615 illum
706 1576 830 1616 intus
852 1577 996 1627 loqui:
1020 1576 1166 1615 alium
1189 1576 1336 1615 cz'bztm
1357 1575 1498 1615 habeo
1519 1609 1525 1621 ,
1547 1587 1680 1627 quem
1702 1587 1789 1615 vos

160 1645 349 1685 nescitis
358 1677 364 1683 .

237 1715 409 1757 Omitto
445 1718 691 1769 plerosque
731 1719 970 1769 utriusque
1009 1719 1195 1769 generis
1244 1717 1447 1770 quotidie
1489 1718 1785 1769 catechizari,

157 1787 340 1827 demum
362 1795 517 1828 autem
532 1789 776 1840 baptizari;
797 1801 1035 1841 nunquam
1052 1790 1174 1829 enim
1191 1790 1357 1829 desunt
1376 1789 1453 1840 qui
1475 1789 1533 1829 ad
1551 1788 1608 1828 D.
1629 1788 1788 1838 Augu-

157 1858 325 1898 stinum
350 1857 376 1906 ¹,
400 1859 681 1900 xenodochii
708 1859 909 1900 Sanctae
940 1860 1107 1900 Annae
1138 1860 1514 1912 hospitalarium,
1548 1866 1787 1911 tamquam

155 1929 213 1968 ad
240 1940 427 1969 sacrum
459 1932 643 1981 asylum
678 1931 975 1982 confugiant,
1014 1931 1129 1971 alias
1155 1942 1488 1982 perversorum
1510 1930 1787 1982 judaeorum

155 2011 320 2039 manus
341 2000 544 2051 effugere
573 2002 850 2042 nescientes.
882 2001 960 2041 Ille
988 2007 1141 2042 autem
1174 2001 1290 2042 adeo
1316 2001 1654 2053 propagandae
1682 2001 1785 2041 fidei

155 2076 197 2109 et
220 2071 521 2110 accrescendi
543 2071 764 2111 dominici
780 2073 939 2123 gregis
956 2071 1191 2112 studiosus
1209 2078 1293 2123 est,
1312 2078 1362 2112 ut
1378 2072 1569 2123 quosvis
1587 2073 1634 2112 in
1650 2083 1785 2112 suum

152 2141 383 2191 gremium
403 2142 612 2193 recipiat,
632 2154 826 2194 seseque
848 2144 974 2182 velut
996 2155 1178 2183 murum
1198 2155 1283 2195 pro
1305 2144 1370 2183 eis
1392 2150 1612 2195 opponat.
1633 2143 1782 2192 Unde,

153 2212 369 2262 quamvis
391 2212 529 2252 etiam
550 2224 656 2252 cum
676 2225 730 2252 eo
748 2213 924 2264 judicio
945 2214 1250 2264 contendunt,
1274 2213 1406 2254 reddi
1426 2226 1506 2254 eos
1528 2214 1781 2265 cupientes,

155 2289 311 2322 tamen
331 2283 405 2323 ille
427 2283 602 2323 invicto
625 2284 781 2324 animo
802 2284 905 2324 lites
927 2285 1145 2336 suscipit,
1169 2291 1214 2325 et
1236 2285 1299 2325 ita
1322 2291 1497 2335 tuetur,
1522 2291 1573 2325 ut
1594 2286 1782 2325 convin-

151 2360 319 2393 cantur
335 2352 504 2404 judaei.
537 2354 763 2406 Equidem
785 2355 857 2395 vir
886 2361 954 2395 est
979 2355 1074 2406 ille,
1100 2356 1138 2396 si
1159 2356 1261 2407 quis
1280 2356 1317 2396 F
1321 2357 1547 2406 errariae,
1572 2356 1697 2406 frugi
1727 2367 1783 2395 ac

152 2424 240 2464 Dei
260 2425 408 2464 nostri
430 2425 802 2476 amantissimus,
826 2426 1054 2477 nobisque
1076 2425 1506 2478 conjunctissimus,
1530 2433 1689 2467 noster
1710 2427 1781 2466 de-

152 2496 290 2547 nique
325 2501 469 2545 totus;
507 2496 624 2535 adeo
653 2508 766 2536 vero
803 2497 1154 2537 consuetudinis
1180 2504 1369 2538 nostrae
1395 2498 1700 2549 percupidus,
1735 2504 1783 2537 ut

150 2567 322 2606 ostium
350 2567 588 2623 curaverit
615 2567 947 2618 extruendum,
988 2580 1077 2619 quo
1113 2581 1139 2608 a
1174 2569 1347 2608 nostris
1383 2568 1441 2609 ad
1477 2579 1586 2608 suos
1620 2569 1782 2608 hortos

148 2637 502 2676 amoenissimos
521 2644 658 2688 atque
679 2638 960 2678 laetissimos
981 2639 1438 2691 spatiosissimosque
1460 2639 1604 2679 animi
1625 2639 1780 2690 gratia

149 2719 198 2746 se
220 2706 433 2747 conferre
454 2707 635 2759 liceret,
658 2713 910 2759 mutuoque
931 2709 1149 2758 invisere,
1174 2715 1219 2749 et
1239 2709 1295 2749 de
1316 2710 1454 2749 rebus
1476 2715 1519 2749 et
1540 2710 1714 2749 nostris
1736 2717 1780 2750 et

149 2778 244 2817 suis
266 2778 466 2829 colloqui
488 2778 534 2818 in
554 2778 773 2818 Domino.

226 2848 323 2888 Nec
342 2855 452 2900 puto
474 2848 545 2888 his
567 2848 912 2900 adjungendum
935 2850 1297 2891 illustrissimum
1318 2850 1521 2900 Ducem,
1554 2851 1626 2891 die
1655 2851 1777 2891 dedi-

205 3006 211 3024 ¹
257 3006 468 3039 Augustinus
482 3007 602 3035 Musto.
