2074 3179
281 105 357 142 <558
798 104 1027 143 LITTERAE
1054 118 1412 149 QUADmMESTREs

285 212 475 252 usuros,
508 205 559 240 ut
585 201 749 252 paucis
783 202 919 242 annis
949 202 1009 242 ad
1036 214 1141 243 eum
1168 204 1442 245 eruditionis
1468 211 1675 257 portum,
1704 218 1794 258 quo
1821 219 1922 259 per-

283 278 420 323 gunt,
450 283 501 313 se
528 271 796 313 evehendos
823 284 917 313 non
952 273 1174 314 dubitent.
1204 274 1310 327 Jam
1337 286 1499 315 omnes
1526 276 1574 316 in
1599 278 1922 327 grammaticis

283 343 477 385 fideliter
497 344 685 395 graecis
704 343 955 395 latinisque
983 344 1288 385 fundamenta
1315 352 1585 396 posuerunt.
1618 346 1800 388 Primas
1828 349 1921 400 An5

280 416 420 456 dreas
443 413 453 433 ¹
476 420 621 466 tenet;
644 415 878 455 secundas
898 414 1196 468 Dominicus;
1219 417 1441 468 aequales
1460 417 1557 458 fere
1579 419 1768 459 caeteri.

362 486 451 537 Qui
480 491 636 526 autem
669 486 731 526 ad
763 498 849 526 nos
882 486 1111 527 hactenus
1145 494 1447 528 accesserunt
1481 490 1716 542 extranei,
1751 491 1921 533 mirum

277 563 458 609 quanta
478 557 742 598 studiorum
763 557 1010 598 commoda
1030 558 1330 610 reportarint,
1353 565 1734 612 quantopereque
1753 561 1801 601 in
1822 562 1920 603 dies

280 629 616 669 accendantur.
649 628 796 680 Ajunt
831 629 965 680 (citra
992 629 1271 681 jactantiam
1298 630 1511 682 dixerim)
1540 632 1588 671 in
1615 631 1718 672 aliis
1747 632 1920 674 scholis

279 700 501 751 triennio,
535 699 646 752 quid
673 701 951 742 triennium?
978 701 1120 742 immo
1148 701 1455 754 quadriennio
1490 708 1647 743 tantos
1682 702 1863 744 fructus
1891 716 1919 745 a

277 773 402 812 nullo
440 772 599 823 colligi
635 779 836 824 quantos
871 773 918 813 in
953 768 1119 814 nostra
1145 773 1221 814 vel
1247 773 1407 814 unico:
1436 774 1519 814 sed
1545 774 1671 815 haud
1704 774 1840 815 dubie
1874 775 1920 816 id

278 854 443 894 parum
458 848 595 894 esset,
615 843 704 883 nisi
725 843 876 896 pietas
887 844 935 884 in
952 855 1114 884 eorum
1129 844 1376 895 mentibus,
1395 845 1603 885 omnium
1620 844 1739 896 dico,
1763 857 1919 886 accre-

276 921 450 965 sceret,
475 926 594 966 quae
616 914 733 955 adeo
755 915 802 955 in
823 915 889 955 eis
913 915 1046 956 ardet
1066 921 1116 955 ut
1136 916 1212 956 vel
1228 914 1506 967 judaeorum
1526 916 1645 956 filios
1665 915 1916 968 adducant,

276 998 448 1038 eosque
470 986 531 1027 ad
552 986 729 1027 Christi
754 985 921 1038 jugum
947 987 1238 1028 subeundum
1265 986 1592 1039 cohortentur;
1621 987 1738 1028 adeo
1768 988 1918 1028 sacris

276 1058 595 1109 concionibus,
620 1057 912 1107 lectionibus,
938 1057 1182 1098 sacrificiis
1202 1058 1394 1110 assidui,
1419 1065 1468 1099 ut
1488 1058 1620 1099 nefas
1641 1058 1802 1100 deesse
1824 1059 1916 1099 exi-

275 1129 482 1180 stiment;
507 1134 556 1169 ut
577 1129 846 1169 summatim
867 1129 1085 1169 dixerim:
1109 1130 1261 1169 renati
1281 1130 1420 1169 unico
1451 1141 1574 1170 anno
1603 1135 1647 1170 et
1674 1129 1752 1170 alii
1778 1130 1916 1182 plane

273 1199 426 1240 effecti
460 1206 724 1240 censentur.
766 1199 909 1251 Cujus
950 1200 1082 1241 fidele
1115 1206 1333 1252 possunt,
1371 1201 1450 1253 qui
1482 1213 1510 1241 a
1544 1200 1916 1241 confessionibus

272 1277 401 1322 sunt,
432 1271 660 1323 praebere
688 1271 1023 1312 testimonium.
1053 1271 1156 1311 Hoc
1183 1283 1327 1312 unum
1353 1284 1535 1324 vereor,
1566 1284 1625 1312 ne
1654 1271 1811 1312 odium
1837 1283 1916 1323 pa-

275 1348 459 1382 rentum
481 1342 527 1382 in
550 1354 639 1382 nos
661 1342 967 1394 concitemus,
993 1342 1117 1394 quod
1137 1343 1345 1394 plerique
1366 1343 1426 1383 ad
1446 1342 1672 1383 coenobia
1695 1354 1743 1382 se
1765 1342 1916 1383 confe-

273 1420 403 1463 runt,
429 1414 553 1465 iique
576 1413 827 1454 admodum
848 1415 1019 1454 tenelli.
1043 1414 1214 1454 Mirum
1235 1414 1358 1454 enim
1378 1425 1520 1466 quam
1539 1414 1720 1465 puellos
1741 1414 1817 1454 hic
1848 1426 1916 1456 re-

271 1485 462 1535 cipiant,
486 1496 654 1537 nempe
676 1485 861 1536 decem,
886 1485 1104 1525 undecim
1125 1490 1169 1525 et
1189 1484 1435 1525 duodecim
1455 1496 1699 1525 annorum.

353 1555 687 1596 Convenerunt
722 1567 807 1596 nos
844 1556 976 1596 multi
1004 1556 1269 1596 institutum
1295 1562 1506 1596 nostrum
1537 1557 1913 1608 comprobantes,

269 1628 403 1678 sequi
426 1627 682 1678 cupientes3
706 1627 790 1667 sed
811 1627 920 1678 quia
943 1627 1149 1667 tantillos
1170 1639 1264 1667 non
1286 1626 1588 1677 admittimus,
1612 1627 1727 1667 nihil
1747 1627 1837 1667 nisi
1858 1628 1917 1668 ad

271 1699 678 1750 perseverantiam
700 1699 1018 1739 cohortamur.
1037 1698 1221 1738 Interea
1241 1698 1464 1749 nonnulli,
1484 1699 1643 1739 nescio
1666 1710 1756 1749 quo
1777 1699 1916 1750 genio

270 1770 417 1820 ducti,
443 1770 585 1809 aliam
607 1769 884 1820 religionem
907 1769 1098 1820 eligunt.
1123 1768 1247 1809 Sane
1277 1780 1366 1820 quo
1397 1774 1538 1820 pacto
1569 1769 1616 1809 in
1643 1769 1710 1809 eis
1738 1770 1916 1810 alendis

270 1842 318 1881 in
337 1840 601 1892 hujusmodi
623 1841 790 1892 spiritu
812 1848 856 1880 et
879 1841 1119 1892 proposito
1151 1847 1315 1880 sancto
1347 1852 1433 1880 nos
1460 1851 1703 1891 geramus,
1734 1852 1830 1880 non
1857 1840 1916 1881 ab

270 1925 320 1952 re
341 1924 368 1951 a
389 1912 439 1952 P.
464 1912 515 1952 T.
540 1912 857 1965 perscribetur
877 1911 905 1951 ⁹².
934 1911 1069 1952 Nunc
1091 1911 1181 1951 duo
1203 1911 1374 1951 fratres
1394 1912 1648 1963 postulant,
1668 1912 1786 1951 alter
1807 1911 1915 1952 duo-

268 1983 440 2035 decim,
476 1984 592 2024 alter
630 1983 792 2024 decem
829 1973 1117 2034 [annorum]
1154 1982 1235 2022 filii
1263 1981 1509 2033 cujusdam
1538 1983 1613 2022 vel
1642 1983 1915 2023 amicissimi

267 2055 685 2106 pharmacopolae,
716 2055 764 2094 in
791 2054 960 2106 quibus
990 2054 1197 2094 maxima
1226 2054 1391 2104 paucis
1421 2059 1529 2093 ante
1557 2053 1719 2094 diebus
1750 2053 1915 2094 effecta

267 2132 337 2166 cst
358 2138 542 2167 morum
562 2126 775 2167 mutatio.
809 2125 931 2177 Quid
961 2124 1018 2165 de
1048 2125 1115 2165 eis
1142 2125 1449 2166 decernemus
1476 2126 1682 2165 nondum
1712 2131 1910 2166 constat.

348 2198 615 2249 Argentini,
639 2209 839 2249 quorum
861 2203 1068 2237 mentem
1089 2197 1137 2237 P.
1163 2197 1216 2237 T.
1240 2196 1509 2247 aperuimus
1531 2196 1745 2248 erigendi
1767 2196 1912 2237 Colle-

265 2269 345 2320 gii‚
365 2281 452 2309 nos
474 2280 773 2319 summopere
795 2268 996 2318 diligunt
1020 2279 1075 2307 ac
1096 2268 1268 2318 colunt,
1289 2268 1416 2307 nulla
1437 2267 1702 2307 cessatione
1724 2273 1912 2308 conten-

266 2339 429 2380 dentes
469 2347 518 2380 ut
559 2340 747 2380 tandem
788 2351 875 2379 sua
910 2350 1004 2379 non
1039 2338 1315 2378 fraudentur
1353 2339 1726 2390 exspectatione,
1772 2344 1911 2391 utque

267 2423 432 2452 eorum
455 2411 579 2463 apud
599 2417 643 2451 te
663 2410 913 2451 refricetur
938 2410 1232 2461 saepiuscule
1261 2410 1509 2458 memoria,
1544 2410 1668 2461 quod
1695 2421 1818 2450 nunc
1846 2410 1909 2450 sa-

266 2494 373 2522 cere
408 2494 503 2523 non
537 2482 792 2533 gravabor,
830 2493 887 2521 ne
917 2486 1013 2520 tam
1040 2487 1232 2520 sanctae
1259 2480 1472 2531 petitioni
1500 2480 1711 2520 invidere
1748 2481 1910 2521 videar

264 2565 385 2594 neve
406 2559 602 2605 rogatus
623 2553 681 2593 ab
709 2553 776 2592 eis
797 2552 1005 2592 noluisse
1026 2551 1267 2602 suppetias
1288 2551 1410 2591 ferre
1425 2549 1623 2602 judicer.
1647 2551 1779 2591 Haec
1801 2558 1910 2593 sunt

266 2624 534 2673 commoda,
564 2624 704 2664 Pater
731 2621 1045 2674 observande,
1081 2633 1200 2673 quae
1230 2621 1384 2662 foetus
1411 2621 1477 2661 tui
1503 2622 1773 2673 spirituales
1801 2622 1910 2663 affe-

267 2701 373 2735 runt
394 2695 679 2745 civitatibus,
703 2706 822 2746 quae
845 2693 1014 2744 dignas
1035 2704 1137 2733 sese
1159 2692 1248 2732 illis
1271 2692 1506 2743 exhibent3
1531 2693 1609 2732 illa
1630 2699 1738 2734 sunt
1760 2695 1906 2745 lucra,

327 2878 334 2896 ¹
376 2878 544 2913 Andreas,
561 2879 676 2913 patria
691 2878 923 2906 Bononiensis.

317 2925 333 2943 ²
372 2925 559 2960 Rescripsit
576 2926 751 2959 Polancus,
767 2933 809 2953 ex
822 2927 1084 2958 commissione,
1100 2924 1230 2960 Aprilis
1245 2925 1277 2952 17
1292 2929 1325 2952 et
1343 2924 1432 2958 Junii
1456 2925 1495 2952 18.
