2074 3179
902 146 982 183 AN.
1015 146 1100 183 1551
1745 146 1815 182 403

189 249 263 283 tur
284 243 330 283 in
352 242 462 283 dies.
488 242 694 293 Plurimi,
720 248 826 283 ante
847 243 1017 282 multos
1039 253 1186 282 annos
1208 253 1302 281 non
1323 240 1538 291 confessi,
1559 241 1655 292 jam
1677 252 1807 281 acce-

190 314 297 354 dere
318 313 566 364 incipiunt,
590 325 675 353 nec
697 314 831 365 parvi
853 324 1062 353 numero.
1086 311 1279 352 Plurimi
1305 311 1445 351 etiam
1473 310 1808 361 adolescentes,

189 392 232 424 et
253 383 522 424 sacerdotes
543 390 587 424 et
607 389 765 436 patres
787 384 1177 425 monasteriorum
1200 382 1209 402 ¹
1234 388 1419 422 nostras
1440 380 1579 421 aedes
1600 381 1812 433 frequen-

185 460 287 495 tant
307 466 478 506 magno
502 467 607 495 cum
627 454 797 495 fructu.

266 525 383 565 Tres
413 525 608 565 studiosi
637 526 979 575 adolescentes,
1012 524 1285 565 naturaliter
1304 524 1420 563 bene
1442 523 1677 574 dispositi,
1711 535 1808 575 per-

187 595 397 636 fecerunt
416 602 577 636 nostra
599 596 823 636 exercitia
844 606 1016 646 magno
1037 607 1143 635 cum
1164 594 1374 646 profectu
1395 594 1641 645 spirituali,
1667 594 1813 634 vitam

191 672 456 707 anteactam
477 667 760 707 detestantes
787 666 943 706 multis
973 678 1075 706 cum
1107 665 1382 717 lachrymiS,
1412 676 1461 705 se
1487 670 1612 704 totos
1640 664 1814 705 Christi

191 737 383 778 servitio
405 738 515 778 dare
536 737 799 787 intendunt,
824 743 868 777 et
890 737 973 777 sub
994 737 1165 776 vexillo
1188 736 1361 777 Christi
1388 736 1435 775 in
1463 735 1552 775 hac
1580 734 1814 776 Societate

192 809 379 849 militari
400 808 503 858 (sic)
521 808 756 848 ferventer
771 813 959 859 totoque
977 808 1115 848 corde
1133 807 1413 847 desiderant.
1432 806 1529 846 Nec
1550 806 1626 846 isti
1648 808 1812 855 solum,

191 879 272 919 sed
293 885 338 920 et
355 879 510 930 plures
532 879 625 929 alii,
649 879 705 919 de
727 879 892 930 quibus
908 879 1043 930 plura
1061 879 1222 930 primis
1240 877 1499 918 scribendis
1515 877 1681 917 litteris
1702 878 1815 917 indi<

201 950 409 990 cabimus
430 949 479 989 P.
504 949 563 989 V.

268 1021 528 1061 Habuimus
549 1021 690 1061 etiam
711 1020 834 1072 apud
856 1033 940 1061 nos
961 1021 1009 1060 in
1030 1021 1266 1061 exercitiis
1285 1021 1532 1073 quemdam
1548 1025 1814 1072 promotum

187 1092 529 1131 Lovaniensem
550 1091 578 1141 ²,
604 1091 735 1143 cujUs
753 1092 934 1132 litteras
955 1097 999 1131 et
1020 1097 1180 1132 votum
1203 1091 1261 1131 ad
1282 1091 1329 1132 P.
1356 1092 1414 1132 V.
1448 1091 1686 1132 mittimus.
1720 1090 1811 1130 Ma-

190 1163 315 1202 ximo
347 1162 469 1202 enim
503 1174 609 1202 cum
643 1162 797 1202 fructu
825 1163 872 1202 in
906 1163 1143 1202 exercitiis
1177 1174 1259 1214 per
1293 1174 1500 1203 mensem
1534 1162 1640 1211 fuit,
1673 1162 1813 1201 omni-

190 1234 367 1284 busque
383 1231 478 1283 jam
501 1239 570 1272 est
592 1234 806 1284 exemplo
828 1239 872 1273 et
902 1233 1222 1284 admirationi,
1255 1245 1477 1285 magnam
1505 1234 1553 1273 in
1581 1233 1816 1273 exercitiis

192 1305 437 1344 invenerat
457 1304 660 1354 gratiam
681 1304 879 1344 deflendi
904 1316 987 1356 per
1012 1304 1109 1344 dies
1131 1305 1306 1355 aliquot
1328 1305 1476 1345 vitam
1495 1305 1615 1344 male
1643 1309 1812 1344 actam:

187 1381 256 1415 cst
278 1387 507 1415 annorum
527 1374 593 1426 30,
617 1375 999 1427 naturalibusque
1019 1375 1136 1416 bene
1158 1371 1368 1426 dotatus,
1383 1375 1519 1416 valde
1547 1375 1816 1426 ingeniosus

187 1453 231 1486 ct
252 1447 409 1497 agilis,
435 1446 494 1486 ad
515 1447 671 1486 omnia
691 1446 1031 1498 paratissimus.
1057 1445 1288 1486 Sacerdos
1310 1452 1393 1497 est,
1417 1452 1461 1487 et
1482 1446 1529 1486 in
1550 1447 1816 1498 temporali—

185 1518 270 1557 bus
306 1518 452 1557 dives.
491 1517 623 1568 Rogo
652 1516 700 1556 P.
730 1517 789 1557 V.
827 1524 877 1557 ut
904 1516 1123 1568 dignetur
1151 1517 1285 1557 istius
1311 1524 1473 1557 votum
1501 1517 1738 1569 suscipere
1774 1523 1817 1557 et

186 1589 381 1628 verbum
403 1600 545 1628 unum
568 1594 646 1628 aut
667 1590 864 1628 alterum
885 1588 1142 1628 rescribere
1163 1587 1191 1628 ⁵.
1214 1588 1371 1628 Manet
1391 1589 1636 1628 nobiscum
1657 1595 1701 1628 et
1718 1587 1816 1639 jam

188 1660 390 1710 incoepit
411 1670 494 1699 sua
519 1659 685 1699 studia.
711 1658 826 1699 Cum
846 1658 895 1698 Ρ.
920 1658 1132 1699 Arnoldo
1155 1657 1169 1677 4
1190 1660 1355 1711 repetit
1379 1659 1744 1711 philosophiam,
1771 1665 1818 1698 ut

188 1730 248 1770 ad
268 1730 532 1781 theologiae
554 1730 758 1770 studium
778 1736 941 1781 postea
962 1731 1021 1770 sit
1044 1730 1213 1781 aptior.

268 1799 315 1840 P.
341 1801 576 1841 Arnoldus
598 1807 783 1852 praeest
810 1801 950 1841 etiam
977 1800 1366 1852 disputationibus
1395 1802 1712 1842 studiosorum
1740 1813 1817 1841 no-

189 1877 392 1911 strorum
415 1877 458 1911 et
479 1872 706 1922 praelegit
728 1872 817 1911 illis
845 1877 915 1911 ter
942 1871 989 1911 in
1019 1871 1313 1912 hebdomada
1341 1883 1514 1922 graeca
1543 1885 1637 1913 non
1664 1885 1813 1924 parvo

189 1953 296 1982 cum
315 1942 482 1982 fructu.

268 2013 321 2053 R.
358 2013 405 2053 Ρ.
443 2013 576 2053 Prior
605 2014 652 2053 in
679 2013 930 2053 Carthusia
960 2012 974 2031 ⁵
996 2012 1094 2064 jam
1119 2013 1251 2053 brevi
1279 2013 1403 2053 misit
1432 2013 1490 2053 ad
1517 2026 1602 2054 nos
1631 2025 1820 2054 currum

193 2084 377 2134 plenum
399 2084 758 2135 supellectilibus
780 2083 839 2123 ad
859 2094 996 2123 usum
1017 2083 1332 2124 studiosorum
1354 2090 1635 2124 nostrorum.
1661 2084 1817 2124 Bonus

192 2155 264 2194 ille
298 2154 437 2194 Pater
472 2155 518 2194 in
552 2155 677 2194 nullo
713 2154 864 2206 parcit
892 2154 1002 2205 sibi,
1032 2154 1109 2194 ubi
1136 2154 1269 2194 nobis
1296 2154 1342 2194 in
1371 2154 1525 2206 aliquo
1560 2155 1821 2206 gratificari

189 2232 356 2277 potest.

270 2295 413 2337 Simul
448 2297 493 2336 in
528 2296 666 2336 domo
701 2307 893 2336 numero
928 2307 1087 2336 sumus
1126 2297 1476 2348 septemdecim;
1521 2303 1616 2337 tres
1658 2309 1818 2338 sumus

191 2368 458 2407 sacerdotes
480 2379 487 2418 ;
524 2368 690 2419 reliqui
723 2379 883 2407 omnes
918 2367 1112 2407 studiosi
1147 2367 1488 2420 adolescentes,
1527 2369 1821 2408 naturalibus

192 2439 307 2478 bene
330 2439 491 2488 dotati,
518 2438 593 2489 qui
615 2450 663 2478 se
686 2449 846 2478 omnes
868 2437 1092 2478 Societati
1113 2438 1224 2478 dare
1242 2439 1501 2491 intendunt,
1522 2451 1720 2491 quorum
1743 2441 1821 2480 alii

245 2574 256 2594 ¹
295 2574 577 2601 Monasteriorum
593 2579 721 2609 patres,
736 2575 855 2609 utjam
869 2575 1003 2609 saepius
1027 2574 1060 2601 in
1080 2574 1172 2601 hisce
1195 2575 1321 2602 litteris
1336 2575 1453 2602 videre
1478 2575 1551 2611 fuit,
1578 2577 1599 2603 ii
1622 2577 1823 2604 dicebantur

191 2622 399 2653 sacerdotes,
417 2622 535 2656 quibus
556 2622 752 2649 monialium
766 2629 848 2649 cura
869 2622 901 2649 in
921 2622 971 2654 iis,
994 2629 1079 2656 quae
1105 2621 1148 2649 ad
1169 2622 1317 2649 animum
1340 2623 1603 2659 religiosamque
1626 2625 1736 2651 vitam
1750 2632 1824 2659 spe-

192 2670 342 2702 ctabant,
359 2669 648 2696 committebatur.

244 2716 258 2735 2
292 2718 494 2750 promotum
520 2715 790 2747 Lovam'ensem,
815 2717 869 2750 qui
893 2717 935 2743 ad
958 2716 1104 2750 gradum
1126 2716 1323 2751 Licentiati,
1346 2717 1504 2745 Doctoris
1529 2722 1587 2746 aut
1609 2719 1765 2754 Magistri
1790 2721 1823 2747 in

191 2762 398 2790 Lovaniensi
414 2763 650 2791 Universitate
666 2764 780 2791 fuerat
793 2768 980 2798 promotus.
1417 2760 1435 2772 ⁶

246 2810 259 2830 5
297 2810 414 2838 Verba
428 2811 524 2838 haec:
542 2813 574 2838 et
589 2811 735 2838 verbum
752 2818 861 2838 unum
879 2813 941 2838 aut
955 2812 1108 2839 alterum
1125 2813 1332 2845 rescrz‘bere,
1356 2812 1445 2840 linea
1467 2820 1568 2847 super
1590 2814 1690 2842 ducta
1711 2815 1825 2842 deleta

193 2861 280 2890 sunt;
294 2864 315 2885 a
330 2865 409 2892 quo,
425 2865 484 2892 sc.,
502 2866 545 2885 an
561 2866 580 2885 a
593 2858 741 2886 Polanco
758 2866 800 2886 an
815 2859 857 2886 ab
872 2859 945 2893 ipso
965 2858 1093 2893 Kesse1‚
1111 2866 1175 2886 non
1192 2863 1351 2893 apparet.

248 2906 262 2925 ·'*
300 2905 336 2932 P.
353 2906 526 2933 Arnoldus
540 2905 684 2933 Hezeus.

247 2953 260 2971 .-,
299 2952 473 2980 Gerardus
489 2952 647 2986 Hamont,
664 2952 702 2979 de
719 2960 782 2986 quo
798 2953 896 2987 plura
913 2958 945 2981 et
961 2954 1095 2988 saepius
1111 2954 1143 2980 in
1160 2953 1312 2981 historiis
1328 2952 1523 2982 societatis.
