2074 3179
906 163 989 201 AN.
1020 163 1112 202 1552
1758 164 1829 201 703

195 262 508 313 portiuncula,
545 262 828 312 reliquorum
856 262 1068 313 partibus
1097 262 1371 311 commixta,
1401 272 1495 300 non
1524 266 1621 301 tam
1653 261 1825 311 exigua

192 344 334 384 quam
354 337 425 372 est
446 339 687 384 appareat.

273 403 479 444 Primum
513 403 669 455 itaque
704 405 750 444 in
781 405 869 444 hoc
903 405 1153 456 gymnasio
1187 403 1403 444 undecim
1436 402 1607 443 fratres
1647 414 1824 451 sumus,

193 486 313 526 quos
340 475 457 515 satis
482 486 565 526 per
598 476 778 515 litteras
808 475 925 515 alias
951 476 1227 516 nominatim
1256 475 1623 525 deelaravimuS,
1654 486 1712 514 ex
1740 473 1826 514 Dei

193 546 348 596 gratia
368 552 467 586 tum
488 546 643 586 animo
666 553 764 586 tum
785 558 981 598 corpore
1009 547 1240 596 valentes,
1264 553 1308 586 et
1329 547 1425 586 suis
1446 546 1641 597 quisque
1663 545 1827 585 officiis

194 628 276 657 seu
298 617 566 657 ministeriis
589 617 846 669 studiisque
868 624 913 658 et
934 618 1170 658 exercitiis
1191 617 1525 667 incumbentes,
1550 623 1595 657 et
1615 624 1825 657 mutuam

194 688 406 728 foventes
428 688 704 728 charitatem
725 700 832 728 cum
863 690 1006 728 multa
1033 700 1150 740 pace
1179 695 1223 728 et
1250 688 1424 740 quiete;
1453 688 1574 728 unde
1603 688 1754 728 bonus
1781 688 1825 728 in

193 759 394 799 Domino
418 759 532 799 odor
555 760 614 799 ad
644 770 805 799 omnes
827 766 1034 809 emanat,
1059 759 1335 811 quibuscum
1364 759 1498 799 nobis
1524 759 1826 799 conversatio

193 829 347 881 aliqua
369 831 445 870 vel
467 830 632 870 notitia
665 830 932 879 intercedit,
962 836 1100 881 prout
1126 830 1425 881 peculiariter
1454 836 1653 870 testatur
1680 830 1827 870 Reve-

194 901 363 941 rendus
379 901 435 941 D.
457 901 682 948 Antistes,
702 912 729 940 a
745 900 973 940 Trinitate
993 907 1305 952 nuncupatus,
1324 901 1401 952 qui
1422 901 1574 951 magis
1596 913 1652 941 ac
1673 901 1826 951 magis

191 972 237 1010 in
257 971 355 1011 dies
377 972 597 1012 eximiam
618 972 744 1011 illam
766 983 899 1011 suam
916 983 969 1011 ac
991 983 1102 1011 vere
1119 977 1365 1022 paternam
1382 971 1584 1012 ostendit
1605 983 1718 1023 erga
1740 983 1828 1011 nos

192 1042 505 1082 dilectionem:
543 1054 629 1082 nos
667 1043 873 1083 vicissim
907 1054 992 1093 pro
1028 1042 1205 1082 viribus
1241 1043 1460 1082 enitimur
1495 1055 1550 1083 ac
1584 1043 1827 1083 studemus

192 1113 343 1152 omnia
366 1119 624 1164 praestare,
649 1125 768 1164 quae
788 1118 1057 1152 nostrarum
1078 1120 1183 1153 sunt
1206 1114 1424 1164 partium,
1448 1114 1494 1153 id
1515 1120 1600 1164 est,
1624 1113 1826 1154 filiorum

193 1184 443 1233 proborum
464 1190 508 1223 et
530 1184 877 1234 ingratitudinis
898 1190 1058 1223 notam
1080 1183 1369 1234 fugientium.

270 1255 374 1308 jam
395 1267 508 1294 vero
530 1260 579 1294 ut
601 1255 661 1294 ad
683 1255 866 1305 singula
889 1254 1112 1294 exercitia
1133 1261 1295 1295 nostra
1317 1255 1643 1306 patefacienda
1671 1257 1828 1296 venia-

190 1338 312 1375 mus,
350 1332 537 1377 praeter
572 1325 758 1376 privata
798 1326 900 1374 illa,
938 1337 1056 1376 quae
1090 1325 1136 1364 in
1177 1326 1363 1376 studiis,
1397 1326 1824 1377 disputatiunculis,

189 1397 344 1437 latinis
365 1396 609 1448 colloquiis
631 1402 675 1435 et
697 1396 887 1447 scriptis
909 1396 1114 1446 quotidie
1136 1396 1360 1447 existunt,
1394 1397 1579 1437 fovetur
1608 1404 1826 1448 augetur-

188 1481 275 1519 que
298 1469 342 1508 in
366 1468 463 1508 dies
486 1468 695 1507 instituta
718 1467 887 1507 schola
908 1478 1175 1518 magnaque
1196 1467 1245 1507 fit
1267 1474 1310 1507 et
1341 1468 1561 1508 continua
1589 1475 1687 1508 tam
1712 1469 1826 1508 litte-

187 1540 299 1579 rarii
321 1551 459 1591 quam
481 1539 751 1590 spiritualis,
775 1550 857 1578 seu
877 1539 1083 1588 moralis,
1106 1539 1344 1590 profectus
1367 1540 1591 1580 accessio.
1611 1539 1824 1590 Discipu»

187 1612 335 1650 lorum
366 1622 479 1650 vero
515 1621 735 1649 numerus
763 1610 822 1649 ad
850 1616 1036 1649 centum
1063 1609 1376 1661 quadraginta
1406 1610 1609 1661 quinque
1640 1610 1828 1650 circiter

186 1682 438 1732 perductus
461 1686 544 1721 est.

268 1752 413 1792 Porro
436 1753 588 1792 divisa
610 1758 679 1792 est
712 1752 873 1792 schola
900 1753 946 1791 in
973 1758 1172 1803 quatuor
1200 1753 1390 1792 classes.
1422 1752 1607 1793 Primae
1638 1760 1826 1803 praeest

186 1822 388 1876 Joannes
407 1823 688 1873 Gambarus,
706 1823 922 1873 Flander,
943 1835 1079 1874 quem
1097 1823 1290 1863 audiunt
1307 1823 1478 1864 fratres
1495 1836 1640 1875 prope
1660 1836 1824 1864 omnes

187 1902 230 1933 et
252 1894 400 1934 exteri
422 1894 597 1945 aliquot
615 1894 812 1944 juvenes
836 1895 985 1934 bonae
1007 1894 1174 1934 indolis
1196 1901 1240 1934 et
1262 1895 1375 1945 spei.
1399 1895 1648 1935 Profitetur
1669 1902 1825 1937 autem

187 1965 363 2004 litteras
398 1965 719 2014 humaniores3
750 1965 834 2004 sub
862 1965 1098 2016 hyemem,
1133 1966 1179 2004 ni
1206 1965 1355 2015 fallor,
1387 1966 1643 2006 oratoriam
1675 1972 1825 2007 artem

186 2046 513 2086 aggressurus.
533 2034 723 2075 Interim
741 2036 849 2075 dum
872 2036 1098 2075 intensior
1119 2042 1188 2075 est
1210 2037 1321 2075 solis
1344 2042 1516 2086 aestus,
1536 2037 1825 2078 versificato-

187 2107 303 2146 riam
326 2106 468 2146 tradit
488 2113 532 2145 et
554 2106 599 2145 in
619 2106 879 2145 scribendis
897 2106 1110 2145 versibus
1128 2106 1381 2157 discipulos
1398 2119 1508 2147 suos
1525 2108 1678 2159 coepit
1695 2120 1824 2149 exer-

185 2189 303 2226 cere,
324 2189 421 2216 non
443 2177 616 2217 omissa
638 2184 795 2216 tamen
817 2188 985 2227 prosae
1008 2177 1235 2216 orationis
1257 2177 1529 2228 quotidiana
1551 2179 1819 2230 scriptione.

185 2248 245 2288 Ut
276 2249 464 2299 insuper
493 2247 664 2287 fratres
698 2247 756 2286 ad
776 2247 918 2286 latine
948 2247 1246 2287 scribendum
1277 2248 1529 2288 studiosius
1559 2249 1821 2301 invigilent,

184 2320 350 2369 partim
375 2319 605 2358 desiderio
628 2318 852 2358 honestae
875 2318 1046 2367 laudis,
1070 2319 1240 2369 partim
1271 2319 1411 2359 etiam
1437 2331 1663 2360 censurae
1691 2328 1817 2361 metu

186 2402 239 2429 ac
271 2389 558 2435 verecundia
587 2389 834 2440 compulsi,
874 2389 1134 2429 institutum
1170 2395 1240 2429 est
1267 2396 1315 2430 ut
1347 2391 1514 2442 aliquis
1542 2403 1822 2444 unoquoque

185 2461 271 2510 die,
296 2467 400 2511 post
421 2460 576 2500 cibum
597 2466 845 2511 sumptum,
869 2471 1029 2499 coram
1051 2460 1265 2500 omnibus
1286 2461 1451 2501 recitet
1472 2474 1592 2513 quae
1614 2463 1819 2514 scripsit;

184 2531 229 2571 id
250 2530 373 2582 quod
394 2542 487 2570 non
509 2542 674 2581 parum
695 2531 918 2570 momenti
940 2530 1123 2570 adferre
1145 2531 1205 2571 ad
1226 2531 1379 2572 studia
1401 2531 1602 2573 videtur.
1630 2574 1633 2576 ,

262 2602 313 2642 In
333 2602 548 2653 proxima
570 2602 719 2641 classe
735 2601 785 2641 P.
804 2600 862 2641 D.
882 2601 1057 2642 Caesar
1078 2603 1440 2652 grammaticam
1460 2605 1691 2655 praelegit
1714 2617 1820 2645 cum

184 2673 374 2724 syntaxi
397 2680 440 2712 et
462 2672 737 2712 authoribus
759 2673 995 2712 nonnullis
1015 2685 1099 2724 pro
1121 2673 1456 2724 discipulorum
1478 2681 1619 2726 captu
1653 2687 1819 2727 oppor-

183 2743 324 2783 tunis.

259 2814 465 2866 Joannes
488 2813 791 2863 Franciscus,
815 2813 1005 2865 reliquis
1025 2814 1305 2865 praefectus,
1329 2816 1593 2856 rudimenta
1615 2823 1660 2857 et
1682 2828 1818 2868 regu-

183 2886 251 2924 las
273 2895 542 2924 communes
562 2884 805 2924 latinitatis
822 2884 970 2924 docet.
990 2883 1106 2925 Sunt
1126 2884 1266 2925 etiam
1283 2885 1461 2937 aliquot
1477 2887 1685 2928 nondum
1702 2889 1818 2928 satis

173 2961 307 2995 ‘recte
328 2955 484 3006 legere
511 2954 706 3005 assueti,
738 2966 853 3006 quos
883 2966 977 2995 non
1005 2955 1296 2996 excludimus
1323 2964 1572 3008 parentum
1599 2960 1818 3010 precibus
