2074 3179
891 167 954 202 Ax
999 164 1089 202 1552
1734 165 1804 201 587

174 263 369 303 vestitus
409 263 599 302 nimiam
638 263 954 314 profusionem
992 263 1112 302 male
1147 262 1411 311 audiebant,
1456 273 1619 301 verum
1660 261 1800 301 etiam

174 341 411 384 tamquam
431 333 715 373 inventrices
737 333 994 384 exquisitae
1021 333 1188 373 harum
1216 332 1591 384 superfluitatum
1622 343 1700 371 ore
1722 343 1800 382 pu-

176 405 296 444 blico
318 404 600 444 ferebantur.

255 474 434 515 Deinde
455 476 528 515 vir
550 476 738 527 quidam
760 477 806 516 in
837 476 1041 516 animum
1069 475 1317 515 induxerat
1348 480 1392 515 et
1413 475 1546 514 firma
1578 474 1802 513 delibera-

174 547 298 586 tione
319 547 486 586 mentis
506 552 733 587 statuerat
754 547 969 598 proximo
997 558 1081 586 suo
1104 546 1336 596 insignem
1366 546 1579 596 irrogare
1607 544 1801 595 ignomi<

172 618 312 666 niam,
347 618 425 669 qui
453 618 561 658 dum
589 618 677 658 hac
713 618 1074 669 quadragesima
1109 617 1188 656 uni
1223 629 1281 657 ex
1315 616 1618 657 concionibus
1649 615 1802 655 Patris

172 688 408 739 Baptistae
443 688 708 739 interesset,
747 695 876 729 tanta
912 688 1160 728 devotione
1193 694 1238 727 et
1272 687 1416 727 animi
1452 686 1612 726 dolore
1647 686 1800 726 subito

168 759 364 799 affectus
385 766 453 799 est
476 765 524 799 ut
547 771 732 799 omnem
752 771 999 800 rancorem
1019 766 1064 799 et
1086 759 1244 799 odium
1263 765 1543 810 conceptum
1560 770 1615 797 ac
1633 757 1802 797 mentis

170 842 368 881 pravam
390 831 693 870 intentionem
714 831 836 870 illico
858 831 1126 882 deponeret,
1151 830 1403 881 statimque
1424 829 1663 869 inimicum
1686 827 1799 868 adiit

169 887 336 940 et'cum
354 901 430 941 illo
447 901 493 940 in
509 901 712 951 gratiam
728 901 861 942 rediit
876 913 883 952 ;
901 901 1024 952 quod
1040 901 1349 941 resciscentes
1366 899 1567 940 sacrifici
1584 899 1642 939 D.
1661 899 1798 952 Joan-

169 972 256 1020 nis,
280 972 327 1011 in
349 984 439 1023 qua
462 972 507 1011 id
529 973 812 1023 contigerat,
840 973 1099 1024 gaudentes
1127 972 1185 1012 ad
1206 984 1291 1012 nos
1318 977 1547 1012 venerunt
1575 970 1801 1021 nobisque

170 1054 268 1082 rem
293 1054 477 1082 omnem
499 1049 547 1083 ut
568 1049 703 1094 gesta
723 1043 874 1083 fuerat
894 1049 1223 1084 narraverunt.

248 1113 497 1153 Praeterea
520 1114 683 1154 mulier
703 1115 802 1163 fuit,
823 1127 942 1166 quae
959 1127 986 1155 a
1002 1116 1146 1155 multo
1168 1121 1377 1166 tempore
1394 1114 1496 1154 viro
1519 1115 1670 1154 alieno
1693 1125 1798 1154 con-

166 1184 338 1224 cubina
372 1184 539 1224 fuerat.
577 1185 721 1235 Haec,
760 1185 918 1226 audito
945 1198 1037 1226 uno
1065 1197 1124 1226 ex
1158 1186 1306 1226 tribus
1333 1186 1643 1235 sermonibus,
1682 1196 1801 1237 quos

166 1255 327 1295 habuit
354 1255 492 1295 Pater
513 1255 724 1306 Baptista
746 1256 802 1296 de
832 1256 1055 1297 Passione
1085 1257 1275 1297 Domini
1297 1257 1344 1297 in
1371 1256 1665 1296 hebdomada
1696 1268 1798 1296 san-

165 1332 256 1376 cta,
280 1332 408 1366 tacta
431 1332 499 1366 est
521 1327 682 1367 dolore
704 1328 860 1367 cordis
881 1328 1178 1378 intrinsecus,
1203 1334 1247 1368 et
1268 1327 1391 1368 facie
1420 1328 1653 1378 unguibus
1680 1328 1799 1367 lace-

166 1404 269 1437 rata
293 1398 549 1449 capitisque
570 1398 802 1438 velamine
824 1398 1050 1449 detracto,
1080 1398 1329 1450 quemdam
1352 1399 1560 1438 vicinum
1588 1404 1800 1439 nostrum

167 1468 302 1517 adiit,
344 1481 448 1508 eum
488 1469 655 1509 obnixe
689 1481 864 1520 rogans
899 1475 948 1509 ut
982 1470 1106 1521 apud
1140 1481 1225 1510 nos
1258 1470 1544 1510 intercessor
1578 1470 1799 1509 existeret

111 1549 113 1551 ’
167 1539 460 1591 efficeretque
479 1546 529 1580 ut
549 1540 689 1580 Pater
716 1540 926 1592 Baptista
948 1541 1094 1592 ipsius
1123 1540 1467 1581 confessionem
1497 1540 1696 1587 audiret;
1722 1552 1799 1592 po-

165 1611 250 1651 tita
272 1611 459 1651 tandem
480 1623 564 1651 suo
595 1611 826 1652 desiderio
848 1612 1065 1652 confessa
1093 1617 1162 1652 est
1185 1611 1374 1664 jamque
1396 1612 1542 1652 vitam
1572 1612 1699 1662 degit
1721 1611 1798 1651 ho-

167 1688 348 1722 nestam
383 1687 426 1722 et
462 1689 657 1733 castam,
697 1683 965 1734 recogitans
1000 1694 1148 1723 annos
1184 1683 1369 1734 elapsos
1405 1683 1452 1722 in
1487 1682 1799 1722 amaritudine

170 1753 355 1793 animae
377 1765 503 1793 suae.

246 1824 437 1864 Praeter
457 1824 573 1864 haec
603 1831 837 1865 mercator
865 1825 1054 1877 quidam
1076 1826 1255 1865 solebat
1283 1826 1407 1865 domi
1439 1832 1627 1866 nostrae
1659 1825 1799 1865 confi-

166 1895 253 1934 teri
273 1906 474 1946 suasque
496 1895 686 1946 spiritus
707 1896 1012 1936 necessitates
1033 1902 1078 1936 et
1100 1902 1270 1936 cuncta
1290 1897 1475 1936 animae
1497 1896 1692 1936 consilia
1714 1896 1797 1936 Pa-

166 1966 313 2005 tribus
333 1966 703 2014 communicare;
727 1967 801 2006 hic
822 1967 971 2007 iturus
993 1967 1053 2007 ad
1073 1967 1309 2008 nundinas
1338 1968 1510 2019 oppidi,
1535 1968 1678 2018 vulgo
1701 1967 1797 2007 Vil-

164 2036 288 2076 lalon
309 2037 547 2088 appellati,
580 2049 673 2077 non
700 2038 829 2089 prius
860 2038 946 2077 sibi
973 2037 1310 2078 discedendum
1339 2038 1627 2078 existimavit
1657 2050 1799 2089 quam

164 2119 251 2147 nos
271 2108 582 2158 alloqueretur
614 2120 668 2148 ac
689 2109 794 2148 vale
821 2109 1171 2160 pronunciaret.
1198 2109 1340 2149 Venit
1369 2121 1482 2161 ergo
1512 2109 1700 2149 domum
1721 2121 1799 2149 no-

164 2185 310 2218 stram
337 2179 483 2218 tristis
512 2185 650 2230 atque
676 2179 1118 2230 lachrimabundus,
1152 2180 1366 2231 deplorat
1390 2179 1627 2231 jacturam
1659 2191 1797 2231 quam

164 2261 360 2300 passura
392 2255 492 2289 erat
519 2250 674 2290 anima
703 2261 803 2301 sua,
833 2256 882 2290 ut
908 2250 1076 2302 ajebat,
1101 2263 1159 2291 ex
1182 2252 1395 2292 absentia
1427 2258 1471 2292 et
1499 2252 1798 2303 elongatione

163 2319 492 2360 familiaritatis
514 2327 559 2360 et
581 2321 967 2374 conversationis,
992 2334 1084 2373 qua
1106 2328 1244 2362 antea
1264 2334 1375 2363 usus
1393 2323 1620 2363 hactenus
1642 2323 1797 2363 fuerat

161 2402 267 2430 curn
287 2391 504 2430 Patribus
526 2396 570 2430 et
596 2391 818 2432 fratribus
840 2392 975 2444 hujus
1003 2392 1185 2433 domus.
1216 2393 1498 2434 Affirmabat
1528 2394 1719 2445 insuper
1741 2405 1796 2434 ac

159 2462 306 2501 obiter
327 2462 558 2502 referebat
585 2468 759 2513 quanta
789 2463 963 2504 utilitas
994 2475 1229 2516 quamque
1252 2465 1468 2516 copiosus
1497 2464 1678 2505 fructus
1702 2465 1795 2504 ani-

160 2543 342 2572 marum
360 2539 607 2584 appareret
628 2544 687 2573 ex
708 2545 762 2573 eo
784 2540 992 2586 tempore
1015 2547 1104 2586 quo
1124 2535 1316 2575 advenit
1337 2535 1549 2576 Societas
1570 2541 1732 2575 nostra
1750 2535 1797 2575 in

160 2603 283 2643 hanc
310 2604 495 2654 urbem;
527 2605 605 2655 qui
639 2616 934 2657 nequaquam
964 2607 1182 2646 minimus
1215 2607 1356 2658 foret,
1376 2606 1561 2647 dicebat
1585 2607 1673 2657 ille,
1710 2607 1796 2646 etsi

161 2675 313 2714 nullus
341 2675 458 2715 alius
486 2675 673 2726 decerpi
699 2677 847 2727 possit
874 2677 963 2716 nisi
990 2677 1028 2717 is
1059 2689 1196 2729 quem
1225 2678 1381 2718 anima
1403 2678 1549 2728 ipsius
1570 2678 1794 2728 percepit,

161 2756 299 2796 quem
320 2746 551 2796 persensit
578 2752 906 2787 maturescere.

249 2815 318 2855 Ad
336 2816 451 2856 haec
469 2817 639 2868 omnia,
658 2819 866 2858 nonnulli
883 2819 1106 2859 exercitia
1121 2819 1383 2870 spiritualia
1402 2819 1525 2870 apud
1541 2831 1625 2858 nos
1643 2830 1793 2859 susce-

162 2892 344 2936 perunt,
369 2899 566 2938 quorum
588 2894 787 2939 quatuor
808 2889 1049 2930 scholares
1069 2901 1171 2930 sese
1193 2889 1418 2930 Societati
1440 2890 1720 2930 addixerunt
1742 2902 1797 2930 ac

164 2956 408 3007 dederunt3
431 2965 628 3009 suntque
651 2958 696 2998 in
717 2960 1089 3010 praesentiarum
1110 2960 1157 3000 in
1180 2961 1267 3000 hac
1290 2960 1443 3009 domo,
1469 2960 1673 3012 quotidie
1694 2972 1779 3011 pro
