2074 3179
236 207 307 243 554
749 207 977 245 LITTERAE
1009 219 1367 251 QUADRiMEsTREs

237 316 356 355 mus,
388 305 511 356 quod
548 305 778 357 reliquum
812 311 913 345 erat
939 305 1263 357 philosophiae
1298 305 1421 346 domi
1449 307 1582 346 nobis
1612 307 1875 358 expositum

237 381 322 415 est.
359 376 403 416 A
437 388 596 416 mense
631 382 787 415 autem
822 376 1048 428 Januario
1077 376 1278 427 primam
1311 383 1492 427 partem
1525 377 1634 417 Divi
1665 377 1876 418 Thomae

237 446 400 487 audire
422 447 662 499 coepimus
687 454 730 486 et
754 452 972 498 quartum
992 446 1353 500 Sententiarum,
1377 449 1423 488 in
1445 461 1550 500 quo,
1575 448 1762 488 favente
1783 448 1874 488 Do-

238 518 379 568 mino,
404 524 448 558 et
470 530 593 558 nunc
616 524 896 569 perstamus.

316 590 400 629 Est
431 590 506 629 hic
529 590 728 640 populus
749 595 938 629 nostrae
969 588 1192 630 Societati
1214 602 1308 630 non
1336 591 1633 631 mediocriter
1662 591 1875 642 affectus;

236 667 540 712 quapropter,
566 673 672 701 cum
690 661 808 701 alias
829 661 886 701 ob
903 660 1136 712 Principis
1154 662 1422 713 diligentem
1446 663 1799 702 instructionem
1818 663 1875 702 ad

236 738 537 772 sacramenta
558 733 746 783 plurimi
768 732 1011 783 accedant,
1037 733 1095 772 ad
1116 732 1280 773 Patres
1302 739 1490 773 nostros
1511 734 1738 785 peculiari
1768 745 1873 784 qua—

236 802 346 842 dam
375 802 520 842 animi
553 803 798 842 alacritate
834 812 1120 843 concurrunt
1157 809 1408 855 tantusque
1436 804 1504 854 fit,
1538 803 1727 844 Domini
1752 804 1876 844 beni-

235 873 431 924 gnitate,
457 884 717 913 concursus
745 884 928 924 eorum,
953 874 1031 925 qui
1062 880 1257 925 peccata
1285 886 1369 914 sua
1393 874 1603 914 confiteri
1635 880 1873 924 expetunt,

235 948 285 982 ut
303 949 401 983 tota
425 943 498 983 die
528 948 624 983 tam
651 955 788 983 mane
816 955 956 995 quam
986 956 1183 996 vespere
1210 945 1375 985 Patres
1405 934 1450 984 in
1482 944 1681 985 ecclesia
1712 944 1878 995 majori

236 1013 488 1054 resideant.
513 1013 669 1065 Atque
690 1025 1028 1066 nonnunquam
1049 1016 1191 1055 etiam
1212 1022 1354 1056 noctu
1384 1015 1643 1055 confessuri
1666 1016 1797 1055 multi
1819 1015 1878 1054 ad

235 1095 324 1123 nos
346 1096 395 1124 se
426 1084 689 1135 conferunt,
721 1096 922 1136 quorum
952 1085 1193 1125 devotioni
1220 1084 1496 1125 satisfacere
1524 1085 1764 1124 studentes
1794 1084 1877 1125 Pa-

235 1161 331 1195 tres
349 1167 497 1207 usque
515 1155 574 1195 ad
589 1156 784 1196 multam
800 1161 985 1196 noctem
1004 1156 1375 1196 confessionibus
1393 1157 1488 1196 suis
1506 1156 1726 1196 detinent.
1744 1156 1878 1207 Quod

235 1226 275 1265 si
302 1227 447 1266 multo
482 1228 640 1278 plures
677 1233 834 1267 essent
868 1227 1154 1278 sacerdotes,
1192 1240 1287 1268 non
1321 1227 1480 1267 dubito
1516 1228 1625 1279 quin
1650 1227 1877 1267 «omnibus

237 1297 487 1338 laborandi
508 1298 555 1338 in
576 1299 718 1338 vinea
740 1297 931 1338 Domini
952 1299 1083 1339 locus
1106 1305 1242 1339 esset.

313 1368 365 1409 In
386 1369 475 1410 hac
499 1369 611 1409 urbe
632 1370 862 1421 nonnulli,
895 1371 1125 1422 exemplo,
1158 1371 1320 1422 credo,
1347 1371 1632 1417 Cardinalis,
1657 1372 1712 1412 de
1748 1371 1879 1423 cujus

234 1440 443 1480 moribus
465 1452 521 1481 ac
542 1441 668 1481 vitae
690 1441 961 1492 integritate
978 1442 1220 1492 cognitum
1240 1442 1459 1491 habebis,
1485 1443 1672 1494 aliquod
1696 1449 1879 1495 tempus

234 1511 445 1551 tribuunt
474 1512 691 1562 orationi,
716 1512 776 1551 ad
806 1523 943 1563 quem
971 1524 1220 1553 numerum
1254 1514 1459 1554 adventu
1490 1513 1681 1554 Patrum
1704 1514 1750 1554 in
1782 1515 1880 1554 dies

234 1581 437 1633 additur,
462 1583 632 1634 quique
665 1588 805 1623 antea
827 1583 1031 1623 orationi
1061 1583 1334 1635 studebant,
1369 1586 1427 1625 ad
1458 1583 1620 1624 Patres
1650 1585 1881 1624 accedunt

237 1663 328 1703 quo
351 1652 408 1691 ab
433 1652 546 1704 ipsis
566 1653 820 1704 perfectius
842 1654 1149 1694 instruantur.
1175 1655 1229 1695 In
1250 1655 1322 1695 his
1344 1656 1565 1696 sacerdos
1586 1656 1776 1707 quidam
1801 1668 1882 1695 no·

234 1723 355 1774 bilis,
393 1723 516 1764 Duci
554 1725 766 1765 Gandiae
801 1724 1025 1766 affinitate
1061 1725 1353 1777 conjunctus,
1390 1739 1414 1766 a
1452 1727 1590 1768 Patre
1625 1727 1882 1767 Melchiore

236 1794 464 1835 Carneiro
496 1797 721 1836 exercitia
743 1797 945 1848 accepit,
970 1797 1077 1837 licet
1100 1809 1193 1837 non
1215 1798 1403 1838 omnino
1422 1811 1505 1850 per
1527 1809 1604 1838 eos
1624 1797 1722 1838 dies
1745 1798 1880 1837 colle-

234 1872 337 1906 ctus
355 1867 412 1906 ob
428 1879 597 1907 munus
614 1868 865 1919 quoddam,
881 1868 1005 1920 quod
1022 1869 1068 1908 in
1085 1869 1286 1908 ecclesia
1303 1866 1469 1918 majori
1485 1867 1620 1919 gerit.
1641 1866 1728 1907 Hic
1751 1866 1881 1907 Patri

232 1937 300 1977 sic
329 1937 551 1978 obediens
579 1950 635 1978 ac
671 1937 908 1989 subjectus
939 1940 1125 1989 mansit,
1156 1945 1205 1980 ut
1233 1940 1367 1979 nobis
1403 1938 1694 1978 obedientiae
1727 1950 1880 1978 exem-

234 2008 361 2059 plum
377 2020 470 2048 non
483 2008 726 2049 minimum
743 2010 983 2062 praebeat,
1005 2022 1110 2050 cum
1128 2009 1226 2061 ejus
1243 2011 1522 2062 dignitatem
1538 2021 1643 2050 cum
1661 2021 1715 2050 ea
1733 2009 1880 2049 humi-

232 2080 363 2120 litate
385 2079 687 2132 conjunctam
708 2081 956 2122 intuemur.
980 2081 1077 2122 Nec
1099 2081 1259 2122 dubito
1276 2082 1386 2134 quin
1404 2081 1607 2133 aliquam
1630 2081 1703 2120 sui
1727 2086 1885 2120 status

233 2152 544 2192 mutationem
570 2158 694 2193 esset
719 2152 948 2202 facturus,
986 2164 1124 2205 quem
1159 2158 1319 2192 tamen
1349 2163 1443 2192 non
1476 2151 1706 2191 intactum
1739 2150 1876 2190 relin-

233 2227 363 2274 quet,
389 2224 478 2263 nisi
500 2224 627 2264 tenui
649 2230 693 2264 et
710 2225 913 2265 adversa
935 2223 1139 2274 quadam
1160 2222 1428 2263 valetudine
1450 2221 1701 2261 laboraret.
1734 2219 1875 2271 Adju-

234 2299 316 2334 vat
335 2294 639 2336 nihilominus
660 2296 826 2336 Patres
845 2296 893 2335 in
913 2294 1287 2335 confessionibus
1319 2291 1577 2333 audiendis.

312 2363 453 2404 Pater
474 2365 701 2405 Melchior
718 2365 943 2407 Carneiro
960 2378 1054 2406 non
1070 2372 1140 2406 est
1158 2366 1387 2405 hactenus
1408 2363 1733 2411 concionatus,
1753 2361 1877 2412 quod

233 2439 392 2475 tamen
413 2435 461 2475 in
482 2436 571 2476 hac
594 2437 960 2488 quadragesima
979 2437 1134 2477 faciet.

232 2595 384 2622 nominat
402 2596 465 2623 hoc
480 2597 588 2624 modo:
606 2597 712 2623 “Pera
738 2596 869 2633 Reytor
890 2597 931 2624 do
954 2597 1067 2624 futuro
1093 2596 1245 2630 Collegio
1271 2603 1288 2622 0
1312 2594 1421 2621 Padrc
1446 2592 1609 2620 Melchior
1633 2590 1843 2624 Ca1·neir0...,
1859 2599 1877 2618 o

232 2643 384 2676 segundo
400 2643 457 2679 foy
472 2651 490 2669 o
507 2643 616 2671 Padre
632 2644 756 2671 Mestre
774 2644 859 2677 Joan
876 2644 1126 2677 Cavilhonio...,
1144 2651 1161 2670 0
1177 2642 1324 2670 tel-ceiro
1339 2649 1357 2668 ο
1380 2641 1489 2668 padre
1505 2639 1637 2667 Manoel
1653 2638 1876 2672 Fernades...,

232 2690 292 2716 dos
307 2695 423 2718 outros
437 2695 510 2718 sete
526 2692 786 2725 companhciros
802 2697 925 2726 quatro
951 2700 1033 2719 eran
1056 2692 1187 2718 Irmaos
1212 2691 1435 2723 theologos...7
1452 2696 1470 2715 o
1486 2687 1598 2715 Irmao
1625 2687 1711 2713 Pero
1732 2687 1775 2713 da
1790 2686 1877 2714 Fon-

232 2744 357 2770 seca...,
374 2746 391 2764 0
407 2738 520 2765 Irmao
535 2738 659 2773 Miguel
675 2740 714 2766 de
729 2739 902 2773 Barros...,
919 2747 936 2766 0
952 2739 1065 2767 Irmao
1081 2739 1219 2766 Affonso
1235 2737 1428 2769 Barreto...,
1446 2744 1463 2761 o
1478 2735 1591 2762 Irmao
1606 2734 1738 2762 Manoel
1754 2734 1876 2762 Vaz...:

232 2785 366 2812 vietam
380 2786 466 2813 mais
482 2790 553 2813 tres
568 2786 700 2814 Irmaos
714 2787 986 2822 coadjutores...„
999 2787 1093 2820 Quod
1106 2786 1240 2821 quidem
1255 2780 1365 2818 magis
1380 2783 1513 2810 accedit
1528 2782 1570 2810 ad
1581 2782 1877 2809 enumerationem

232 2839 253 2858 a
268 2832 414 2860 Barreto
431 2833 560 2861 saetam
576 2842 676 2868 quam
692 2835 724 2862 id
740 2835 827 2869 quod
842 2835 981 2870 scripsit
997 2834 1294 2867 Franco.-Atque
1311 2832 1364 2859 hic
1386 2832 1481 2859 locus
1502 2834 1553 2857 est
1576 2829 1769 2863 corrigendi
1785 2837 1877 2856 erro-

235 2886 306 2906 rem
322 2880 355 2906 in
370 2888 467 2914 quem
483 2889 598 2915 supra,
615 2889 693 2917 pag.
708 2883 770 2915 472,
793 2886 862 2910 not.
880 2884 905 2916 1,
922 2882 1109 2915 incidimus,
1126 2882 1205 2908 dum
1225 2880 1267 2907 ad
1283 2879 1515 2906 fundationem
1530 2877 1717 2904 Evorensis
1734 2876 1877 2910 Collegii

233 2926 372 2953 missum
393 2927 597 2963 Ulyssipone
612 2929 756 2956 diximus
773 2929 911 2956 Patrem
926 2929 1091 2962 Joannem
1113 2929 1153 2955 de
1175 2929 1328 2961 Aragon.
1352 2925 1385 2953 Is
1407 2926 1505 2959 enim,
1529 2932 1594 2952 non
1610 2924 1744 2958 quidem
1759 2924 1801 2951 ad
1816 2924 1877 2950 ini-

232 2967 317 3015 tium
330 2973 481 3009 Collegio
492 2977 760 3009 ponendum,sed
774 2978 892 3011 paucis
907 2981 987 3004 ante
1003 2976 1172 3004 mensibus
1187 2976 1230 3003 ad
1246 2974 1524 3006 concionandum,
1540 2979 1606 2999 una
1621 2979 1696 2998 cum
1712 2971 1747 2998 P.
1765 2971 1875 2999 Ludo-

232 3021 309 3048 vico
325 3021 495 3049 Gonzalez
513 3022 662 3051 Evoram
679 3024 882 3060 Ulyssipone
900 3025 1011 3052 fuerat
1026 3025 1160 3051 missus.
