2074 3179
875 139 956 175 AN.
990 137 1076 174 1551
1720 133 1789 172 287

867 589 1084 642 LXXX

237 819 282 854 P.
306 818 565 855 Leonardus
586 817 743 855 Kessel

282 883 403 919 Patri
421 883 589 929 Ignatio
610 882 663 920 de
682 883 865 930 Loyola.

331 947 514 986 Colonia
531 947 578 985 30
597 947 763 995 Aprilis
785 947 872 984 1551
896 948 924 984 ¹.

807 1209 1161 1263 COLONIA

325 1369 377 1396 Ex
394 1368 518 1395 litteris
533 1368 567 1394 P.
585 1367 765 1400 Leonardi,
782 1375 801 1394 a
815 1367 978 1400 Januario
994 1375 1098 1401 usque
1114 1367 1157 1394 ad
1178 1367 1277 1396 finem
1302 1368 1451 1400 Aprilis,
1468 1374 1555 1394 anno
1572 1367 1650 1394 1551.

242 1511 406 1552 Gratia
428 1516 472 1551 et
493 1522 607 1562 pax,
627 1517 714 1551 ete.
1436 1540 1458 1561 a

239 1581 566 1633 Superioribus
586 1582 752 1622 litteris
778 1582 1062 1622 mentionem
1089 1581 1178 1622 feci
1204 1581 1374 1622 nobilis
1403 1581 1619 1621 dominae
1641 1581 1794 1621 Abba—

157 1653 302 1693 tissae
336 1653 606 1693 monasterii
639 1653 855 1693 undecim
894 1653 1090 1693 millium
1128 1653 1391 1703 virginum,
1434 1664 1552 1703 quae
1591 1652 1639 1692 in
1677 1652 1796 1693 festo

159 1723 378 1765 Omnium
399 1723 680 1764 Sanctorum
700 1724 883 1775 publice
912 1724 1053 1776 (quod
1079 1735 1320 1775 nunquam
1348 1723 1502 1764 visum
1530 1724 1614 1773 est)
1645 1723 1692 1763 in
1727 1735 1797 1764 ec-

159 1795 302 1835 clesia
336 1795 419 1835 sub
459 1801 618 1835 nostra
653 1795 797 1835 Missa
836 1795 1203 1835 communicavit
1238 1806 1346 1835 cum
1382 1805 1556 1845 magna
1590 1794 1798 1834 omnium

159 1866 502 1906 aedificatione:
525 1866 731 1918 reliquae
750 1877 864 1906 Vero
887 1866 1143 1906 canonicae
1162 1865 1221 1906 ad
1242 1865 1586 1905 confessionem
1604 1871 1648 1905 et
1668 1865 1798 1917 ipsae

160 1937 433 1988 praeparari
455 1943 729 1989 coeperunt,
753 1944 797 1978 et
817 1937 864 1977 in
885 1937 984 1977 dies
1004 1937 1051 1976 in
1072 1936 1277 1977 Domino
1301 1936 1567 1987 proficiunt.
1600 1936 1651 1976 In
1683 1936 1799 1987 vigi-

160 2008 221 2047 lia
242 2007 422 2048 Natalis
442 2007 647 2059 Domini,
671 2014 715 2048 et
742 2008 884 2048 etiam
904 2008 951 2048 in
972 2008 1046 2047 die
1076 2007 1262 2048 Coenae
1291 2007 1498 2057 Domini,
1523 2007 1687 2047 eadem
1707 2007 1799 2046 Ab·

160 2079 351 2130 batissa,
394 2091 500 2120 cum
544 2080 758 2119 omnibus
797 2078 1076 2119 monialibus
1117 2084 1163 2119 et
1197 2084 1296 2118 tota
1330 2078 1522 2129 familia,
1552 2085 1717 2118 nostra
1752 2078 1798 2117 in

160 2149 304 2189 Missa
333 2150 758 2200 communicarunt;
781 2149 1071 2190 tantumdem
1098 2149 1145 2189 in
1171 2149 1245 2189 die
1274 2148 1500 2188 Paschae.
1527 2147 1644 2189 Sunt
1672 2148 1799 2188 nobi-

160 2221 364 2260 lissimae
395 2219 659 2271 hujusmodi
691 2221 902 2271 virgines
933 2226 978 2260 et
1009 2219 1143 2260 nobis
1179 2231 1234 2260 ac
1276 2220 1361 2260 toti
1396 2218 1622 2259 Societati
1657 2219 1796 2259 valde

162 2291 375 2341 affectae;
406 2292 655 2343 praecipue
684 2291 961 2342 Abbatissa‚
991 2302 1110 2343 quae
1134 2296 1179 2331 et
1209 2302 1282 2331 me
1311 2302 1466 2342 saepe,
1491 2290 1668 2342 aliquid
1688 2290 1797 2330 boni

160 2362 431 2402 conferendi
451 2362 627 2413 gratia,
649 2368 791 2402 Vocat
812 2368 856 2402 et
877 2362 1073 2402 libenter
1094 2361 1246 2413 audit,
1273 2373 1328 2401 ac
1350 2362 1397 2401 in
1427 2361 1604 2413 coeptis
1634 2361 1799 2401 alacri-

161 2440 230 2473 ter
250 2433 417 2485 pergit.

236 2503 356 2545 Aliis
377 2505 423 2544 in
445 2504 760 2555 monasteriis,
784 2505 941 2545 multis
960 2504 1308 2556 praesentibus,
1340 2503 1647 2544 concionatus
1669 2514 1791 2554 sum,

159 2587 266 2615 cum
291 2587 485 2626 magna,
515 2582 563 2615 ut
594 2575 863 2627 videbatur,
892 2575 1228 2616 satisfactione.
1260 2574 1434 2615 Nostra
1456 2586 1570 2615 vero
1593 2574 1640 2614 in
1661 2585 1797 2626 paro-

160 2645 267 2686 chia
300 2657 458 2686 mense
492 2646 726 2687 februario
760 2646 899 2687 valde
938 2651 1195 2697 occupatus
1225 2645 1290 2685 fui
1327 2646 1376 2685 in
1425 2644 1798 2685 confessionibus

160 2717 423 2768 audiendis,
459 2717 566 2758 licet
605 2729 801 2769 corpore
838 2717 1023 2766 debilis,
1055 2717 1251 2757 multum
1290 2722 1447 2756 tamen
1485 2715 1545 2756 ad
1579 2715 1799 2756 ferendos

160 2787 343 2827 labores
364 2788 655 2828 confortatus
675 2788 763 2828 Dei
786 2788 955 2839 gratia.
982 2788 1107 2829 Inter
1128 2793 1345 2828 caeteros
1371 2786 1646 2827 confitentes
1663 2798 1800 2838 quae-

223 2946 233 2965 ¹
272 2947 517 2982 Apographum
531 2947 564 2975 in
579 2948 658 2976 folio
674 2948 686 2975 1
703 2947 837 2976 Codicis
851 2947 930 2975 1551.
