2074 3179
916 191 999 228 ΑΝ.
1032 191 1123 228 1552
1767 198 1837 233 535

289 286 494 337 Fratres,
519 287 722 327 Domino
744 287 946 335 favente,
972 293 1067 327 tam
1088 288 1347 329 litterarum
1370 290 1522 330 studio
1543 302 1684 342 quam
1705 294 1835 343 spiri-

208 358 412 397 tualibus
433 358 846 398 exercitationibus
875 359 1124 409 diligenter
1150 359 1435 400 incumbunt.
1468 361 1540 401 Ab
1572 362 1836 403 hominibus

212 429 347 480 hujus
378 430 582 481 regionis
616 436 857 480 gratanter
888 429 1071 479 excepti
1101 435 1221 468 sunt.
1254 429 1424 481 Atque,
1462 438 1511 471 ut
1542 431 1740 482 videtur,
1779 434 1835 472 ab

209 494 324 551 ipsis
345 512 438 540 non
454 512 621 551 parum
638 500 683 539 in
704 500 907 540 Domino
929 498 1197 550 diliguntur.
1221 499 1351 550 Quae
1369 512 1444 540 res
1461 513 1566 541 cum
1588 503 1834 553 superiori-

209 571 293 611 bus
316 571 552 612 mensibus
574 584 709 612 omne
729 569 1104 623 persequutionis
1131 580 1279 619 genus
1309 570 1548 622 adimeret,
1573 584 1665 612 non
1696 575 1838 613 semel

209 655 236 682 a
257 643 480 683 fratribus
502 644 747 684 audiebam
767 654 860 683 non
890 642 1005 681 satis
1032 640 1144 680 felix
1171 640 1394 681 indicium
1416 641 1566 682 videri
1587 644 1710 694 quod
1741 651 1838 683 tam

211 713 393 764 placide
426 714 670 754 nobiscum
704 720 948 764 ageretur;
983 718 1263 764 acceperant
1291 713 1415 752 enim
1442 726 1468 753 a
1502 720 1545 754 te
1577 714 1751 754 dictum
1781 728 1837 755 eo

211 783 402 835 majoris
423 785 520 836 spei
542 785 791 836 collegium
812 784 892 824 tibi
914 795 1029 833 esse,
1054 795 1144 834 quo
1165 785 1540 835 persequutionis
1562 785 1668 835 igne
1686 787 1844 837 magis

211 855 258 894 in
276 854 591 895 fundamentis
616 855 906 907 probaretur.

289 927 626 967 Verumtamen
647 939 741 968 non
762 927 934 978 placuit
956 926 1156 966 Domino
1178 931 1226 965 ut
1246 925 1312 975 id,
1343 925 1465 977 quod
1483 925 1580 966 fere
1600 927 1841 978 proprium

210 1003 280 1037 est
314 1004 583 1037 nostrorum
610 999 914 1049 collegiorum
942 997 1104 1047 initiis,
1134 997 1242 1036 huic
1274 997 1458 1048 penitus
1493 997 1688 1038 deesset.
1720 998 1839 1038 Nam

210 1069 415 1108 surrexit
437 1069 625 1119 quidam
647 1075 896 1119 mercator,
923 1069 1002 1120 qui
1022 1080 1070 1108 se
1092 1080 1118 1108 a
1141 1068 1319 1107 duobus
1347 1069 1587 1119 apostolis,
1618 1069 1684 1108 sic
1717 1070 1841 1109 enim

210 1151 296 1179 nos
322 1145 510 1187 vocant,
548 1140 606 1179 ad
641 1140 848 1179 alearum
880 1139 1038 1178 ludum
1064 1144 1374 1189 provocatum
1408 1138 1551 1178 fuisse
1583 1139 1630 1179 in
1664 1151 1839 1179 corona

211 1211 446 1250 hominum
485 1210 751 1250 affirmaret.
782 1211 853 1251 Ex
884 1221 1082 1261 quorum
1107 1221 1302 1249 numero
1331 1210 1553 1260 nonnulli,
1584 1210 1662 1261 qui
1690 1211 1839 1250 nostri

211 1281 536 1321 benevolentia
558 1281 669 1321 talia
691 1282 747 1321 de
767 1281 903 1321 nobis
925 1281 1017 1321 dici
1039 1281 1271 1329 dolebant,
1295 1292 1401 1320 cum
1423 1281 1557 1320 aliter
1574 1279 1671 1331 ejus
1692 1292 1840 1321 asser·

208 1352 412 1392 tionibus
434 1352 707 1392 satisfacere
728 1352 986 1403 nequirent,
1018 1352 1063 1391 id
1084 1351 1326 1391 relevandi
1347 1351 1489 1391 animi
1515 1352 1669 1402 gratia
1699 1358 1837 1403 atque

206 1430 255 1464 ut
277 1424 477 1464 aliorum
503 1424 707 1464 taedium
736 1424 1068 1475 deponeretur,
1095 1421 1271 1461 factum
1292 1422 1645 1473 responderunt.
1676 1421 1836 1463 Sacer-

206 1495 291 1535 dos
302 1508 416 1536 vero
430 1496 634 1547 quidam,
650 1496 879 1535 charitate
892 1494 1098 1545 zeloque,
1119 1499 1167 1533 ut
1184 1493 1446 1543 videbatur,
1464 1500 1718 1545 permotus,
1738 1507 1837 1535 rem

205 1567 264 1606 ad
298 1566 485 1606 Patrem
519 1565 821 1606 Melchiorem
855 1565 1079 1606 Carneiro
1115 1564 1292 1614 detulit,
1329 1577 1418 1616 quo
1452 1565 1540 1616 ipsi
1570 1566 1832 1606 mederetur

203 1649 545 1689 rumoremque,
570 1638 609 1677 si
630 1642 804 1688 posset,
829 1636 1141 1686 extingueret.

288 1708 374 1748 His
394 1720 489 1748 non
519 1709 663 1748 multo
693 1714 798 1759 post
827 1707 1053 1747 successit
1083 1706 1207 1758 quod
1232 1718 1325 1746 non
1351 1707 1581 1747 minorem
1611 1706 1836 1746 invidiam

204 1786 342 1830 atque
376 1779 786 1831 persequutionem
819 1778 1081 1830 pariturum
1115 1783 1229 1817 erat.
1268 1775 1498 1816 Sacerdos
1534 1774 1737 1827 quidam,
1775 1788 1833 1816 ex

206 1849 379 1889 nostris
409 1861 458 1889 se
480 1861 582 1889 esse
605 1861 834 1900 asserens,
866 1849 1090 1901 pecunias
1110 1861 1136 1888 a
1166 1848 1364 1898 devotiS,
1389 1858 1587 1898 quorum
1616 1847 1833 1887 audiebat

206 1920 540 1970 confessiones,
564 1920 797 1970 exigebat,
821 1920 1132 1971 quarumdam
1152 1919 1410 1969 imaginum
1428 1930 1483 1958 ac
1505 1919 1664 1958 sacelli
1684 1919 1834 1958 nostri

204 1988 401 2028 ornandi
423 1989 628 2039 obtentu,
652 1995 696 2028 et
717 1989 763 2028 id
783 2000 932 2040 genus
950 1990 1055 2038 alia,
1076 1990 1224 2040 turpis
1245 1990 1362 2029 lucri
1384 2000 1542 2039 causa,
1567 1989 1830 2029 simulabat.

204 2058 380 2098 Contra
401 2059 516 2099 haec
538 2066 694 2100 tamen
715 2061 887 2100 diaboli
908 2060 1306 2107 machinamenta,
1337 2059 1503 2110 quibus
1530 2060 1834 2100 honestorum

204 2128 442 2168 hominum
465 2129 607 2169 corda
628 2143 655 2169 a
677 2129 891 2170 Patribus
913 2136 957 2169 et
990 2141 1151 2169 eorum
1172 2129 1359 2169 monitis
1391 2135 1605 2169 avertere
1634 2130 1831 2170 conaba-

204 2205 295 2250 tur,
319 2200 542 2240 excitavit
572 2201 800 2242 Dominus
831 2202 909 2253 qui
941 2214 1004 2251 se,
1037 2201 1301 2241 tacentibus
1330 2200 1479 2249 nobiS,
1513 2201 1836 2252 superioribus

204 2277 507 2321 opponerent.
527 2271 647 2311 Nam
667 2272 890 2313 sacerdos
908 2271 1097 2324 quidam
1113 2283 1258 2312 senex
1274 2278 1318 2311 et
1336 2271 1561 2311 orationis
1577 2272 1830 2322 studiosus,

205 2351 312 2379 cum
341 2340 400 2380 ad
427 2340 525 2392 ejus
553 2354 691 2382 aures
716 2355 875 2383 rumor
901 2343 1208 2395 pervenisset,
1243 2343 1342 2382 zelo
1380 2341 1569 2382 Domini
1604 2354 1833 2383 accensus

202 2422 296 2450 non
330 2411 460 2462 prius
494 2413 694 2453 comedit
729 2425 881 2465 quam,
919 2420 1229 2454 mercatorem
1270 2413 1446 2464 adiens,
1483 2414 1551 2453 rei
1583 2414 1832 2453 veritatem

202 2483 428 2532 cognovit
449 2495 504 2522 ac
534 2484 718 2535 prodiit.
749 2485 1077 2537 Comperitque
1103 2484 1382 2525 mercatoris
1411 2484 1599 2524 domum
1629 2484 1736 2524 talis
1766 2485 1829 2524 lu-

203 2550 313 2591 dere
336 2552 600 2593 volentibus
620 2559 779 2604 patere
801 2556 1000 2606 solitam,
1025 2556 1267 2607 ipsumque
1295 2567 1321 2594 a
1344 2554 1526 2595 clericis
1552 2555 1712 2594 nescio
1734 2555 1830 2606 qui-

202 2621 289 2661 bus
305 2622 365 2662 ad
384 2622 636 2663 ludendum
657 2625 940 2666 lacessitum.

282 2691 483 2742 Quidam
510 2694 651 2734 etiam
666 2693 864 2746 juvenis,
890 2697 967 2748 qui
997 2696 1214 2736 Patribus
1242 2695 1289 2735 in
1314 2695 1453 2734 vinea
1484 2694 1675 2735 Domini
1705 2696 1829 2736 labo—

200 2763 412 2804 rantibus
433 2764 721 2816 interfuerat,
746 2772 956 2806 statuens
982 2766 1240 2807 sacerdotis
1266 2766 1387 2806 illius
1414 2765 1673 2806 institutum
1702 2778 1728 2806 a
1750 2779 1831 2807 no-

201 2838 299 2872 stro
317 2834 533 2886 alienum,
557 2848 746 2887 remque
767 2837 1035 2888 diligentius
1062 2843 1310 2887 scrutatus,
1334 2844 1384 2876 ut
1410 2836 1641 2877 intellexit
1676 2837 1828 2889 ipsum

201 2902 257 2943 de
288 2902 521 2945 Societate
547 2917 641 2946 non
668 2918 790 2957 esse,
819 2919 913 2948 non
943 2909 1147 2948 cessavit
1176 2908 1324 2947 donec
1359 2907 1619 2947 observans
1654 2909 1826 2959 locum,

205 2984 296 3024 quo
319 2974 541 3015 sacerdos
561 2987 610 3015 se
630 2977 898 3029 recipiebat,
923 2979 1030 3019 illuc
1048 2979 1187 3019 etiam
1209 2979 1432 3019 satellites
1452 2979 1707 3020 induceret.
