2074 3179
939 190 1022 227 AN.
1055 189 1141 227 1551
1783 186 1853 224 395

231 290 463 340 integrum
493 288 816 340 perseveravit
844 288 889 327 in
917 287 1005 327 hac
1033 288 1294 336 voluntate;
1316 290 1365 325 ut
1386 283 1729 335 pulcherrimae
1752 294 1850 334 spe-

229 361 316 400 ciei
337 360 443 400 dote
470 359 709 411 praeditus
738 364 828 407 est,
857 358 920 398 ita
948 357 1056 397 forti
1083 369 1139 397 ac
1165 357 1355 397 robusto
1383 366 1594 406 corpore,
1628 359 1692 404 et,
1731 354 1849 404 quod

229 430 377 482 majus
398 436 482 481 est,
505 430 628 470 bona
650 429 791 469 animi
813 429 965 469 indole
982 435 1026 468 et
1046 428 1289 469 modestia.

307 501 357 541 In
391 501 508 541 festo
542 500 841 541 Pentecostes
874 505 1151 550 receperunt
1192 511 1218 539 a
1254 497 1469 538 Patribus
1506 502 1853 536 sacramentum

228 573 423 624 synaxis
445 571 714 612 scholastici
734 571 1069 622 quadraginta,
1094 570 1382 621 singulisque
1405 568 1565 608 diebus
1597 567 1727 607 festis
1754 578 1854 617 per-

227 649 446 684 severant
486 643 630 682 multi.
668 642 811 682 Multa
847 642 937 681 alia
973 642 1231 693 potuissent
1268 653 1294 680 a
1328 639 1545 680 Patribus
1580 638 1679 678 fieri
1714 645 1757 677 et
1795 637 1852 677 ad

228 716 276 755 Ρ.
300 715 352 755 T.
377 715 538 765 scribi,
568 715 658 754 nisi
688 713 941 753 obstitisset
970 712 1169 752 adversa
1196 711 1416 752 valetudo
1445 710 1494 750 P.
1524 709 1784 761 Baptistae,
1809 708 1855 747 in

228 797 367 837 quam
388 786 575 836 saepius
596 784 776 825 recidit.

308 856 392 896 His
413 856 552 896 finem
568 856 752 896 dicendi
767 855 953 905 faciam,
975 854 1307 894 commendans
1323 852 1613 893 orationibus
1630 850 1679 890 Ρ.
1703 851 1754 890 T.
1777 851 1854 890 im-

227 927 389 978 primis
425 927 628 966 animam
662 938 840 977 meam,
877 924 1043 965 deinde
1076 925 1284 965 infirmos
1318 924 1482 964 Patres
1516 934 1571 962 ac
1607 922 1854 962 universos

225 999 437 1049 Fratres,
469 998 545 1049 qui
567 1009 727 1038 omnes
754 998 889 1037 simul
918 997 1205 1049 complemus
1232 1007 1477 1036 numerum
1498 993 1851 1041 duodenarium,

225 1069 434 1120 exceptis
455 1068 635 1108 duobus
656 1068 857 1108 famulis.

306 1140 430 1180 Bene
457 1140 583 1190 vale,
614 1139 676 1179 mi
702 1139 756 1179 R.
786 1138 835 1178 Ρ.
865 1139 912 1178 in
940 1137 1143 1178 Domino
1164 1138 1296 1190 Jesu,
1326 1149 1463 1189 quem
1496 1147 1720 1187 rogamus
1742 1140 1790 1174 ut
1811 1141 1856 1174 te

226 1210 304 1250 diu
324 1210 456 1250 nobis
472 1211 751 1250 incolumem
773 1215 945 1250 servet.

307 1281 540 1331 Lutetiae,
563 1280 787 1320 Kalendis
810 1277 1095 1332 Septembris
1120 1281 1234 1320 1551.

307 1352 435 1392 Tuus
456 1352 503 1391 in
524 1351 710 1392 Christo
732 1351 1136 1391 obedientissimus
1158 1352 1293 1401 filius,

1030 1493 1277 1534 ROBERTUS
1308 1493 1626 1533 CLAYSSONIUS
1635 1523 1641 1530 .

308 1707 659 1758 Superscm'ptz'o
683 1707 731 1746 z'n
752 1711 925 1758 quarta
941 1707 1144 1758 pagina.
1171 1706 1272 1747 R.d0
1304 1707 1350 1747 in
1377 1706 1563 1747 Christo
1591 1705 1734 1755 Patri,
1765 1704 1856 1744 Do-

229 1779 354 1817 mino
378 1777 559 1829 Ignatio
585 1778 640 1818 de
668 1778 869 1830 Loyola,
900 1777 1173 1830 Praeposito
1206 1777 1425 1819 Generali
1455 1776 1703 1818 Societatis
1730 1777 1854 1829 Jesu.

229 1848 366 1899 Apud
388 1847 612 1889 Sanctum
633 1848 860 1889 Marcum.
883 1849 934 1889 In
954 1849 1147 1889 aedibus
1168 1848 1215 1889 S.
1239 1848 1416 1889 Mariae
1437 1848 1492 1888 de
1511 1847 1695 1888 Strada.

1408 1991 1591 2032 ROMAE.

310 2202 562 2244 Solvantur
583 2204 721 2244 latori
741 2210 940 2255 quatuor
963 2204 1096 2245 solidi
1117 2204 1332 2245 Romani.

310 2274 419 2314 Alsa
455 2286 598 2314 mauu
631 2274 679 2314 in
699 2275 793 2315 ima
808 2275 1023 2326 paginae
1044 2279 1242 2327 quartae
1269 2287 1382 2316 ora:
1420 2275 1544 2327 1551,
1575 2276 1771 2315 Lutetie.
1803 2276 1859 2315 de

230 2346 495 2394 Clausonio‚
520 2345 726 2385 calendis
747 2346 990 2386 setenbris.

310 2417 373 2456 Et
393 2427 537 2456 manu
558 2416 607 2467 J.
628 2416 719 2456 Ple.
751 2416 867 2456 Vz'to:
884 2416 1001 2468 Qua.
1025 2417 1203 2469 Parigi,
1229 2419 1314 2458 cal.
1339 2417 1475 2469 7.briS,
1501 2417 1613 2458 Sett.
1642 2418 1708 2457 51.
1735 2418 1786 2469 Q.
1810 2418 1856 2458 S.

310 2488 371 2527 El
392 2487 440 2526 in
464 2486 606 2527 tertia
617 2487 805 2538 pagiua
822 2499 830 2528 t
849 2495 879 2528 οἱ
896 2494 967 2539 ἐμοὶ
987 2494 1045 2527 ἐισὶ
1063 2495 1198 2533 πτωγοὶ
1216 2495 1331 2540 ὥσπερ
1348 2494 1430 2540 ἒγω.
