2074 3179
192 187 265 222 572
701 187 925 225 Llr'rERAE
953 200 1318 232 QUADRIMESTRES

867 640 1167 696 CXXXIV

271 867 314 903 P.
338 867 544 904 Nicolaus
565 867 617 905 de
637 867 794 916 Lanoy

315 933 435 970 Patri
455 931 624 980 Ignatio
644 933 698 970 de
717 933 904 981 Loyola.

362 998 552 1044 Vienna,
574 999 621 1035 24
642 999 806 1046 Aprilis
830 1000 921 1037 1552
942 1001 967 1036 ¹.

972 1176 1069 1254 nis

275 1354 439 1395 Gratia
475 1360 520 1395 et
545 1367 641 1407 pax
674 1354 865 1396 Domini
894 1357 1042 1396 nostri
1072 1356 1184 1409 Jesu
1213 1357 1386 1398 Christi
1421 1358 1481 1398 sit
1516 1370 1700 1410 semper
1734 1370 1838 1399 cum

193 1426 412 1466 omnibus
428 1426 578 1467 nobis.
603 1426 771 1467 Amen.

274 1496 500 1538 Kalendis
534 1498 709 1538 mensis
743 1498 856 1550 Maji
891 1511 1015 1539 nunc
1045 1500 1412 1551 imminentibus,
1452 1501 1837 1553 praescriptoque

192 1569 327 1609 nobis
349 1576 559 1621 tempore
582 1576 928 1620 commonente,
952 1571 1012 1611 ad
1034 1570 1087 1610 R.
1113 1571 1171 1612 V.
1195 1571 1287 1611 visi
1314 1583 1474 1612 sumus
1503 1573 1834 1623 transmittere,

193 1652 314 1691 quae
334 1652 420 1692 pro
442 1640 630 1680 nomine
649 1640 823 1681 Christi
839 1641 1198 1693 animarumque
1215 1644 1379 1694 salute,
1405 1649 1605 1695 quatuor
1622 1643 1718 1695 jam
1740 1643 1837 1684 fere

196 1712 376 1752 exactis
404 1712 642 1752 mensibus
676 1724 760 1763 per
794 1712 959 1752 Patres
992 1712 1276 1765 Fratresque
1311 1720 1501 1754 nostros
1532 1714 1837 1755 charissimos

195 1789 389 1834 peracta
411 1789 540 1834 sunt,
572 1795 690 1835 quae
719 1784 952 1835 equidem,
978 1784 1139 1825 divino
1167 1785 1406 1836 aspirante
1436 1785 1621 1836 favore,
1647 1798 1736 1838 qua
1758 1799 1833 1838 po-

193 1861 296 1894 tero
317 1855 548 1895 brevitate
570 1860 614 1895 et
635 1855 970 1907 perspicuitate
999 1856 1330 1907 complexurus
1352 1868 1469 1897 sum.

276 1926 327 1966 In
342 1926 521 1978 primis,
541 1926 737 1966 docente
755 1927 1061 1977 experientia,
1086 1927 1299 1967 omnibus
1316 1928 1576 1979 notissima,
1597 1930 1835 1981 quamplu-

194 1997 339 2038 rimos
366 1998 579 2038 homines
609 2010 667 2038 ex
695 1997 897 2038 diversis
926 1998 1052 2038 orbis
1085 1998 1298 2049 partibus
1333 1998 1391 2039 ad
1427 2012 1568 2040 unam
1602 1999 1837 2041 Viennam

194 2069 417 2110 Austriae
438 2069 697 2120 confluere,
722 2069 968 2109 celebritas
1001 2069 1091 2110 loci
1113 2075 1158 2110 et
1180 2070 1325 2122 ipsius
1352 2071 1560 2122 regionis
1582 2072 1833 2123 opulentia,

194 2141 241 2180 ni
261 2140 413 2190 fallor,
437 2140 608 2181 bonam
625 2146 807 2193 partem
829 2141 921 2181 huc
943 2141 1188 2193 pertrahit.
1208 2141 1444 2182 Maximus
1464 2143 1650 2183 interim
1667 2149 1736 2184 est
1756 2155 1833 2183 nu-

193 2224 352 2253 merus
373 2224 535 2253 eorum
556 2212 817 2264 hominum,
841 2224 957 2264 quos
987 2224 1094 2264 spes
1115 2212 1309 2265 majoris
1330 2219 1552 2265 quaestus
1574 2214 1835 2266 relinquere

195 2285 344 2324 suasit
363 2284 566 2336 patriam
586 2284 789 2336 Italiam;
812 2284 886 2324 hic
915 2285 1086 2324 etenim
1108 2296 1162 2324 ea
1183 2295 1300 2336 gens
1327 2285 1622 2336 potissimum
1645 2285 1833 2338 jampri-

195 2355 301 2395 dem
329 2366 463 2395 arces
492 2361 536 2396 et
563 2355 833 2395 vastissima
863 2355 1095 2396 construit
1122 2357 1492 2408 propugnacula,
1517 2357 1683 2409 quibus
1704 2370 1833 2410 prae-

195 2427 325 2467 clara
346 2427 462 2467 haec
485 2426 654 2466 civitas
680 2425 882 2478 undique
903 2427 1059 2466 cincta
1081 2427 1319 2479 probeque
1347 2427 1524 2468 munita
1552 2429 1709 2468 valeat
1731 2440 1833 2468 sese

194 2498 487 2538 commodius
522 2497 665 2538 tutari
697 2503 862 2537 contra
898 2497 1099 2548 impetus
1130 2497 1347 2538 immanis
1377 2498 1498 2539 illius
1521 2511 1575 2539 ac
1597 2499 1834 2539 barbarici

193 2569 342 2609 hostis
372 2568 400 2620 ²,
431 2580 570 2620 quem
596 2574 777 2609 certum
799 2574 868 2608 est
898 2568 1012 2608 nihil
1042 2569 1195 2619 magis
1231 2569 1404 2609 habere
1425 2568 1439 2587 ³
1461 2581 1600 2620 quam
1628 2575 1677 2610 ut
1707 2570 1833 2610 illam

192 2651 306 2679 suae
342 2639 580 2692 tyrannidi
611 2645 750 2691 queat
779 2638 1022 2690 subjicere.
1059 2639 1239 2680 Verum
1273 2640 1512 2680 enimvero
1546 2640 1619 2680 his
1655 2641 1831 2681 interea

194 2711 439 2762 contingit,
462 2716 512 2751 ut
533 2711 642 2751 dum
660 2721 834 2762 magna
855 2710 1166 2750 sollicitudine
1186 2711 1367 2750 ventris
1386 2722 1542 2751 escam
1566 2712 1831 2763 quaeritant

250 2872 259 2892 ¹
302 2871 535 2905 Apographae
552 2871 688 2898 litterae
706 2871 738 2899 in
753 2871 808 2898 fol.
825 2871 857 2897 16
872 2875 905 2898 et
922 2871 954 2898 17
970 2870 1105 2898 Codicis
1122 2871 1199 2898 1551.

249 2920 263 2938 ‘-'
300 2919 457 2953 Intellige
473 2924 600 2951 turcas.
619 2918 674 2953 qui
690 2918 858 2946 Viennam
874 2926 975 2953 saepe
991 2919 1128 2946 saeculo
1143 2925 1203 2945 Χνι
1217 2922 1468 2953 oppugnarunt.

250 2969 263 2987 Γ»
301 2968 355 2994 Sic
371 2966 618 3001 apographum
635 2967 692 2994 sed
709 2966 866 2993 fortassis
882 2970 940 2994 aut
956 2966 1077 2993 desunt
1093 2966 1200 2993 verba
1216 2966 1252 2993 in
1267 2965 1376 2999 votis.
1391 2970 1449 2993 aut
1465 2973 1525 3000 pro
1541 2965 1670 2993 habere
1686 2967 1833 2994 scriben-

194 3016 274 3043 dum
291 3016 376 3043 soret
393 3023 509 3043 avere.
