2074 3179
298 138 365 175 120
805 141 1031 180 LITTERAE
1057 154 1415 186 QUADRIMESTRES

995 613 1230 669 XXXII

364 843 411 880 Ρ.
434 843 627 881 Annibal
646 842 699 881 de
720 843 944 882 Coudreto

409 908 558 946 Fratri
575 908 805 947 Ludovico
824 909 877 947 de
897 909 1136 948 Coudreto.

456 974 685 1021 Messana,
706 974 729 1012 9
746 975 1009 1013 Decembris
1031 975 1123 1013 1548
1142 975 1167 1014 ¹.

1056 1131 1155 1208 11515

368 1309 533 1351 Gratia
564 1309 754 1351 Domini
783 1310 942 1352 Nostri
971 1311 1082 1364 Jesu
1109 1310 1283 1352 Christi
1310 1311 1368 1352 sit
1395 1323 1501 1352 cum
1527 1312 1743 1353 omnibus
1769 1313 1918 1355 nobis.

285 1381 454 1423 Amen.

367 1453 502 1505 Quod
533 1466 557 1494 e
583 1454 869 1505 gravissimo
904 1454 1068 1495 morbo
1097 1455 1415 1506 convalueris,
1445 1455 1569 1506 quod
1594 1455 1925 1496 semimortuus

284 1525 517 1566 revixeris
536 1526 765 1578 nobisque
792 1526 856 1566 sis
882 1525 1113 1577 redditus,
1142 1531 1382 1578 postremo
1410 1526 1535 1578 quod
1561 1526 1761 1567 Romam
1787 1538 1925 1568 vene-

284 1597 363 1649 ris,
388 1603 433 1638 et
454 1597 593 1638 audio
616 1602 661 1638 et
686 1597 770 1638 tibi
797 1598 1025 1650 gratulor,
1051 1596 1390 1649 jucundissime
1416 1598 1464 1638 in
1489 1597 1611 1650 Xpo.
1641 1598 1801 1639 frater.
1835 1597 1927 1639 Sed

284 1669 419 1709 brevi
438 1670 667 1721 gratulor,
691 1669 914 1721 quoniam
937 1669 1148 1720 pluribus
1167 1680 1262 1709 non
1293 1669 1416 1709 licet.
1448 1668 1553 1709 Non
1580 1669 1723 1720 enim,
1753 1669 1927 1722 alioqui

284 1740 401 1781 satis
422 1746 668 1793 occupato,
688 1740 802 1780 mihi
822 1740 976 1780 fuerat
996 1740 1044 1780 in
1064 1740 1220 1781 animo
1242 1740 1492 1792 quicquam
1514 1740 1573 1780 ad
1594 1746 1639 1781 te
1659 1740 1797 1781 hodie
1815 1741 1926 1781 scri-

283 1811 415 1863 bere,
446 1823 552 1852 cum
578 1812 858 1864 praesertim
884 1811 983 1852 dies
1010 1823 1104 1852 non
1133 1812 1192 1852 sit
1222 1812 1269 1852 in
1295 1818 1458 1852 nostro
1488 1812 1686 1864 collegio
1712 1812 1923 1855 feriatus.

283 1882 465 1923 Verum
485 1888 534 1923 ut
556 1883 707 1935 primo
729 1889 774 1923 te
795 1882 974 1923 Romae
995 1894 1097 1923 esse
1119 1883 1338 1934 cognovi,
1361 1883 1522 1923 nescio
1544 1883 1778 1935 quomodo
1799 1883 1926 1924 inex·
1956 1912 1959 1914 -

282 1953 468 2006 piabilis
489 1952 736 2005 cujusdam
755 1954 1072 2006 negligentiae
1093 1959 1138 1995 et
1158 1954 1394 1994 tarditatis
1414 1960 1577 1995 notam
1597 1954 1801 2006 effugere
1833 1966 1927 1995 non

283 2036 422 2078 posse
442 2025 556 2066 mihi
577 2025 789 2078 videbar,
814 2026 854 2066 si
873 2025 1059 2066 silentio
1080 2026 1388 2078 praeterirem
1408 2037 1550 2078 quam
1570 2038 1629 2066 ex
1649 2038 1704 2066 eo
1731 2026 1820 2066 sim
1848 2026 1919 2067 de-

283 2098 504 2149 lectatus,
529 2104 846 2150 quantamque
867 2097 951 2138 tibi
972 2109 1075 2138 meo
1096 2097 1284 2138 nomine
1312 2098 1512 2138 salutem
1538 2097 1824 2150 impertitam
1851 2110 1927 2138 ve—

284 2169 380 2210 lim.
404 2168 497 2210 Sed
517 2169 634 2210 haec
656 2170 786 2210 satis.

363 2240 517 2281 Datae
539 2246 647 2281 sunt
668 2240 780 2281 mihi
798 2239 896 2292 jam
917 2240 1024 2281 inde
1045 2252 1072 2280 a
1088 2240 1246 2280 multis
1271 2240 1435 2280 diebus
1451 2246 1559 2281 tuae
1582 2240 1838 2292 perbreves
1858 2240 1928 2281 lit-

283 2317 433 2364 terae,
458 2324 552 2353 una
574 2324 680 2353 cum
701 2312 772 2353 his
793 2312 954 2352 fratris
975 2312 1022 2352 in
1043 2311 1164 2364 Xpo.
1188 2312 1454 2352 charissimi
1484 2311 1669 2353 Claudii
1689 2311 1718 2350 ².
1749 2311 1928 2363 Quibus

281 2382 398 2423 nihil
432 2384 582 2424 habeo
619 2384 743 2436 quod
777 2383 1089 2436 respondeam
1123 2388 1314 2435 praeter
1346 2383 1436 2423 hoc
1470 2395 1634 2435 unum,
1673 2382 1929 2424 Dominum

284 2454 532 2496 Decanum
552 2467 647 2495 non
668 2455 937 2508 reposuisse
957 2454 1073 2495 mihi
1098 2455 1324 2506 pecunias
1352 2455 1477 2506 illas,
1501 2466 1701 2507 quarum
1728 2466 1777 2495 se
1806 2454 1927 2495 debi-

284 2532 452 2579 torem,
477 2532 521 2567 te
541 2533 810 2579 praesente,
837 2526 1082 2568 confessus
1103 2531 1188 2577 est,
1213 2525 1346 2578 cujus
1368 2525 1738 2579 chirographum
1757 2526 1930 2578 reliqui

284 2597 448 2638 Rev.d0
482 2598 548 2639 P.i
578 2598 660 2639 D.⁰
690 2597 918 2650 Polanco‚
950 2597 1130 2638 cumin
1164 2596 1373 2638 Siciliam
1407 2597 1657 2638 venissem.
1703 2597 1834 2638 Haec
1871 2609 1927 2638 eo

278 2669 454 2721 scripsi
475 2670 600 2722 quod
626 2670 831 2722 petieras
859 2675 910 2710 ut
936 2674 982 2710 te
1009 2667 1146 2721 hujus
1173 2669 1242 2710 rei
1268 2668 1475 2709 facerem
1501 2669 1765 2709 certiorem.
1795 2668 1859 2720 Is,
1890 2668 1929 2709 si

343 2831 353 2850 ¹
394 2829 481 2857 Tota
497 2830 714 2865 autographa
730 2838 831 2858 manu
846 2829 1027 2858 Annibalis
1052 2829 1091 2856 de
1117 2828 1297 2862 Coudreto,
1322 2828 1378 2856 fol.
1404 2835 1436 2855 n.
1459 2828 1520 2856 449.
1543 2828 1630 2856 Eam
1652 2828 1725 2856 ideo
1740 2828 1794 2856 hic
1809 2828 1928 2855 inseri-

285 2886 371 2912 mus,
386 2878 465 2913 quia
480 2877 716 2906 Messanenses
731 2878 1002 2912 quadrimestres
1019 2877 1267 2911 comitabatur,
1283 2883 1368 2911 quas
1380 2876 1531 2910 reperire
1547 2876 1693 2903 nondum
1708 2876 1890 2904 valuimus.

342 2927 356 2946 Ξ
393 2925 555 2954 Claudius
586 2933 606 2953 a
630 2925 813 2960 Coudreto,
837 2925 1003 2954 Ludovici
1028 2929 1061 2953 et
1086 2924 1267 2953 Annibalis
1290 2924 1411 2957 frater,
1431 2923 1487 2958 qui
1509 2922 1674 2951 societati
1699 2924 1803 2952 etiam
1825 2923 1927 2958 paulo

284 2977 368 3002 ante
383 2981 504 3002 nomen
517 2974 671 3002 dederat.
