2074 3179
865 124 949 161 AN.
980 123 1071 161 1549
1717 124 1780 161 151

161 220 433 261 affabilitate
453 220 757 260 Reverendus
777 220 1004 260 Dominus
1024 219 1248 271 Elpidius,
1274 219 1458 270 collegii
1488 219 1623 270 hujus
1652 231 1782 271 prae-

157 302 246 342 ses,
270 302 358 331 nos
375 303 535 331 omnes
550 291 598 331 in
614 290 816 331 Domino
835 290 1105 342 susceperit,
1125 290 1335 330 similiter
1352 294 1397 329 et
1413 288 1583 329 fratres
1605 302 1780 330 omnes.

155 361 276 401 Dein
312 362 552 402 concionis
580 362 698 413 loco,
732 368 938 414 tempore
964 360 1229 401 refectionis
1257 360 1530 411 corporalis,
1563 360 1703 411 aliqui
1724 373 1783 401 ex

155 432 376 472 fratribus
407 432 582 472 eisdem
612 433 805 473 latinam
836 433 1040 473 habuere
1076 432 1338 473 orationem
1368 442 1541 482 magna
1572 431 1784 482 profecto

156 514 262 543 cum
281 503 451 554 gratia.
474 503 575 554 Ego
597 515 709 543 sane
730 509 827 544 tam
852 503 1046 543 latinam
1075 507 1382 553 ornatamque
1409 501 1667 541 orationem
1683 507 1779 542 tan—

155 578 343 624 tamque
367 574 681 625 eloquentiam
707 574 764 614 ab
782 574 847 614 eis
869 585 961 614 non
984 578 1363 623 expectaveram,
1383 583 1666 624 quamquam
1682 584 1780 612 sae-

155 644 260 695 pius
282 649 420 684 antea
443 644 684 684 audieram
704 656 865 685 omnes
884 644 1133 696 plurimum
1156 643 1202 683 in
1224 642 1391 683 studiis
1412 642 1654 694 proficere.

232 714 403 755 Iterum
422 715 528 756 vale
551 716 597 755 in
617 715 834 756 Domino.
859 715 1060 767 Raptim.

231 784 431 837 Patavii,
455 786 555 837 ipso
577 786 650 826 die
670 786 881 826 Paschae
901 797 1023 826 anno
1049 785 1164 825 1549.

230 856 400 896 Vester
420 856 638 908 indignus
659 857 778 897 filius
798 857 845 897 in
866 856 1081 897 DominO.

1003 1051 1279 1091 HADRIANUS
1308 1050 1547 1090 HADRIANI

1151 1141 1193 1167 ab
1209 1138 1398 1173 antuerpia.

226 1353 595 1406 superscrzptzb.
632 1316 746 1394 Iffis.
780 1353 836 1394 R.
866 1354 913 1394 in
940 1354 1023 1394 X.0
1050 1353 1179 1394 Patri
1204 1353 1325 1394 Dno.
1353 1353 1522 1406 Joanni
1551 1353 1773 1403 PoIanco,

145 1423 394 1465 Societatis
414 1425 539 1478 Jesu.
562 1425 754 1465 Romae.

224 1495 336 1536 Alia
355 1508 531 1537 manu:
555 1495 669 1536 1549.
694 1495 870 1536 Padua.
895 1495 980 1536 M.0
1002 1495 1233 1547 Adriano,
1255 1496 1307 1536 22
1329 1496 1371 1535 d'
1396 1495 1575 1547 aprille.
