2074 3179
180 75 251 112 ‘206
693 75 921 113 LITTERAE
948 87 1307 120 QUADRxmsssraes

181 171 320 222 deriS,
339 172 508 224 illaque
521 171 684 223 jubeas
700 177 750 212 ut
767 171 826 212 ad
842 184 928 212 nos
945 173 1103 213 statim
1118 174 1292 225 veniat,
1304 175 1480 214 relictis
1496 175 1662 225 quibus
1679 175 1817 215 modo

181 242 413 283 detinetur
442 244 758 284 concionibus.
791 243 957 283 Facies
984 244 1073 284 hoc
1102 244 1196 294 (sat
1226 246 1414 296 scimus)
1437 245 1574 286 modo
1597 246 1819 286 advertas

182 314 386 354 maxime
407 326 493 355 nos
515 315 799 356 christianae
821 315 1146 369 philosophiae
1168 316 1382 358 doctrina
1404 317 1628 368 indigere.

263 385 477 426 Christus
497 387 632 440 Jesus
653 398 797 437 opera
817 386 864 426 in
884 392 928 426 te
949 393 1114 427 sancta
1135 387 1360 439 perficiat.

263 457 338 497 Ab
360 458 549 498 Uclensi
571 457 759 517 Senatu,
784 463 952 509 quarto
974 457 1170 498 Kalend.
1195 458 1353 499 Martii
1377 459 1517 509 1551.„

264 528 340 569 Ad
361 529 478 568 haec
500 528 638 568 Pater
660 539 744 579 pro
767 522 993 580 temporis
1022 530 1354 570 commoditate
1383 530 1595 582 apposite
1623 543 1706 583 per
1727 531 1822 571 lite-

182 611 262 640 ras
296 600 553 651 respondit,
589 599 781 640 Patrum
815 601 1061 651 penuriam
1089 600 1333 641 desideriis
1368 612 1530 641 eorum
1565 614 1819 654 opponens

184 671 418 723 pollicitus
440 678 595 711 tamen
622 670 723 711 sore
746 672 999 723 aliquando
1025 672 1171 724 (quod
1200 672 1387 724 quidem
1415 672 1604 713 divinae
1635 674 1821 714 misera-

184 743 326 782 tionis
355 754 499 794 opera
527 742 725 782 suadent
756 743 963 794 sperare)
992 749 1041 783 ut
1076 743 1259 783 abunde
1288 744 1485 784 satisfiat
1513 749 1610 785 tam
1636 744 1740 795 piae
1770 757 1824 784 ac

186 813 435 865 religiosae
457 825 619 854 eorum
642 815 886 854 voluntati.

265 884 507 925 Hactenus
543 885 602 925 ad
636 885 851 936 spiritum
880 886 1112 927 duntaxat
1151 886 1427 939 spectantia.
1453 885 1613 937 Nunc,
1637 886 1677 926 si
1697 886 1823 936 libet,

186 956 454 1006 humiliora,
479 956 650 1008 quippe
671 957 963 1008 temporalia,
995 957 1143 998 obiter
1166 958 1469 1008 attingamus.
1504 956 1611 998 Alia
1639 957 1825 1009 quidem

187 1027 313 1067 domi
342 1033 531 1067 nostrae
553 1033 711 1068 erecta
740 1034 847 1068 sunt
869 1028 1107 1080 aedificia;
1133 1028 1214 1069 sed
1235 1028 1438 1069 Domino
1463 1028 1470 1047 ¹
1496 1029 1600 1069 loca
1622 1028 1746 1069 horti
1768 1040 1823 1069 ac

187 1098 496 1139 bibliothecae
526 1111 640 1151 prae
676 1099 875 1140 caeteris
909 1112 1108 1140 amoena
1142 1106 1186 1140 et
1213 1099 1419 1151 jucunda
1461 1106 1582 1140 sunt.
1626 1100 1829 1141 Hortum

185 1181 333 1222 prope
370 1170 631 1221 Collegium
660 1169 898 1222 jacentem
932 1179 1069 1212 extra
1096 1173 1355 1224 pomerium
1387 1172 1547 1224 oppidi
1585 1171 1825 1224 perforato

186 1252 319 1281 muro
341 1241 539 1292 adimus,
559 1241 637 1293 qui
654 1242 978 1293 septingentos
994 1248 1039 1283 et
1056 1243 1249 1294 triginta
1265 1243 1409 1294 pedes
1425 1243 1565 1283 habet
1581 1243 1628 1283 in
1646 1242 1822 1283 ambitu

187 1312 477 1353 densissimis
498 1313 721 1354 arborum
747 1326 802 1354 ac
823 1313 1074 1355 fructicum
1091 1321 1135 1355 et
1155 1314 1408 1355 herbarum
1429 1314 1457 1355 ².
1482 1314 1534 1355 In
1554 1313 1653 1365 ejus
1670 1314 1824 1354 medio

185 1395 243 1423 ac
277 1385 423 1425 veluti
458 1390 620 1425 centro
656 1391 823 1437 puteus
858 1391 1055 1437 apparet
1086 1398 1253 1438 aquae,
1290 1391 1339 1426 ut
1374 1384 1726 1437 limpidissimae
1763 1385 1826 1425 ita

187 1456 331 1496 etiam
351 1456 568 1508 salubris,
592 1462 641 1496 ut
662 1456 805 1497 fontis
834 1469 889 1497 ac
917 1457 1074 1508 stagni
1100 1457 1253 1497 vicem
1280 1468 1446 1508 gerere
1474 1456 1641 1496 merito
1673 1456 1828 1497 videa-

188 1534 277 1567 tur.
301 1527 545 1568 Murorum
565 1539 695 1579 vero,
715 1528 881 1580 quibus
904 1528 1122 1580 cingitur,
1147 1527 1341 1568 altitudo
1367 1527 1415 1568 18
1434 1528 1606 1579 pedum
1630 1533 1714 1578 est,
1735 1539 1827 1567 ma—

188 1599 330 1639 teries
344 1598 518 1651 valida,
542 1600 723 1651 species
743 1600 955 1651 pulchra,
974 1599 1080 1640 fons
1099 1599 1392 1652 praesertim,
1414 1598 1827 1650 conspectantibus

187 1682 246 1711 ex
267 1681 405 1722 agro;
429 1670 817 1722 deambulatoria,
844 1682 964 1722 quae
987 1671 1212 1711 lateribus
1235 1671 1362 1711 horti
1383 1670 1442 1710 ad
1466 1681 1709 1710 murorum
1729 1669 1827 1709 fun·

176 1741 408 1782 „damenta
448 1740 678 1793 adjacent,
717 1748 919 1794 quatuor
954 1748 1077 1793 sunt,
1115 1753 1235 1794 quae
1275 1741 1469 1782 totidem
1506 1741 1629 1782 aeris
1669 1747 1828 1781 vento-

177 1825 383 1865 r*rumque
411 1814 682 1864 regionibus
711 1819 1024 1866 opponuntur.
1056 1812 1148 1854 Sed
1170 1814 1217 1854 in
1237 1813 1547 1854 bibliothecae
1575 1823 1711 1853 usum
1739 1818 1830 1852 tur-

176 1885 274 1925 ⁴rim
298 1885 432 1936 (quae
454 1896 695 1926 murorum
716 1885 874 1937 oppidi
894 1897 1006 1940 pars
1027 1891 1111 1936 est,
1138 1890 1444 1937 prospectum
1472 1895 1829 1936 quoquoversus

187 1956 412 1997 latissime
433 1962 671 2008 patentem
687 1962 731 1997 et
749 1956 897 1997 oculis
913 1956 1238 2008 gratissimum
1253 1954 1482 2008 [habens])
1498 1954 1831 1995 convertimus.

268 2026 445 2079 Scripsi
464 2028 691 2081 Januario
713 2028 947 2080 proximo,
978 2033 1028 2068 ut
1058 2027 1276 2079 arbitror,
1306 2027 1556 2068 nunciasse
1577 2026 1713 2067 nobis
1741 2024 1832 2065 Do-

193 2106 373 2140 ctorem
393 2099 663 2151 Vergaram
683 2098 949 2151 quemdam,
980 2099 1057 2151 qui
1085 2099 1334 2139 ecclesiam
1364 2098 1472 2138 huic
1501 2097 1710 2148 Collegio
1738 2097 1836 2137 suis

193 2171 456 2223 sumptibus
476 2171 617 2211 vellet
638 2170 902 2222 aedificare,
923 2169 1120 2222 jussisse
1140 2176 1190 2210 ut
1212 2170 1556 2210 delineamenta
1578 2181 1634 2209 ac
1663 2169 1830 2210 descri-

191 2242 401 2294 ptionem
419 2242 478 2282 ad
499 2254 548 2282 se
570 2242 873 2283 mitteremus.
900 2241 1034 2282 Nunc
1056 2252 1170 2292 ergo
1194 2242 1440 2292 vulgatum
1458 2239 1556 2292 jam
1576 2251 1679 2280 esse
1709 2240 1834 2280 scias

192 2314 317 2353 hunc
340 2325 442 2353 esse
463 2314 691 2354 illustrem
713 2313 943 2354 Comitem
963 2313 1019 2352 de
1036 2312 1194 2353 Melito
1212 2311 1240 2363 ³,
1261 2312 1340 2364 qui
1361 2312 1553 2352 missam
1582 2311 1669 2351 sibi
1690 2311 1834 2351 eccle-

178 2385 294 2425 siae
330 2385 693 2437 descriptionem
720 2390 770 2425 ut
799 2396 966 2437 parum
993 2383 1293 2435 magnificam
1331 2383 1630 2435 contempsit,
1663 2382 1833 2434 quippe

177 2456 274 2507 >qui
296 2456 473 2496 illustre
496 2462 539 2496 et
560 2456 861 2496 memorabile
883 2467 1001 2508 opus
1020 2455 1132 2496 velit
1154 2453 1428 2504 aedificare;
1459 2460 1598 2506 atque
1629 2454 1717 2494 hoc
1739 2459 1837 2493 tam

194 2539 253 2567 ex
280 2527 436 2567 animo
458 2526 585 2577 facit,
609 2533 658 2567 ut
686 2526 1069 2578 chirographum,
1094 2537 1179 2565 sua
1200 2531 1244 2565 et
1270 2526 1434 2565 uxoris
1465 2536 1606 2565 manu
1634 2524 1834 2564 subscri-

195 2605 339 2651 ptum,
376 2598 466 2638 huc
497 2598 556 2638 ad
582 2604 938 2649 procuratorem
977 2608 1112 2637 suum
1148 2596 1245 2648 jam
1280 2597 1474 2647 miserit,
1521 2607 1612 2648 quo
1650 2594 1836 2646 jubetur

260 2759 266 2777 ¹
309 2758 363 2785 Sic
377 2766 384 2793 3
400 2758 458 2785 sed
476 2758 562 2785 sorte
580 2758 710 2785 librarii
728 2765 824 2785 error
839 2762 891 2785 est
906 2765 968 2792 pro
983 2757 1137 2784 omnino.

256 2807 269 2825 2
309 2805 364 2833 Sic
379 2810 535 2833 nostrum
551 2806 736 2840 exemplar;
753 2805 869 2832 deesse
886 2809 1001 2832 tamen
1016 2805 1153 2832 videtur
1169 2805 1306 2839 aliquod
1321 2804 1476 2831 verbum.

254 2853 267 2871 Γ·
305 2852 455 2880 Didacus
472 2853 628 2881 Hurtado
644 2853 683 2880 de
702 2853 876 2886 Mendoza,
892 2852 1079 2880 Melitensis
1096 2851 1215 2880 Comes
1236 2856 1269 2879 et
1284 2856 1405 2896 postea
1428 2850 1504 2878 Dux
1520 2850 1559 2878 de
1576 2850 1795 2879 Francavilla
1810 2855 1842 2878 et

203 2901 403 2935 Aragoniae
419 2900 570 2928 Pro-rex.
