<?xml version="1.0" encoding="UTF-8"?>
<!DOCTYPE html PUBLIC "-//W3C//DTD XHTML 1.0 Transitional//EN"
    "http://www.w3.org/TR/xhtml1/DTD/xhtml1-transitional.dtd">
<html xmlns="http://www.w3.org/1999/xhtml" xml:lang="en" lang="en">
 <head>
  <title>
</title>
<meta http-equiv="Content-Type" content="text/html;charset=utf-8" />
  <meta name='ocr-system' content='tesseract 3.04.00' />
  <meta name='ocr-capabilities' content='ocr_page ocr_carea ocr_par ocr_line ocrx_word'/>
</head>
<body>
  <div class='ocr_page' id='page_1' title='image "./litteraequadrime13lain_0730.png"; bbox 0 0 2074 3179; ppageno 0'>
   <div class='ocr_carea' id='block_1_1' title="bbox 278 174 1428 218">
    <p class='ocr_par' dir='ltr' id='par_1_1' title="bbox 278 174 1428 218">
     <span class='ocr_line' id='line_1_1' title="bbox 278 174 1428 218; baseline 0.002 -8"><span class='ocrx_word' id='word_1_1' title='bbox 278 175 347 211; x_wconf 64' lang='lat'>726</span> <span class='ocrx_word' id='word_1_2' title='bbox 815 174 1041 212; x_wconf 79' lang='lat' dir='ltr'>LITTERAE</span> <span class='ocrx_word' id='word_1_3' title='bbox 1069 185 1428 218; x_wconf 74' lang='lat' dir='ltr'>QUADmMESTREs</span> 
     </span>
    </p>
   </div>
   <div class='ocr_carea' id='block_1_2' title="bbox 266 271 1916 3042">
    <p class='ocr_par' dir='ltr' id='par_1_2' title="bbox 274 271 1914 823">
     <span class='ocr_line' id='line_1_2' title="bbox 356 271 1914 324; baseline 0.001 -12"><span class='ocrx_word' id='word_1_4' title='bbox 356 271 471 312; x_wconf 90' lang='lat' dir='ltr'>Sunt</span> <span class='ocrx_word' id='word_1_5' title='bbox 492 272 570 323; x_wconf 91' lang='lat' dir='ltr'>qui</span> <span class='ocrx_word' id='word_1_6' title='bbox 590 272 737 312; x_wconf 83' lang='lat' dir='ltr'>vitam</span> <span class='ocrx_word' id='word_1_7' title='bbox 758 272 1071 312; x_wconf 85' lang='lat' dir='ltr'>monasticam</span> <span class='ocrx_word' id='word_1_8' title='bbox 1091 273 1284 313; x_wconf 90' lang='lat' dir='ltr'>summis</span> <span class='ocrx_word' id='word_1_9' title='bbox 1305 274 1631 324; x_wconf 80' lang='lat' dir='ltr'>amplexentur</span> <span class='ocrx_word' id='word_1_10' title='bbox 1649 273 1914 314; x_wconf 86' lang='lat' dir='ltr'>fervoribus</span> 
     </span>
     <span class='ocr_line' id='line_1_3' title="bbox 278 343 1913 396; baseline 0.002 -13"><span class='ocrx_word' id='word_1_11' title='bbox 278 350 322 383; x_wconf 80' lang='lat' dir='ltr'>ct</span> <span class='ocrx_word' id='word_1_12' title='bbox 342 344 558 395; x_wconf 85' lang='lat' dir='ltr'>religioni</span> <span class='ocrx_word' id='word_1_13' title='bbox 580 344 691 384; x_wconf 92' lang='lat' dir='ltr'>totis</span> <span class='ocrx_word' id='word_1_14' title='bbox 712 355 761 384; x_wconf 91' lang='lat' dir='ltr'>se</span> <span class='ocrx_word' id='word_1_15' title='bbox 783 344 1050 384; x_wconf 80' lang='lat' dir='ltr'>devoveant</span> <span class='ocrx_word' id='word_1_16' title='bbox 1073 344 1256 384; x_wconf 89' lang='lat' dir='ltr'>animis.</span> <span class='ocrx_word' id='word_1_17' title='bbox 1281 343 1438 396; x_wconf 80' lang='lat' dir='ltr'>Nuper</span> <span class='ocrx_word' id='word_1_18' title='bbox 1456 345 1739 396; x_wconf 84' lang='lat' dir='ltr'>colloquenti</span> <span class='ocrx_word' id='word_1_19' title='bbox 1755 345 1812 385; x_wconf 93' lang='lat' dir='ltr'>D.</span> <span class='ocrx_word' id='word_1_20' title='bbox 1832 345 1913 386; x_wconf 87' lang='lat' dir='ltr'>Pe-</span> 
     </span>
     <span class='ocr_line' id='line_1_4' title="bbox 277 414 1914 466; baseline 0.002 -12"><span class='ocrx_word' id='word_1_21' title='bbox 277 422 348 454; x_wconf 90' lang='lat' dir='ltr'>tro</span> <span class='ocrx_word' id='word_1_22' title='bbox 369 415 425 455; x_wconf 87' lang='lat' dir='ltr'>de</span> <span class='ocrx_word' id='word_1_23' title='bbox 447 414 763 455; x_wconf 85' lang='lat' dir='ltr'>Rivadeneira</span> <span class='ocrx_word' id='word_1_24' title='bbox 781 414 1160 466; x_wconf 87' lang='lat' dir='ltr'>Capuccinorum</span> <span class='ocrx_word' id='word_1_25' title='bbox 1174 416 1470 466; x_wconf 86' lang='lat' dir='ltr'>praepositus</span> <span class='ocrx_word' id='word_1_26' title='bbox 1490 415 1723 456; x_wconf 87' lang='lat' dir='ltr'>referebat</span> <span class='ocrx_word' id='word_1_27' title='bbox 1743 417 1914 457; x_wconf 89' lang='lat' dir='ltr'>multos</span> 
     </span>
     <span class='ocr_line' id='line_1_5' title="bbox 276 485 1914 537; baseline 0.002 -12"><span class='ocrx_word' id='word_1_28' title='bbox 276 497 333 525; x_wconf 82' lang='lat' dir='ltr'>ex</span> <span class='ocrx_word' id='word_1_29' title='bbox 353 485 439 534; x_wconf 89' lang='lat' dir='ltr'>his,</span> <span class='ocrx_word' id='word_1_30' title='bbox 465 486 542 537; x_wconf 86' lang='lat' dir='ltr'>qui</span> <span class='ocrx_word' id='word_1_31' title='bbox 563 491 750 526; x_wconf 90' lang='lat' dir='ltr'>nostros</span> <span class='ocrx_word' id='word_1_32' title='bbox 770 485 1068 537; x_wconf 88' lang='lat' dir='ltr'>frequentare</span> <span class='ocrx_word' id='word_1_33' title='bbox 1091 492 1450 537; x_wconf 85' lang='lat' dir='ltr'>consueverunt,</span> <span class='ocrx_word' id='word_1_34' title='bbox 1475 493 1520 527; x_wconf 91' lang='lat' dir='ltr'>et</span> <span class='ocrx_word' id='word_1_35' title='bbox 1542 499 1569 527; x_wconf 91' lang='lat' dir='ltr'>a</span> <span class='ocrx_word' id='word_1_36' title='bbox 1589 488 1765 527; x_wconf 91' lang='lat' dir='ltr'>nostris</span> <span class='ocrx_word' id='word_1_37' title='bbox 1785 489 1914 528; x_wconf 78' lang='lat' dir='ltr'>velut</span> 
     </span>
     <span class='ocr_line' id='line_1_6' title="bbox 274 557 1913 610; baseline 0.001 -13"><span class='ocrx_word' id='word_1_38' title='bbox 274 557 572 608; x_wconf 89' lang='lat' dir='ltr'>propinatum</span> <span class='ocrx_word' id='word_1_39' title='bbox 594 557 835 608; x_wconf 81' lang='lat' dir='ltr'>religionis</span> <span class='ocrx_word' id='word_1_40' title='bbox 856 568 1066 598; x_wconf 89' lang='lat' dir='ltr'>amorem</span> <span class='ocrx_word' id='word_1_41' title='bbox 1094 557 1396 608; x_wconf 90' lang='lat' dir='ltr'>imbiberunt,</span> <span class='ocrx_word' id='word_1_42' title='bbox 1420 557 1579 598; x_wconf 87' lang='lat' dir='ltr'>divino</span> <span class='ocrx_word' id='word_1_43' title='bbox 1602 559 1804 610; x_wconf 91' lang='lat' dir='ltr'>quodam</span> <span class='ocrx_word' id='word_1_44' title='bbox 1825 559 1913 610; x_wconf 88' lang='lat' dir='ltr'>spi-</span> 
     </span>
     <span class='ocr_line' id='line_1_7' title="bbox 276 628 1912 681; baseline 0.001 -13"><span class='ocrx_word' id='word_1_45' title='bbox 276 628 365 668; x_wconf 85' lang='lat' dir='ltr'>ritu</span> <span class='ocrx_word' id='word_1_46' title='bbox 386 628 794 680; x_wconf 85' lang='lat' dir='ltr'>flagrantissimos,</span> <span class='ocrx_word' id='word_1_47' title='bbox 819 629 866 669; x_wconf 89' lang='lat' dir='ltr'>in</span> <span class='ocrx_word' id='word_1_48' title='bbox 887 640 1052 669; x_wconf 90' lang='lat' dir='ltr'>eorum</span> <span class='ocrx_word' id='word_1_49' title='bbox 1072 629 1351 669; x_wconf 89' lang='lat' dir='ltr'>coenobium</span> <span class='ocrx_word' id='word_1_50' title='bbox 1373 635 1640 681; x_wconf 89' lang='lat' dir='ltr'>cooptatos,</span> <span class='ocrx_word' id='word_1_51' title='bbox 1665 629 1782 670; x_wconf 91' lang='lat' dir='ltr'>miro</span> <span class='ocrx_word' id='word_1_52' title='bbox 1804 641 1912 681; x_wconf 92' lang='lat' dir='ltr'>quo-</span> 
     </span>
     <span class='ocr_line' id='line_1_8' title="bbox 275 700 1911 751; baseline 0.001 -13"><span class='ocrx_word' id='word_1_53' title='bbox 275 700 382 738; x_wconf 85' lang='lat' dir='ltr'>dam</span> <span class='ocrx_word' id='word_1_54' title='bbox 404 706 701 740; x_wconf 90' lang='lat' dir='ltr'>caeterorum</span> <span class='ocrx_word' id='word_1_55' title='bbox 727 701 963 751; x_wconf 85' lang='lat' dir='ltr'>exemplo,</span> <span class='ocrx_word' id='word_1_56' title='bbox 989 705 1273 750; x_wconf 78' lang='lat' dir='ltr'>augescente</span> <span class='ocrx_word' id='word_1_57' title='bbox 1299 700 1346 739; x_wconf 91' lang='lat' dir='ltr'>in</span> <span class='ocrx_word' id='word_1_58' title='bbox 1377 700 1477 740; x_wconf 89' lang='lat' dir='ltr'>dies</span> <span class='ocrx_word' id='word_1_59' title='bbox 1506 700 1697 751; x_wconf 89' lang='lat' dir='ltr'>spiritus</span> <span class='ocrx_word' id='word_1_60' title='bbox 1727 700 1911 751; x_wconf 88' lang='lat' dir='ltr'>ardore,</span> 
     </span>
     <span class='ocr_line' id='line_1_9' title="bbox 274 771 1050 823; baseline -0.001 -13"><span class='ocrx_word' id='word_1_61' title='bbox 274 781 472 821; x_wconf 89' lang='lat' dir='ltr'>magnas</span> <span class='ocrx_word' id='word_1_62' title='bbox 492 772 854 823; x_wconf 77' lang='lat' dir='ltr'>progressiones</span> <span class='ocrx_word' id='word_1_63' title='bbox 876 771 1050 811; x_wconf 83' lang='lat' dir='ltr'>facere.</span> 
     </span>
    </p>

    <p class='ocr_par' dir='ltr' id='par_1_3' title="bbox 266 841 1915 1458">
     <span class='ocr_line' id='line_1_10' title="bbox 351 841 1913 894; baseline 0.001 -12"><span class='ocrx_word' id='word_1_64' title='bbox 351 841 465 882; x_wconf 88' lang='lat' dir='ltr'>Item</span> <span class='ocrx_word' id='word_1_65' title='bbox 486 843 704 883; x_wconf 88' lang='lat' dir='ltr'>mulieres</span> <span class='ocrx_word' id='word_1_66' title='bbox 725 855 819 883; x_wconf 91' lang='lat' dir='ltr'>non</span> <span class='ocrx_word' id='word_1_67' title='bbox 841 854 978 883; x_wconf 87' lang='lat' dir='ltr'>rarae</span> <span class='ocrx_word' id='word_1_68' title='bbox 999 843 1214 883; x_wconf 87' lang='lat' dir='ltr'>illaesum</span> <span class='ocrx_word' id='word_1_69' title='bbox 1236 842 1524 894; x_wconf 86' lang='lat' dir='ltr'>virginitatis</span> <span class='ocrx_word' id='word_1_70' title='bbox 1540 843 1796 884; x_wconf 89' lang='lat' dir='ltr'>candorem</span> <span class='ocrx_word' id='word_1_71' title='bbox 1812 843 1913 884; x_wconf 90' lang='lat' dir='ltr'>Deo</span> 
     </span>
     <span class='ocr_line' id='line_1_11' title="bbox 273 914 1914 965; baseline 0.001 -11"><span class='ocrx_word' id='word_1_72' title='bbox 273 914 448 965; x_wconf 90' lang='lat' dir='ltr'>optimo</span> <span class='ocrx_word' id='word_1_73' title='bbox 469 915 677 955; x_wconf 84' lang='lat' dir='ltr'>maximo</span> <span class='ocrx_word' id='word_1_74' title='bbox 708 926 992 955; x_wconf 87' lang='lat' dir='ltr'>consecrare</span> <span class='ocrx_word' id='word_1_75' title='bbox 1020 920 1307 964; x_wconf 89' lang='lat' dir='ltr'>statuerunt,</span> <span class='ocrx_word' id='word_1_76' title='bbox 1338 926 1425 955; x_wconf 93' lang='lat' dir='ltr'>nec</span> <span class='ocrx_word' id='word_1_77' title='bbox 1458 914 1570 955; x_wconf 90' lang='lat' dir='ltr'>huoi</span> <span class='ocrx_word' id='word_1_78' title='bbox 1596 914 1705 965; x_wconf 75' lang='lat' dir='ltr'>(sic)</span> <span class='ocrx_word' id='word_1_79' title='bbox 1734 916 1914 955; x_wconf 91' lang='lat' dir='ltr'>carnali</span> 
     </span>
     <span class='ocr_line' id='line_1_12' title="bbox 277 985 1915 1038; baseline 0.001 -13"><span class='ocrx_word' id='word_1_80' title='bbox 277 986 347 1025; x_wconf 73' lang='lat' dir='ltr'>vel</span> <span class='ocrx_word' id='word_1_81' title='bbox 367 986 605 1027; x_wconf 90' lang='lat' dir='ltr'>mundano</span> <span class='ocrx_word' id='word_1_82' title='bbox 627 987 709 1027; x_wconf 87' lang='lat' dir='ltr'>sed</span> <span class='ocrx_word' id='word_1_83' title='bbox 730 987 795 1027; x_wconf 92' lang='lat' dir='ltr'>illi</span> <span class='ocrx_word' id='word_1_84' title='bbox 816 987 1004 1036; x_wconf 89' lang='lat' dir='ltr'>nubere,</span> <span class='ocrx_word' id='word_1_85' title='bbox 1029 986 1170 1038; x_wconf 69' lang='lat' dir='ltr'>cusas</span> <span class='ocrx_word' id='word_1_86' title='bbox 1185 985 1610 1037; x_wconf 71' lang='lat' dir='ltr'>pulchritudmem,</span> <span class='ocrx_word' id='word_1_87' title='bbox 1633 987 1752 1027; x_wconf 90' lang='lat' dir='ltr'>sicut</span> <span class='ocrx_word' id='word_1_88' title='bbox 1768 987 1915 1027; x_wconf 87' lang='lat' dir='ltr'>Beata</span> 
     </span>
     <span class='ocr_line' id='line_1_13' title="bbox 271 1057 1914 1110; baseline -0.001 -12"><span class='ocrx_word' id='word_1_89' title='bbox 271 1057 434 1109; x_wconf 85' lang='lat' dir='ltr'>Agnes</span> <span class='ocrx_word' id='word_1_90' title='bbox 451 1058 728 1110; x_wconf 77' lang='lat' dir='ltr'>testabatur,</span> <span class='ocrx_word' id='word_1_91' title='bbox 747 1058 821 1098; x_wconf 80' lang='lat' dir='ltr'>sol</span> <span class='ocrx_word' id='word_1_92' title='bbox 837 1062 881 1098; x_wconf 82' lang='lat' dir='ltr'>et</span> <span class='ocrx_word' id='word_1_93' title='bbox 895 1057 1012 1098; x_wconf 77' lang='lat' dir='ltr'>luna</span> <span class='ocrx_word' id='word_1_94' title='bbox 1029 1059 1290 1109; x_wconf 72' lang='lat' dir='ltr'>mirantur,</span> <span class='ocrx_word' id='word_1_95' title='bbox 1307 1057 1391 1109; x_wconf 76' lang='lat' dir='ltr'>qui</span> <span class='ocrx_word' id='word_1_96' title='bbox 1403 1061 1474 1097; x_wconf 80' lang='lat' dir='ltr'>est</span> <span class='ocrx_word' id='word_1_97' title='bbox 1489 1057 1732 1109; x_wconf 76' lang='lat' dir='ltr'>speciosus</span> <span class='ocrx_word' id='word_1_98' title='bbox 1742 1058 1914 1108; x_wconf 77' lang='lat' dir='ltr'>forma</span> 
     </span>
     <span class='ocr_line' id='line_1_14' title="bbox 266 1125 1913 1180; baseline 0 -12"><span class='ocrx_word' id='word_1_99' title='bbox 266 1133 387 1178; x_wconf 79' lang='lat' dir='ltr'>prae</span> <span class='ocrx_word' id='word_1_100' title='bbox 395 1129 524 1179; x_wconf 74' lang='lat' dir='ltr'>filiis</span> <span class='ocrx_word' id='word_1_101' title='bbox 544 1129 805 1179; x_wconf 71' lang='lat' dir='ltr'>homiuum,</span> <span class='ocrx_word' id='word_1_102' title='bbox 827 1136 953 1170; x_wconf 91' lang='lat' dir='ltr'>totus</span> <span class='ocrx_word' id='word_1_103' title='bbox 975 1129 1190 1170; x_wconf 90' lang='lat' dir='ltr'>coelestis</span> <span class='ocrx_word' id='word_1_104' title='bbox 1212 1136 1257 1169; x_wconf 91' lang='lat' dir='ltr'>et</span> <span class='ocrx_word' id='word_1_105' title='bbox 1278 1129 1430 1169; x_wconf 90' lang='lat' dir='ltr'>omnis</span> <span class='ocrx_word' id='word_1_106' title='bbox 1457 1140 1625 1180; x_wconf 85' lang='lat' dir='ltr'>expers</span> <span class='ocrx_word' id='word_1_107' title='bbox 1653 1125 1913 1180; x_wconf 88' lang='lat' dir='ltr'>corruptio—</span> 
     </span>
     <span class='ocr_line' id='line_1_15' title="bbox 271 1200 1911 1252; baseline 0.001 -13"><span class='ocrx_word' id='word_1_108' title='bbox 271 1200 357 1250; x_wconf 89' lang='lat' dir='ltr'>nis,</span> <span class='ocrx_word' id='word_1_109' title='bbox 382 1206 431 1240; x_wconf 92' lang='lat' dir='ltr'>ut</span> <span class='ocrx_word' id='word_1_110' title='bbox 453 1201 571 1240; x_wconf 86' lang='lat' dir='ltr'>albis</span> <span class='ocrx_word' id='word_1_111' title='bbox 594 1201 785 1241; x_wconf 88' lang='lat' dir='ltr'>indutae</span> <span class='ocrx_word' id='word_1_112' title='bbox 807 1201 940 1241; x_wconf 91' lang='lat' dir='ltr'>stolis</span> <span class='ocrx_word' id='word_1_113' title='bbox 962 1207 1220 1252; x_wconf 87' lang='lat' dir='ltr'>sequantur</span> <span class='ocrx_word' id='word_1_114' title='bbox 1246 1200 1436 1251; x_wconf 82' lang='lat' dir='ltr'>Agnum</span> <span class='ocrx_word' id='word_1_115' title='bbox 1463 1212 1761 1252; x_wconf 91' lang='lat' dir='ltr'>quocumque</span> <span class='ocrx_word' id='word_1_116' title='bbox 1790 1200 1911 1248; x_wconf 79' lang='lat' dir='ltr'>ierit,</span> 
     </span>
     <span class='ocr_line' id='line_1_16' title="bbox 270 1272 1911 1324; baseline 0.001 -14"><span class='ocrx_word' id='word_1_117' title='bbox 270 1277 313 1310; x_wconf 91' lang='lat' dir='ltr'>et</span> <span class='ocrx_word' id='word_1_118' title='bbox 334 1272 517 1323; x_wconf 86' lang='lat' dir='ltr'>possint</span> <span class='ocrx_word' id='word_1_119' title='bbox 539 1273 787 1313; x_wconf 86' lang='lat' dir='ltr'>harmonia</span> <span class='ocrx_word' id='word_1_120' title='bbox 809 1273 1014 1324; x_wconf 82' lang='lat' dir='ltr'>quadam</span> <span class='ocrx_word' id='word_1_121' title='bbox 1035 1272 1321 1313; x_wconf 78' lang='lat' dir='ltr'>suavissima</span> <span class='ocrx_word' id='word_1_122' title='bbox 1352 1272 1465 1312; x_wconf 88' lang='lat' dir='ltr'>illud</span> <span class='ocrx_word' id='word_1_123' title='bbox 1492 1272 1729 1312; x_wconf 90' lang='lat' dir='ltr'>canticum</span> <span class='ocrx_word' id='word_1_124' title='bbox 1760 1272 1911 1311; x_wconf 89' lang='lat' dir='ltr'>conci-</span> 
     </span>
     <span class='ocr_line' id='line_1_17' title="bbox 269 1342 1913 1396; baseline 0.001 -15"><span class='ocrx_word' id='word_1_125' title='bbox 269 1354 380 1382; x_wconf 90' lang='lat' dir='ltr'>nere</span> <span class='ocrx_word' id='word_1_126' title='bbox 400 1344 525 1394; x_wconf 89' lang='lat' dir='ltr'>quod</span> <span class='ocrx_word' id='word_1_127' title='bbox 546 1356 683 1385; x_wconf 90' lang='lat' dir='ltr'>nemo</span> <span class='ocrx_word' id='word_1_128' title='bbox 704 1351 874 1396; x_wconf 89' lang='lat' dir='ltr'>potest,</span> <span class='ocrx_word' id='word_1_129' title='bbox 899 1344 989 1384; x_wconf 90' lang='lat' dir='ltr'>nisi</span> <span class='ocrx_word' id='word_1_130' title='bbox 1011 1344 1095 1396; x_wconf 80' lang='lat' dir='ltr'>qm‘</span> <span class='ocrx_word' id='word_1_131' title='bbox 1111 1344 1261 1395; x_wconf 75' lang='lat' dir='ltr'>empti</span> <span class='ocrx_word' id='word_1_132' title='bbox 1276 1347 1391 1383; x_wconf 76' lang='lat' dir='ltr'>sunt</span> <span class='ocrx_word' id='word_1_133' title='bbox 1412 1344 1467 1383; x_wconf 77' lang='lat' dir='ltr'>de</span> <span class='ocrx_word' id='word_1_134' title='bbox 1489 1347 1621 1383; x_wconf 72' lang='lat' dir='ltr'>terra</span> <span class='ocrx_word' id='word_1_135' title='bbox 1642 1347 1686 1382; x_wconf 79' lang='lat' dir='ltr'>et</span> <span class='ocrx_word' id='word_1_136' title='bbox 1701 1342 1803 1383; x_wconf 75' lang='lat' dir='ltr'>sine</span> <span class='ocrx_word' id='word_1_137' title='bbox 1819 1354 1913 1382; x_wconf 78' lang='lat' dir='ltr'>ma-</span> 
     </span>
     <span class='ocr_line' id='line_1_18' title="bbox 270 1415 1018 1458; baseline -0.001 -1"><span class='ocrx_word' id='word_1_138' title='bbox 270 1415 374 1458; x_wconf 69' lang='lat' dir='ltr'>cula</span> <span class='ocrx_word' id='word_1_139' title='bbox 396 1422 512 1458; x_wconf 75' lang='lat' dir='ltr'>sunt</span> <span class='ocrx_word' id='word_1_140' title='bbox 534 1420 644 1457; x_wconf 78' lang='lat' dir='ltr'>ante</span> <span class='ocrx_word' id='word_1_141' title='bbox 664 1417 892 1457; x_wconf 72' lang='lat' dir='ltr'>thronum</span> <span class='ocrx_word' id='word_1_142' title='bbox 915 1415 1018 1456; x_wconf 78' lang='lat' dir='ltr'>Dei.</span> 
     </span>
    </p>

    <p class='ocr_par' dir='ltr' id='par_1_4' title="bbox 268 1486 1916 2114">
     <span class='ocr_line' id='line_1_19' title="bbox 348 1486 1913 1539; baseline -0.004 -8"><span class='ocrx_word' id='word_1_143' title='bbox 348 1490 600 1531; x_wconf 85' lang='lat' dir='ltr'>Praeterea</span> <span class='ocrx_word' id='word_1_144' title='bbox 621 1489 772 1529; x_wconf 88' lang='lat' dir='ltr'>nostri</span> <span class='ocrx_word' id='word_1_145' title='bbox 792 1488 852 1528; x_wconf 91' lang='lat' dir='ltr'>ad</span> <span class='ocrx_word' id='word_1_146' title='bbox 874 1495 1096 1539; x_wconf 84' lang='lat' dir='ltr'>aegrotos</span> <span class='ocrx_word' id='word_1_147' title='bbox 1120 1500 1179 1528; x_wconf 79' lang='lat' dir='ltr'>ex</span> <span class='ocrx_word' id='word_1_148' title='bbox 1199 1487 1357 1527; x_wconf 90' lang='lat' dir='ltr'>multis</span> <span class='ocrx_word' id='word_1_149' title='bbox 1378 1487 1585 1527; x_wconf 83' lang='lat' dir='ltr'>civitatis</span> <span class='ocrx_word' id='word_1_150' title='bbox 1602 1486 1816 1538; x_wconf 87' lang='lat' dir='ltr'>partibus</span> <span class='ocrx_word' id='word_1_151' title='bbox 1837 1497 1913 1526; x_wconf 91' lang='lat' dir='ltr'>au-</span> 
     </span>
     <span class='ocr_line' id='line_1_20' title="bbox 270 1557 1914 1613; baseline -0.004 -10"><span class='ocrx_word' id='word_1_152' title='bbox 270 1563 463 1603; x_wconf 88' lang='lat' dir='ltr'>diendos</span> <span class='ocrx_word' id='word_1_153' title='bbox 483 1562 755 1613; x_wconf 85' lang='lat' dir='ltr'>frequenter</span> <span class='ocrx_word' id='word_1_154' title='bbox 776 1565 1103 1610; x_wconf 89' lang='lat' dir='ltr'>accersuntur,</span> <span class='ocrx_word' id='word_1_155' title='bbox 1128 1559 1316 1610; x_wconf 84' lang='lat' dir='ltr'>saepius</span> <span class='ocrx_word' id='word_1_156' title='bbox 1345 1571 1371 1599; x_wconf 86' lang='lat' dir='ltr'>a</span> <span class='ocrx_word' id='word_1_157' title='bbox 1399 1558 1726 1608; x_wconf 81' lang='lat' dir='ltr'>nobilioribus,</span> <span class='ocrx_word' id='word_1_158' title='bbox 1762 1557 1838 1609; x_wconf 91' lang='lat' dir='ltr'>qui</span> <span class='ocrx_word' id='word_1_159' title='bbox 1868 1558 1914 1597; x_wconf 90' lang='lat' dir='ltr'>in</span> 
     </span>
     <span class='ocr_line' id='line_1_21' title="bbox 269 1629 1915 1685; baseline -0.004 -11"><span class='ocrx_word' id='word_1_160' title='bbox 269 1633 534 1685; x_wconf 86' lang='lat' dir='ltr'>hujusmodi</span> <span class='ocrx_word' id='word_1_161' title='bbox 556 1639 683 1673; x_wconf 85' lang='lat' dir='ltr'>statu</span> <span class='ocrx_word' id='word_1_162' title='bbox 703 1633 849 1673; x_wconf 90' lang='lat' dir='ltr'>multo</span> <span class='ocrx_word' id='word_1_163' title='bbox 871 1632 1025 1682; x_wconf 86' lang='lat' dir='ltr'>magis</span> <span class='ocrx_word' id='word_1_164' title='bbox 1045 1630 1263 1671; x_wconf 87' lang='lat' dir='ltr'>Patribus</span> <span class='ocrx_word' id='word_1_165' title='bbox 1283 1629 1533 1671; x_wconf 86' lang='lat' dir='ltr'>Societatis</span> <span class='ocrx_word' id='word_1_166' title='bbox 1554 1640 1696 1680; x_wconf 88' lang='lat' dir='ltr'>quam</span> <span class='ocrx_word' id='word_1_167' title='bbox 1722 1629 1915 1680; x_wconf 90' lang='lat' dir='ltr'>reliquis</span> 
     </span>
     <span class='ocr_line' id='line_1_22' title="bbox 268 1699 1916 1755; baseline -0.003 -9"><span class='ocrx_word' id='word_1_168' title='bbox 268 1706 488 1746; x_wconf 87' lang='lat' dir='ltr'>videntur</span> <span class='ocrx_word' id='word_1_169' title='bbox 510 1704 743 1745; x_wconf 87' lang='lat' dir='ltr'>confidere</span> <span class='ocrx_word' id='word_1_170' title='bbox 770 1709 963 1755; x_wconf 88' lang='lat' dir='ltr'>propter</span> <span class='ocrx_word' id='word_1_171' title='bbox 997 1702 1223 1754; x_wconf 80' lang='lat' dir='ltr'>optimam</span> <span class='ocrx_word' id='word_1_172' title='bbox 1248 1701 1540 1754; x_wconf 85' lang='lat' dir='ltr'>opinionem,</span> <span class='ocrx_word' id='word_1_173' title='bbox 1574 1711 1714 1752; x_wconf 89' lang='lat' dir='ltr'>quam</span> <span class='ocrx_word' id='word_1_174' title='bbox 1742 1699 1798 1740; x_wconf 87' lang='lat' dir='ltr'>de</span> <span class='ocrx_word' id='word_1_175' title='bbox 1825 1700 1916 1741; x_wconf 90' lang='lat' dir='ltr'>illis</span> 
     </span>
     <span class='ocr_line' id='line_1_23' title="bbox 269 1771 1914 1829; baseline -0.004 -12"><span class='ocrx_word' id='word_1_176' title='bbox 269 1781 600 1829; x_wconf 90' lang='lat' dir='ltr'>conceperunt.</span> <span class='ocrx_word' id='word_1_177' title='bbox 624 1776 675 1816; x_wconf 91' lang='lat' dir='ltr'>Id</span> <span class='ocrx_word' id='word_1_178' title='bbox 696 1775 844 1815; x_wconf 82' lang='lat' dir='ltr'>nostri</span> <span class='ocrx_word' id='word_1_179' title='bbox 865 1774 1073 1814; x_wconf 89' lang='lat' dir='ltr'>muneris</span> <span class='ocrx_word' id='word_1_180' title='bbox 1095 1774 1266 1814; x_wconf 91' lang='lat' dir='ltr'>obeunt</span> <span class='ocrx_word' id='word_1_181' title='bbox 1287 1784 1471 1812; x_wconf 89' lang='lat' dir='ltr'>summa</span> <span class='ocrx_word' id='word_1_182' title='bbox 1493 1783 1600 1812; x_wconf 91' lang='lat' dir='ltr'>cum</span> <span class='ocrx_word' id='word_1_183' title='bbox 1622 1771 1853 1811; x_wconf 80' lang='lat' dir='ltr'>charitate</span> <span class='ocrx_word' id='word_1_184' title='bbox 1870 1777 1914 1811; x_wconf 91' lang='lat' dir='ltr'>et</span> 
     </span>
     <span class='ocr_line' id='line_1_24' title="bbox 268 1841 1913 1896; baseline -0.005 -7"><span class='ocrx_word' id='word_1_185' title='bbox 268 1848 590 1889; x_wconf 82' lang='lat' dir='ltr'>satisfactione</span> <span class='ocrx_word' id='word_1_186' title='bbox 613 1852 903 1887; x_wconf 87' lang='lat' dir='ltr'>cunctorum.</span> <span class='ocrx_word' id='word_1_187' title='bbox 925 1845 1287 1896; x_wconf 87' lang='lat' dir='ltr'>Nonnumquam</span> <span class='ocrx_word' id='word_1_188' title='bbox 1305 1843 1365 1884; x_wconf 87' lang='lat' dir='ltr'>ad</span> <span class='ocrx_word' id='word_1_189' title='bbox 1381 1841 1717 1894; x_wconf 89' lang='lat' dir='ltr'>restinguenda</span> <span class='ocrx_word' id='word_1_190' title='bbox 1735 1853 1820 1882; x_wconf 89' lang='lat' dir='ltr'>sua</span> <span class='ocrx_word' id='word_1_191' title='bbox 1837 1853 1913 1881; x_wconf 91' lang='lat' dir='ltr'>au-</span> 
     </span>
     <span class='ocr_line' id='line_1_25' title="bbox 269 1914 1914 1967; baseline -0.005 -6"><span class='ocrx_word' id='word_1_192' title='bbox 269 1921 488 1961; x_wconf 89' lang='lat' dir='ltr'>ctoritate</span> <span class='ocrx_word' id='word_1_193' title='bbox 500 1920 721 1960; x_wconf 88' lang='lat' dir='ltr'>diuturna</span> <span class='ocrx_word' id='word_1_194' title='bbox 734 1918 985 1958; x_wconf 91' lang='lat' dir='ltr'>multorum</span> <span class='ocrx_word' id='word_1_195' title='bbox 1004 1917 1111 1956; x_wconf 90' lang='lat' dir='ltr'>odia</span> <span class='ocrx_word' id='word_1_196' title='bbox 1128 1915 1531 1967; x_wconf 86' lang='lat' dir='ltr'>gravissimasque</span> <span class='ocrx_word' id='word_1_197' title='bbox 1549 1914 1809 1954; x_wconf 87' lang='lat' dir='ltr'>simultates</span> <span class='ocrx_word' id='word_1_198' title='bbox 1826 1914 1914 1953; x_wconf 88' lang='lat' dir='ltr'>sol-</span> 
     </span>
     <span class='ocr_line' id='line_1_26' title="bbox 268 1985 1913 2042; baseline -0.005 -9"><span class='ocrx_word' id='word_1_199' title='bbox 268 1993 530 2039; x_wconf 85' lang='lat' dir='ltr'>licitantur,</span> <span class='ocrx_word' id='word_1_200' title='bbox 563 1991 687 2042; x_wconf 89' lang='lat' dir='ltr'>quod</span> <span class='ocrx_word' id='word_1_201' title='bbox 710 1990 767 2030; x_wconf 87' lang='lat' dir='ltr'>ab</span> <span class='ocrx_word' id='word_1_202' title='bbox 788 1990 879 2030; x_wconf 88' lang='lat' dir='ltr'>illis</span> <span class='ocrx_word' id='word_1_203' title='bbox 899 1995 1083 2028; x_wconf 92' lang='lat' dir='ltr'>maturo</span> <span class='ocrx_word' id='word_1_204' title='bbox 1112 1987 1317 2040; x_wconf 90' lang='lat' dir='ltr'>quodam</span> <span class='ocrx_word' id='word_1_205' title='bbox 1347 1986 1542 2027; x_wconf 88' lang='lat' dir='ltr'>consilio</span> <span class='ocrx_word' id='word_1_206' title='bbox 1574 1985 1913 2036; x_wconf 87' lang='lat' dir='ltr'>prudentiaque</span> 
     </span>
     <span class='ocr_line' id='line_1_27' title="bbox 268 2061 931 2114; baseline -0.006 -10"><span class='ocrx_word' id='word_1_207' title='bbox 268 2066 314 2104; x_wconf 65' lang='lat' dir='ltr'>&gt;in</span> <span class='ocrx_word' id='word_1_208' title='bbox 336 2064 424 2104; x_wconf 85' lang='lat' dir='ltr'>Dei</span> <span class='ocrx_word' id='word_1_209' title='bbox 445 2063 649 2114; x_wconf 80' lang='lat' dir='ltr'>gloriam</span> <span class='ocrx_word' id='word_1_210' title='bbox 669 2061 931 2102; x_wconf 88' lang='lat' dir='ltr'>conficitur.</span> 
     </span>
    </p>

    <p class='ocr_par' dir='ltr' id='par_1_5' title="bbox 267 2127 1912 3042">
     <span class='ocr_line' id='line_1_28' title="bbox 348 2127 1911 2176; baseline -0.006 0"><span class='ocrx_word' id='word_1_211' title='bbox 348 2135 406 2176; x_wconf 92' lang='lat' dir='ltr'>D.</span> <span class='ocrx_word' id='word_1_212' title='bbox 430 2134 596 2175; x_wconf 90' lang='lat' dir='ltr'>Petrus</span> <span class='ocrx_word' id='word_1_213' title='bbox 617 2134 674 2174; x_wconf 87' lang='lat' dir='ltr'>de</span> <span class='ocrx_word' id='word_1_214' title='bbox 694 2132 1011 2174; x_wconf 86' lang='lat' dir='ltr'>Rivadeneira</span> <span class='ocrx_word' id='word_1_215' title='bbox 1031 2131 1181 2172; x_wconf 89' lang='lat' dir='ltr'>solitis</span> <span class='ocrx_word' id='word_1_216' title='bbox 1202 2131 1249 2171; x_wconf 91' lang='lat' dir='ltr'>in</span> <span class='ocrx_word' id='word_1_217' title='bbox 1278 2129 1582 2170; x_wconf 86' lang='lat' dir='ltr'>concionibus</span> <span class='ocrx_word' id='word_1_218' title='bbox 1608 2129 1836 2168; x_wconf 88' lang='lat' dir='ltr'>hactenus</span> <span class='ocrx_word' id='word_1_219' title='bbox 1864 2127 1911 2166; x_wconf 87' lang='lat' dir='ltr'>in</span> 
     </span>
     <span class='ocr_line' id='line_1_29' title="bbox 268 2197 1911 2256; baseline -0.007 -8"><span class='ocrx_word' id='word_1_220' title='bbox 268 2208 467 2248; x_wconf 86' lang='lat' dir='ltr'>ecclesia</span> <span class='ocrx_word' id='word_1_221' title='bbox 490 2212 652 2246; x_wconf 82' lang='lat' dir='ltr'>nostra</span> <span class='ocrx_word' id='word_1_222' title='bbox 675 2205 872 2256; x_wconf 84' lang='lat' dir='ltr'>singulis</span> <span class='ocrx_word' id='word_1_223' title='bbox 894 2203 1142 2244; x_wconf 86' lang='lat' dir='ltr'>dominicis</span> <span class='ocrx_word' id='word_1_224' title='bbox 1163 2202 1326 2243; x_wconf 90' lang='lat' dir='ltr'>diebus</span> <span class='ocrx_word' id='word_1_225' title='bbox 1353 2211 1528 2251; x_wconf 86' lang='lat' dir='ltr'>magno</span> <span class='ocrx_word' id='word_1_226' title='bbox 1565 2210 1798 2240; x_wconf 91' lang='lat' dir='ltr'>concursu</span> <span class='ocrx_word' id='word_1_227' title='bbox 1825 2197 1911 2238; x_wconf 89' lang='lat' dir='ltr'>fre-</span> 
     </span>
     <span class='ocr_line' id='line_1_30' title="bbox 267 2269 1912 2331; baseline -0.006 -12"><span class='ocrx_word' id='word_1_228' title='bbox 267 2279 551 2331; x_wconf 82' lang='lat' dir='ltr'>quentiaque</span> <span class='ocrx_word' id='word_1_229' title='bbox 583 2277 852 2317; x_wconf 89' lang='lat' dir='ltr'>auditorum</span> <span class='ocrx_word' id='word_1_230' title='bbox 879 2275 1104 2315; x_wconf 85' lang='lat' dir='ltr'>nobilium</span> <span class='ocrx_word' id='word_1_231' title='bbox 1124 2285 1308 2314; x_wconf 91' lang='lat' dir='ltr'>necnon</span> <span class='ocrx_word' id='word_1_232' title='bbox 1329 2274 1377 2313; x_wconf 91' lang='lat' dir='ltr'>in</span> <span class='ocrx_word' id='word_1_233' title='bbox 1398 2272 1548 2313; x_wconf 88' lang='lat' dir='ltr'>sacris</span> <span class='ocrx_word' id='word_1_234' title='bbox 1570 2271 1760 2323; x_wconf 90' lang='lat' dir='ltr'>(quibus</span> <span class='ocrx_word' id='word_1_235' title='bbox 1786 2269 1912 2310; x_wconf 90' lang='lat' dir='ltr'>haud</span> 
     </span>
     <span class='ocr_line' id='line_1_31' title="bbox 268 2343 1911 2402; baseline -0.006 -12"><span class='ocrx_word' id='word_1_236' title='bbox 268 2362 435 2402; x_wconf 85' lang='lat' dir='ltr'>parum</span> <span class='ocrx_word' id='word_1_237' title='bbox 456 2348 683 2389; x_wconf 88' lang='lat' dir='ltr'>delectari</span> <span class='ocrx_word' id='word_1_238' title='bbox 712 2346 920 2397; x_wconf 84' lang='lat' dir='ltr'>videtur)</span> <span class='ocrx_word' id='word_1_239' title='bbox 951 2346 1119 2386; x_wconf 88' lang='lat' dir='ltr'>litteris</span> <span class='ocrx_word' id='word_1_240' title='bbox 1146 2351 1468 2394; x_wconf 83' lang='lat' dir='ltr'>versatorum,</span> <span class='ocrx_word' id='word_1_241' title='bbox 1500 2343 1699 2383; x_wconf 89' lang='lat' dir='ltr'>aliorum</span> <span class='ocrx_word' id='word_1_242' title='bbox 1727 2352 1911 2393; x_wconf 90' lang='lat' dir='ltr'>quoque</span> 
     </span>
     <span class='ocr_line' id='line_1_32' title="bbox 268 2412 1911 2468; baseline -0.007 -6"><span class='ocrx_word' id='word_1_243' title='bbox 268 2423 486 2462; x_wconf 84' lang='lat' dir='ltr'>diversae</span> <span class='ocrx_word' id='word_1_244' title='bbox 507 2420 789 2461; x_wconf 86' lang='lat' dir='ltr'>conditionis</span> <span class='ocrx_word' id='word_1_245' title='bbox 810 2418 1069 2467; x_wconf 90' lang='lat' dir='ltr'>hominum,</span> <span class='ocrx_word' id='word_1_246' title='bbox 1093 2428 1374 2468; x_wconf 85' lang='lat' dir='ltr'>progressus</span> <span class='ocrx_word' id='word_1_247' title='bbox 1395 2421 1479 2456; x_wconf 91' lang='lat' dir='ltr'>est.</span> <span class='ocrx_word' id='word_1_248' title='bbox 1501 2414 1678 2465; x_wconf 86' lang='lat' dir='ltr'>Quibus</span> <span class='ocrx_word' id='word_1_249' title='bbox 1694 2412 1911 2453; x_wconf 87' lang='lat' dir='ltr'>videlicet</span> 
     </span>
     <span class='ocr_line' id='line_1_33' title="bbox 269 2484 1909 2545; baseline -0.007 -11"><span class='ocrx_word' id='word_1_250' title='bbox 269 2493 357 2534; x_wconf 91' lang='lat' dir='ltr'>Dei</span> <span class='ocrx_word' id='word_1_251' title='bbox 378 2492 542 2545; x_wconf 89' lang='lat' dir='ltr'>optimi</span> <span class='ocrx_word' id='word_1_252' title='bbox 562 2491 757 2532; x_wconf 86' lang='lat' dir='ltr'>maximi</span> <span class='ocrx_word' id='word_1_253' title='bbox 779 2490 1004 2530; x_wconf 89' lang='lat' dir='ltr'>beneficio</span> <span class='ocrx_word' id='word_1_254' title='bbox 1032 2488 1265 2529; x_wconf 90' lang='lat' dir='ltr'>credimus</span> <span class='ocrx_word' id='word_1_255' title='bbox 1293 2486 1536 2536; x_wconf 88' lang='lat' dir='ltr'>satisfieri,</span> <span class='ocrx_word' id='word_1_256' title='bbox 1565 2497 1658 2525; x_wconf 91' lang='lat' dir='ltr'>non</span> <span class='ocrx_word' id='word_1_257' title='bbox 1687 2484 1786 2524; x_wconf 91' lang='lat' dir='ltr'>sine</span> <span class='ocrx_word' id='word_1_258' title='bbox 1816 2495 1909 2523; x_wconf 90' lang='lat' dir='ltr'>ma-</span> 
     </span>
     <span class='ocr_line' id='line_1_34' title="bbox 271 2554 1911 2615; baseline -0.006 -11"><span class='ocrx_word' id='word_1_259' title='bbox 271 2566 396 2606; x_wconf 74' lang='lat' dir='ltr'>xima</span> <span class='ocrx_word' id='word_1_260' title='bbox 422 2562 679 2615; x_wconf 82' lang='lat' dir='ltr'>spiritualis</span> <span class='ocrx_word' id='word_1_261' title='bbox 705 2561 888 2602; x_wconf 85' lang='lat' dir='ltr'>fructus</span> <span class='ocrx_word' id='word_1_262' title='bbox 915 2559 1202 2609; x_wconf 86' lang='lat' dir='ltr'>accessione,</span> <span class='ocrx_word' id='word_1_263' title='bbox 1232 2558 1357 2610; x_wconf 90' lang='lat' dir='ltr'>quod</span> <span class='ocrx_word' id='word_1_264' title='bbox 1390 2556 1612 2597; x_wconf 87' lang='lat' dir='ltr'>Panormi</span> <span class='ocrx_word' id='word_1_265' title='bbox 1633 2555 1680 2596; x_wconf 92' lang='lat' dir='ltr'>in</span> <span class='ocrx_word' id='word_1_266' title='bbox 1716 2554 1911 2596; x_wconf 90' lang='lat' dir='ltr'>summis</span> 
     </span>
     <span class='ocr_line' id='line_1_35' title="bbox 269 2626 1911 2687; baseline -0.007 -10"><span class='ocrx_word' id='word_1_267' title='bbox 269 2636 547 2687; x_wconf 78' lang='lat' dir='ltr'>praesertim</span> <span class='ocrx_word' id='word_1_268' title='bbox 570 2634 764 2674; x_wconf 88' lang='lat' dir='ltr'>aestatis</span> <span class='ocrx_word' id='word_1_269' title='bbox 791 2631 1028 2672; x_wconf 86' lang='lat' dir='ltr'>caloribus</span> <span class='ocrx_word' id='word_1_270' title='bbox 1055 2630 1212 2671; x_wconf 88' lang='lat' dir='ltr'>multis</span> <span class='ocrx_word' id='word_1_271' title='bbox 1244 2628 1602 2670; x_wconf 87' lang='lat' dir='ltr'>admirationem</span> <span class='ocrx_word' id='word_1_272' title='bbox 1628 2639 1721 2667; x_wconf 91' lang='lat' dir='ltr'>non</span> <span class='ocrx_word' id='word_1_273' title='bbox 1747 2626 1911 2677; x_wconf 78' lang='lat' dir='ltr'>vulga-</span> 
     </span>
     <span class='ocr_line' id='line_1_36' title="bbox 272 2698 1911 2758; baseline -0.007 -11"><span class='ocrx_word' id='word_1_274' title='bbox 272 2719 371 2747; x_wconf 73' lang='lat' dir='ltr'>rem</span> <span class='ocrx_word' id='word_1_275' title='bbox 392 2707 528 2758; x_wconf 83' lang='lat' dir='ltr'>parit.</span> <span class='ocrx_word' id='word_1_276' title='bbox 548 2706 672 2747; x_wconf 88' lang='lat' dir='ltr'>Inter</span> <span class='ocrx_word' id='word_1_277' title='bbox 692 2705 896 2755; x_wconf 89' lang='lat' dir='ltr'>reliquos</span> <span class='ocrx_word' id='word_1_278' title='bbox 913 2701 1179 2754; x_wconf 88' lang='lat' dir='ltr'>hujusmodi</span> <span class='ocrx_word' id='word_1_279' title='bbox 1197 2700 1476 2741; x_wconf 90' lang='lat' dir='ltr'>concionum</span> <span class='ocrx_word' id='word_1_280' title='bbox 1491 2699 1688 2748; x_wconf 89' lang='lat' dir='ltr'>fructus,</span> <span class='ocrx_word' id='word_1_281' title='bbox 1709 2698 1788 2750; x_wconf 90' lang='lat' dir='ltr'>qui</span> <span class='ocrx_word' id='word_1_282' title='bbox 1804 2702 1911 2737; x_wconf 91' lang='lat' dir='ltr'>sunt</span> 
     </span>
     <span class='ocr_line' id='line_1_37' title="bbox 272 2767 1911 2827; baseline -0.007 -9"><span class='ocrx_word' id='word_1_283' title='bbox 272 2791 385 2818; x_wconf 73' lang='lat' dir='ltr'>sane</span> <span class='ocrx_word' id='word_1_284' title='bbox 405 2777 644 2827; x_wconf 89' lang='lat' dir='ltr'>uberrimi,</span> <span class='ocrx_word' id='word_1_285' title='bbox 668 2776 743 2816; x_wconf 89' lang='lat' dir='ltr'>hic</span> <span class='ocrx_word' id='word_1_286' title='bbox 766 2775 902 2826; x_wconf 82' lang='lat' dir='ltr'>parvi</span> <span class='ocrx_word' id='word_1_287' title='bbox 923 2773 1165 2814; x_wconf 86' lang='lat' dir='ltr'>ducendus</span> <span class='ocrx_word' id='word_1_288' title='bbox 1188 2783 1282 2812; x_wconf 91' lang='lat' dir='ltr'>non</span> <span class='ocrx_word' id='word_1_289' title='bbox 1304 2776 1393 2821; x_wconf 91' lang='lat' dir='ltr'>est,</span> <span class='ocrx_word' id='word_1_290' title='bbox 1418 2769 1542 2822; x_wconf 90' lang='lat' dir='ltr'>quod</span> <span class='ocrx_word' id='word_1_291' title='bbox 1570 2781 1676 2809; x_wconf 90' lang='lat' dir='ltr'>cum</span> <span class='ocrx_word' id='word_1_292' title='bbox 1706 2767 1911 2820; x_wconf 91' lang='lat' dir='ltr'>superio-</span> 
     </span>
     <span class='ocr_line' id='line_1_38' title="bbox 275 2839 1911 2898; baseline -0.007 -9"><span class='ocrx_word' id='word_1_293' title='bbox 275 2850 401 2889; x_wconf 79' lang='lat' dir='ltr'>ribus</span> <span class='ocrx_word' id='word_1_294' title='bbox 424 2849 573 2897; x_wconf 88' lang='lat' dir='ltr'>annis,</span> <span class='ocrx_word' id='word_1_295' title='bbox 598 2854 851 2898; x_wconf 79' lang='lat' dir='ltr'>antequam</span> <span class='ocrx_word' id='word_1_296' title='bbox 873 2845 1145 2886; x_wconf 88' lang='lat' dir='ltr'>concionari</span> <span class='ocrx_word' id='word_1_297' title='bbox 1166 2843 1398 2895; x_wconf 89' lang='lat' dir='ltr'>coepisset</span> <span class='ocrx_word' id='word_1_298' title='bbox 1410 2853 1422 2889; x_wconf 84' lang='lat'>·,</span> <span class='ocrx_word' id='word_1_299' title='bbox 1453 2841 1621 2881; x_wconf 90' lang='lat' dir='ltr'>mirum</span> <span class='ocrx_word' id='word_1_300' title='bbox 1649 2840 1723 2880; x_wconf 83' lang='lat' dir='ltr'>vel</span> <span class='ocrx_word' id='word_1_301' title='bbox 1752 2839 1911 2879; x_wconf 89' lang='lat' dir='ltr'>absur-</span> 
     </span>
     <span class='ocr_line' id='line_1_39' title="bbox 271 2910 1911 2971; baseline -0.007 -11"><span class='ocrx_word' id='word_1_302' title='bbox 271 2920 384 2959; x_wconf 81' lang='lat' dir='ltr'>dum</span> <span class='ocrx_word' id='word_1_303' title='bbox 404 2920 558 2971; x_wconf 87' lang='lat' dir='ltr'>potius</span> <span class='ocrx_word' id='word_1_304' title='bbox 578 2918 827 2959; x_wconf 88' lang='lat' dir='ltr'>videbatur</span> <span class='ocrx_word' id='word_1_305' title='bbox 854 2917 909 2957; x_wconf 83' lang='lat' dir='ltr'>de</span> <span class='ocrx_word' id='word_1_306' title='bbox 938 2915 1243 2957; x_wconf 90' lang='lat' dir='ltr'>concionibus</span> <span class='ocrx_word' id='word_1_307' title='bbox 1269 2914 1397 2965; x_wconf 90' lang='lat' dir='ltr'>loqui</span> <span class='ocrx_word' id='word_1_308' title='bbox 1425 2914 1499 2953; x_wconf 83' lang='lat' dir='ltr'>vel</span> <span class='ocrx_word' id='word_1_309' title='bbox 1531 2912 1671 2952; x_wconf 88' lang='lat' dir='ltr'>etiam</span> <span class='ocrx_word' id='word_1_310' title='bbox 1700 2910 1911 2961; x_wconf 85' lang='lat' dir='ltr'>cogitare</span> 
     </span>
     <span class='ocr_line' id='line_1_40' title="bbox 275 2979 1910 3042; baseline -0.008 -11"><span class='ocrx_word' id='word_1_311' title='bbox 275 2998 604 3042; x_wconf 76' lang='lat' dir='ltr'>praeterquam</span> <span class='ocrx_word' id='word_1_312' title='bbox 627 2988 1026 3041; x_wconf 74' lang='lat' dir='ltr'>quadragesimali</span> <span class='ocrx_word' id='word_1_313' title='bbox 1050 2994 1259 3038; x_wconf 83' lang='lat' dir='ltr'>tempore</span> <span class='ocrx_word' id='word_1_314' title='bbox 1276 2991 1320 3025; x_wconf 91' lang='lat' dir='ltr'>et</span> <span class='ocrx_word' id='word_1_315' title='bbox 1338 2989 1538 3036; x_wconf 88' lang='lat' dir='ltr'>quatuor</span> <span class='ocrx_word' id='word_1_316' title='bbox 1556 2981 1801 3023; x_wconf 89' lang='lat' dir='ltr'>dominicis</span> <span class='ocrx_word' id='word_1_317' title='bbox 1817 2979 1910 3020; x_wconf 80' lang='lat' dir='ltr'>Ad-</span> 
     </span>
    </p>
   </div>
  </div>
 </body>
</html>
