2074 3179
255 127 325 165 632
779 127 1005 164 LITTERAE
1031 133 1388 169 QUADRJMESTRES

258 223 366 264 dent
395 224 581 275 quidem
611 225 803 264 meliora
829 225 1142 276 probantque,
1172 225 1406 265 deteriora
1437 231 1594 266 tamen
1614 231 1887 277 sequuntur,

258 301 302 334 et
341 296 537 345 malunt,
581 295 717 346 pravi
751 294 993 346 cujusdam
1025 296 1217 347 pudoris
1251 296 1452 348 caligine
1486 296 1670 347 suffusi,
1708 297 1889 336 nescire

258 377 398 417 quam
419 366 615 416 discere余
639 366 855 418 quamvis
885 367 1094 406 nonnulli
1114 373 1316 417 nostros,
1341 368 1605 408 clanculum
1624 373 1796 418 tamen,
1821 379 1889 407 so-

259 438 383 477 leant
418 449 779 488 nonnunquam,
817 438 856 477 si
891 438 1077 489 quando
1118 438 1256 478 fuerit
1291 439 1420 478 locus
1457 438 1667 478 authoris
1696 436 1891 488 alicujus

259 508 503 548 obscurior
541 508 827 559 enodandus,
865 510 1124 559 consulere,
1161 521 1343 550 necnon
1377 510 1496 550 inter
1530 510 1672 561 ipsos,
1708 509 1747 549 si
1781 508 1891 560 quid

259 580 436 619 oriatur
467 579 607 630 dubii,
639 579 820 630 judices
847 581 1146 620 constituere.
1178 580 1407 632 Discipuli
1435 581 1675 631 diligentia
1703 591 1891 632 praece-

258 651 469 701 ptoribus
491 652 707 703 quamvis
729 652 867 703 longe
888 652 980 692 sint
1007 652 1272 703 inferiores,
1297 653 1403 703 quia
1426 652 1557 692 multi
1577 652 1892 703 negligentius

262 723 304 762 in
327 722 477 763 officio
499 722 638 773 domi,
663 724 805 764 nimia
826 730 1011 775 patrum
1030 724 1319 775 indulgentia
1341 725 1416 764 vel
1437 724 1631 774 incuria,
1657 724 1890 764 continen-

257 803 345 843 tur,
369 800 527 834 tamen
545 795 730 835 illorum
747 795 956 835 tarditati
974 794 1174 835 assiduis
1191 796 1357 835 horum
1373 795 1548 846 vigiliis
1565 795 1759 835 multum
1781 806 1890 846 quo-

257 865 367 906 tidie
385 866 581 906 decedit.

336 935 535 977 Strenue
572 949 675 977 sese
708 944 877 989 gerunt
913 944 1246 989 praeceptores
1280 938 1326 977 in
1361 938 1662 985 lectionibus余
1700 950 1792 977 non
1825 950 1890 977 se-

255 1009 395 1059 gnius
416 1009 687 1049 sacerdotes
718 1009 766 1048 in
794 1008 1037 1049 audiendis
1066 1009 1458 1060 confessionibus,
1489 1020 1691 1059 magnae
1720 1015 1825 1049 sunt
1846 1009 1892 1048 in

255 1080 429 1119 scholis
452 1080 807 1131 occupationes,
833 1080 880 1120 in
906 1080 1105 1120 ecclesia
1133 1092 1225 1120 non
1254 1080 1472 1120 minores.
1497 1079 1673 1120 Tamen
1700 1080 1891 1119 nonnul-

254 1151 310 1191 lis
326 1157 554 1201 nostrum,
579 1151 703 1203 quod
723 1151 823 1191 fieri
852 1163 945 1191 non
967 1151 1081 1191 satis
1103 1151 1346 1191 commode
1368 1157 1541 1202 potest,
1565 1157 1635 1191 est
1655 1150 1827 1191 scholis
1848 1157 1892 1190 et

253 1223 481 1263 ecclesiae
504 1223 787 1263 vacandum.
816 1222 936 1263 Nam
962 1223 1052 1263 duo
1080 1228 1186 1263 sunt
1208 1224 1373 1274 solum,
1396 1228 1584 1274 praeter
1605 1234 1686 1263 eos
1715 1222 1794 1274 qui
1815 1223 1891 1263 do-

253 1302 373 1345 cent,
407 1294 698 1345 sacerdotes,
722 1299 767 1333 et
796 1300 866 1334 est
893 1294 1213 1334 confitentium
1241 1294 1466 1344 maxima,
1498 1294 1749 1345 praecipue
1777 1294 1889 1333 sole-

251 1366 510 1406 mnioribus
540 1365 672 1406 festis
702 1365 1004 1413 instantibus,
1035 1365 1297 1405 multitudo.
1321 1365 1372 1406 In
1392 1365 1480 1405 hac
1508 1365 1887 1416 quadragesima,

250 1444 299 1477 ut
322 1437 579 1487 minimum,
616 1448 759 1489 supra
790 1436 914 1476 mille
941 1437 1130 1477 ducenti
1158 1442 1265 1476 sunt
1293 1436 1515 1487 confessi,
1546 1437 1610 1476 ita
1631 1442 1681 1476 ut
1706 1437 1763 1477 ab
1786 1442 1891 1476 ortu

251 1509 362 1549 solis
383 1521 530 1561 usque
553 1509 611 1549 ad
634 1509 841 1559 tertiam,
865 1514 909 1548 et
933 1509 1165 1548 interdum
1186 1514 1424 1559 quartam,
1447 1508 1599 1548 noctis
1620 1509 1789 1548 horam
1811 1508 1889 1548 im-

249 1581 411 1632 pransi
438 1581 609 1628 nostri,
643 1580 849 1620 maxima
880 1581 1094 1632 corporis
1124 1580 1333 1620 molestia
1366 1580 1448 1620 sed
1483 1592 1667 1620 summa
1701 1580 1892 1631 spiritus

251 1652 487 1703 animique
508 1652 700 1703 laetitia,
725 1652 880 1692 multis
902 1651 1065 1691 diebus
1085 1651 1441 1703 permanserint.
1473 1650 1607 1702 Quod
1637 1651 1761 1691 enim
1792 1663 1888 1691 cor-

250 1735 336 1774 pus
358 1724 625 1773 stenuabat,
650 1723 696 1763 id
717 1723 923 1763 animum
946 1722 1191 1762 recreabat
1209 1728 1253 1762 et
1276 1722 1525 1763 reficiebat.
1553 1722 1891 1763 Confluxerunt

249 1796 423 1835 multae
440 1795 622 1835 nobiles
643 1799 917 1839 matronae:
941 1793 1072 1833 multi
1093 1806 1152 1833 ex
1172 1793 1499 1834 remotissimis
1521 1793 1726 1834 civitatis
1751 1793 1890 1845 parti-

248 1867 334 1907 bus
356 1871 713 1913 concurrerunt,
736 1877 830 1905 non
851 1865 1003 1917 pauci,
1029 1866 1107 1916 qui
1128 1865 1257 1917 prius
1278 1864 1381 1905 aliis
1402 1870 1535 1905 erant
1557 1864 1774 1915 confessi,
1797 1876 1887 1916 quo

248 1938 432 1978 facilius
468 1938 655 1977 illorum
683 1937 945 1989 quiesceret
966 1936 1276 1994 conscientia,
1307 1935 1651 1976 confessionem
1681 1947 1786 1976 cum
1815 1948 1893 1975 no-

248 2010 359 2050 stris
381 2010 626 2049 iterarunt.
657 2008 763 2048 Non
784 2008 1030 2048 defuerunt
1060 2007 1138 2059 qui
1162 2019 1189 2046 a
1210 2007 1405 2056 duobus,
1430 2013 1645 2059 quatuor,
1671 2007 1889 2059 quinque,

248 2093 346 2132 sex,
371 2087 539 2120 octove
563 2079 700 2120 annis
722 2079 925 2119 confessi
953 2091 1047 2119 non
1068 2078 1266 2119 fuerant.
1291 2078 1446 2130 Atque
1469 2078 1555 2118 has
1576 2078 1763 2130 quidem
1785 2090 1890 2118 con-

247 2153 476 2193 fessiones
496 2163 591 2192 non
606 2150 855 2191 mediocris
871 2150 1052 2190 fructus
1069 2156 1138 2190 est
1160 2155 1462 2200 consecutus余
1486 2161 1595 2190 nam
1613 2149 1890 2190 concubina-

247 2224 305 2264 rii
328 2223 507 2275 aliquot
529 2213 640 2263 suas
661 2222 867 2274 pellices,
887 2221 1055 2273 quibus
1076 2221 1233 2261 multis
1255 2221 1390 2261 annis
1410 2221 1596 2261 fuerant
1617 2221 1766 2272 abusi,
1788 2221 1893 2261 reli-

248 2301 462 2347 querunt,
485 2294 671 2345 aliquae
683 2293 915 2333 foeminae
932 2293 1124 2344 nobiles,
1140 2291 1238 2344 jam
1253 2293 1447 2343 nubiles,
1466 2305 1516 2332 se
1533 2297 1786 2344 perpetuae
1802 2292 1894 2332 vir-

248 2366 435 2418 ginitati
458 2370 813 2416 consecrarunt,
838 2370 881 2404 et
903 2376 974 2415 ne,
1000 2364 1219 2404 humanis
1238 2365 1443 2416 pollutae
1465 2364 1724 2414 connubiis,
1747 2375 1891 2404 verae

248 2437 506 2478 nobilitatis
534 2443 578 2477 et
607 2436 870 2489 splendoris
892 2436 1038 2476 divini
1063 2434 1299 2487 jacturam
1326 2435 1558 2487 facerent,
1583 2435 1667 2475 soli
1689 2435 1892 2483 Christo,

248 2509 473 2550 nobilium
494 2508 802 2559 nobilissimo,
834 2508 1007 2548 nubere
1031 2509 1303 2558 voluerunt余
1328 2507 1470 2558 aliae,
1494 2507 1697 2558 virginei
1725 2506 1895 2546 cando-

250 2582 316 2621 ris
339 2592 502 2621 amore
525 2585 706 2631 captae,
728 2579 877 2619 eidem
899 2590 1001 2618 sese
1018 2578 1255 2618 devovere
1276 2583 1554 2618 statuerunt.

333 2652 536 2703 Quidam
553 2650 771 2702 juvenes,
797 2650 973 2690 alumni
995 2656 1265 2689 nostrorum
1287 2649 1479 2689 Patrum
1506 2649 1795 2700 spirituales,
1826 2660 1892 2688 re-

252 2724 476 2775 ligionem
517 2722 938 2763 Dominicanorum
977 2727 1021 2761 et
1063 2721 1298 2760 dictorum
1336 2721 1480 2772 vulgo
1520 2719 1894 2771 Capuccinorum

253 2800 359 2834 sunt
395 2794 619 2844 ingressi3
658 2793 921 2844 complures
957 2792 1140 2843 ingredi
1173 2791 1498 2850 decreverunt.
1537 2791 1670 2831 Multi
1699 2790 1894 2841 singulis

253 2866 512 2915 mensibus,
543 2864 733 2916 quidam
760 2863 1072 2915 frequentius,
1104 2861 1316 2903 confiteri
1343 2867 1701 2914 proposuerunt.
1725 2860 1892 2912 Quam-

255 2937 439 2987 plurimi
462 2936 669 2986 generali
693 2935 986 2975 confessione
1014 2935 1156 2974 totius
1177 2934 1302 2973 vitae
1324 2933 1486 2974 sordes
1517 2939 1560 2974 et
1582 2933 1793 2972 maculas
1815 2943 1892 2972 ex-
