2074 3179
850 187 939 224 ΑΝ.
971 185 1063 224 1552
1709 184 1780 220 719

842 637 1096 692 CLXIII

217 876 376 913 Petrus
396 875 449 912 de
469 874 780 920 Rivadeneira,

266 939 334 977 Ex
352 938 673 977 commissione
693 938 837 975 Patris
857 937 982 974 Pauli
1002 936 1038 974 d'
1059 937 1259 984 Achillis,

314 1005 434 1043 Patri
453 1004 622 1052 Ignatio
641 1003 694 1040 de
714 1002 898 1050 Loyola.

362 1070 595 1115 Panormo,
615 1067 662 1105 28
680 1067 873 1114 Augusti
901 1067 992 1104 1552
1013 1067 1037 1101 ¹.

913 1243 1017 1332 ὣς,

233 1422 301 1463 La
331 1422 485 1473 gratia
513 1428 558 1462 et
584 1433 700 1472 pace
730 1421 775 1461 di
804 1421 987 1461 Christo
1016 1419 1187 1460 Nostro
1217 1418 1418 1469 signore
1447 1417 1517 1457 sia
1538 1429 1723 1468 sempre
1744 1425 1788 1457 et

153 1505 317 1534 cresca
338 1493 448 1534 nelli
468 1493 598 1533 cuori
619 1493 782 1532 nostri.
811 1492 978 1532 Arnen.

233 1564 401 1616 Doppo
423 1563 509 1604 che
530 1564 605 1604 nel
624 1563 856 1616 principio
874 1563 920 1603 di
940 1562 1131 1614 Maggio
1150 1560 1451 1604 scrivessimo
1476 1560 1566 1600 alla
1588 1559 1637 1599 Ρ.
1662 1559 1722 1599 V.
1746 1559 1792 1599 di

153 1642 329 1688 quanto
365 1636 397 1676 il
430 1634 629 1686 signore
658 1634 697 1674 si
727 1646 807 1674 era
835 1633 1037 1685 degnato
1067 1633 1195 1685 quivi
1223 1644 1306 1684 per
1332 1632 1346 1672 i
1371 1631 1512 1671 Padri
1547 1636 1592 1671 et
1621 1630 1794 1670 fratelli

157 1708 276 1747 della
298 1706 590 1758 Compagnia
612 1717 797 1757 operar,
822 1705 926 1745 tutti
947 1716 1029 1756 per
1050 1705 1095 1744 13
1115 1704 1271 1755 gratia
1292 1702 1337 1742 di
1358 1702 1448 1743 Dio
1470 1713 1584 1742 sono
1608 1702 1720 1742 stati
1744 1702 1791 1741 in

155 1778 278 1818 varii
298 1784 343 1818 et
365 1777 516 1817 sancti
537 1776 764 1817 essercitii
784 1775 1126 1816 lodevolmente
1148 1773 1513 1826 occupatissimi,
1538 1772 1613 1813 chi
1630 1772 1678 1812 in
1698 1774 1791 1823 leg-

156 1860 282 1899 gere,
306 1848 381 1888 chi
401 1849 449 1888 in
469 1848 699 1906 predicar,
724 1847 829 1887 altri
858 1847 904 1887 in
931 1846 1187 1896 confessas,
1219 1845 1351 1885 molti
1371 1843 1417 1884 di
1436 1845 1538 1885 loro
1557 1844 1604 1884 in
1625 1843 1737 1883 duoi
1762 1856 1788 1883 o

158 1919 264 1959 tutti
289 1925 357 1959 tre
379 1919 532 1970 questi
561 1918 791 1958 essercitii
812 1918 852 1957 si
881 1929 995 1957 sono
1023 1916 1285 1968 adoperati;
1310 1916 1355 1955 13
1378 1915 1497 1956 onde
1524 1927 1618 1955 non
1644 1926 1794 1966 pocco

159 1991 300 2030 i'rutto
329 1989 429 2029 dell’
461 1989 614 2029 anime
641 2001 697 2029 ne
724 1993 748 2028 6
779 1988 977 2040 seguito,
1013 1988 1043 2027 il
1070 1988 1204 2038 quale
1240 1998 1321 2038 per
1350 1986 1552 2026 sodisfar
1579 1986 1654 2025 all’
1689 1986 1793 2025 ube-

160 2061 324 2101 dienza
348 2060 467 2100 della
489 2059 538 2100 P.
562 2059 621 2099 V.
645 2060 944 2099 brevemente
966 2070 1054 2099 con
1074 2059 1118 2097 la
1140 2064 1355 2108 presente
1377 2057 1551 2097 scrivo,

241 2131 463 2172 Tuttavia
484 2143 640 2171 vanno
663 2129 1021 2170 continuandosi
1042 2141 1129 2169 con
1157 2128 1525 2169 accrescimento
1552 2128 1594 2168 le
1615 2128 1794 2168 confes·

162 2203 280 2242 sioni
307 2208 351 2242 et
381 2201 696 2242 communioni
730 2201 775 2241 di
809 2201 937 2240 molti
972 2201 1092 2240 nella
1122 2205 1283 2239 nostra
1314 2198 1495 2249 chiesa,
1528 2210 1623 2239 non
1657 2210 1809 2238 senza

161 2273 339 2325 grande
355 2272 637 2323 maraviglia
655 2277 699 2311 et
717 2271 1010 2311 edificatione
1028 2270 1073 2310 di
1089 2270 1194 2310 tutti
1209 2270 1256 2309 in
1274 2274 1437 2321 questa
1448 2269 1562 2309 eitta
1573 2269 1795 2321 ;·special-

163 2350 316 2384 mente
337 2344 413 2384 nel
433 2343 637 2394 giubileo
661 2343 707 2382 di
727 2341 819 2383 Sua
842 2341 1027 2382 Santitii
1047 2353 1128 2393 per
1156 2341 1200 2381 13
1220 2352 1337 2392 pace
1359 2340 1426 2380 de'
1449 2339 1648 2392 principi
1679 2340 1797 2380 chri-

164 2415 303 2455 stiani
325 2426 565 2465 eonCeSSO,
588 2413 637 2454 fu
658 2419 788 2453 tanto
810 2413 842 2453 il
863 2424 1090 2452 concorso
1118 2412 1191 2452 del
1215 2412 1383 2463 popolo
1407 2411 1449 2450 d’
1474 2411 1584 2462 ogni
1611 2416 1734 2451 stato
1757 2417 1801 2450 et

166 2485 448 2535 conditione,
469 2485 554 2525 che
571 2485 609 2524 si
627 2484 868 2535 cognobbe
884 2484 1000 2523 bene
1017 2488 1190 2535 quanto
1211 2482 1328 2522 fussi
1351 2483 1395 2521 la
1417 2481 1614 2533 penuria
1633 2481 1681 2521 di
1697 2493 1802 2533 ope-

167 2557 278 2596 rarii
299 2568 382 2608 per
404 2561 536 2595 tanta
563 2566 736 2604 messe,
766 2557 805 2594 si
832 2554 918 2594 che
945 2565 1025 2594 era
1051 2553 1319 2593 necessario
1349 2553 1647 2604 spessissime
1675 2553 1802 2592 volte

167 2628 211 2667 la
241 2627 439 2667 mattina
474 2638 500 2666 3
530 2626 653 2666 buon
680 2625 818 2676 hora,
849 2624 1007 2665 avanti
1036 2623 1121 2664 che
1155 2623 1478 2675 aggiornassi,
1515 2622 1745 2663 che‘tutti
1772 2624 1804 2663 li

167 2703 354 2749 quattro
377 2695 610 2737 sacerdoti
630 2695 676 2736 di
697 2707 808 2736 casa
829 2696 868 2735 si
890 2695 1198 2735 ritrovassino
1219 2695 1267 2734 in
1289 2694 1448 2734 chiesa
1470 2700 1516 2734 et
1535 2693 1620 2734 che
1642 2693 1801 2734 duras-

168 2768 271 2808 sino
292 2780 375 2820 per
398 2768 501 2808 sino
524 2767 612 2807 due
642 2772 686 2807 et
707 2772 777 2807 tre
799 2766 911 2806 hore
933 2766 980 2806 di
999 2772 1147 2815 notte‚
1172 2776 1311 2805 senza
1333 2771 1469 2816 poter
1488 2775 1577 2816 pur
1597 2765 1805 2817 respirar

169 2838 224 2878 ne
254 2839 403 2878 haver
433 2849 614 2890 appena
636 2838 786 2889 spatio
807 2837 852 2877 di
873 2837 1042 2888 pigliar
1063 2849 1126 2876 un
1146 2836 1348 2886 boccon;
1371 2837 1416 2876 13
1442 2836 1546 2876 cual
1567 2847 1678 2876 cosa
1694 2867 1702 2885 ,
1720 2847 1804 2888 per

226 3000 235 3018 ¹
276 3001 524 3038 Autographae
541 3001 572 3027 in
590 3001 668 3028 folio
684 3002 807 3036 duplici
824 3009 854 3028 n.
871 3002 930 3028 106.
