<?xml version="1.0" encoding="UTF-8"?>
<!DOCTYPE html PUBLIC "-//W3C//DTD XHTML 1.0 Transitional//EN"
    "http://www.w3.org/TR/xhtml1/DTD/xhtml1-transitional.dtd">
<html xmlns="http://www.w3.org/1999/xhtml" xml:lang="en" lang="en">
 <head>
  <title>
</title>
<meta http-equiv="Content-Type" content="text/html;charset=utf-8" />
  <meta name='ocr-system' content='tesseract 3.04.00' />
  <meta name='ocr-capabilities' content='ocr_page ocr_carea ocr_par ocr_line ocrx_word'/>
</head>
<body>
  <div class='ocr_page' id='page_1' title='image "./litteraequadrime13lain_0321.png"; bbox 0 0 2074 3179; ppageno 0'>
   <div class='ocr_carea' id='block_1_1' title="bbox 950 155 1870 193">
    <p class='ocr_par' dir='ltr' id='par_1_1' title="bbox 950 155 1870 193">
     <span class='ocr_line' id='line_1_1' title="bbox 950 155 1870 193; baseline -0.001 -1"><span class='ocrx_word' id='word_1_1' title='bbox 950 156 1033 193; x_wconf 75' lang='grc' dir='ltr'>ΛΝ.</span> <span class='ocrx_word' id='word_1_2' title='bbox 1066 155 1152 192; x_wconf 70' lang='grc'><strong>1551</strong></span> <span class='ocrx_word' id='word_1_3' title='bbox 1798 155 1870 193; x_wconf 86' lang='grc'>317</span> 
     </span>
    </p>
   </div>
   <div class='ocr_carea' id='block_1_2' title="bbox 216 251 1869 2708">
    <p class='ocr_par' dir='ltr' id='par_1_2' title="bbox 239 251 1867 373">
     <span class='ocr_line' id='line_1_2' title="bbox 240 251 1867 302; baseline -0.001 -11"><span class='ocrx_word' id='word_1_4' title='bbox 240 252 345 292; x_wconf 90' lang='lat' dir='ltr'>dine</span> <span class='ocrx_word' id='word_1_5' title='bbox 368 252 688 292; x_wconf 78' lang='lat' dir='ltr'>laborantibus</span> <span class='ocrx_word' id='word_1_6' title='bbox 719 252 945 302; x_wconf 77' lang='lat' dir='ltr'>accimus,</span> <span class='ocrx_word' id='word_1_7' title='bbox 978 257 1026 291; x_wconf 93' lang='lat' dir='ltr'>ut</span> <span class='ocrx_word' id='word_1_8' title='bbox 1057 257 1357 302; x_wconf 89' lang='lat' dir='ltr'>peccatorum</span> <span class='ocrx_word' id='word_1_9' title='bbox 1379 261 1518 289; x_wconf 91' lang='lat' dir='ltr'>onere</span> <span class='ocrx_word' id='word_1_10' title='bbox 1547 257 1591 289; x_wconf 88' lang='lat' dir='ltr'>et</span> <span class='ocrx_word' id='word_1_11' title='bbox 1618 251 1867 301; x_wconf 82' lang='lat' dir='ltr'>aegritudi-</span> 
     </span>
     <span class='ocr_line' id='line_1_3' title="bbox 239 320 1862 373; baseline 0 -12"><span class='ocrx_word' id='word_1_12' title='bbox 239 322 311 361; x_wconf 85' lang='lat' dir='ltr'>nis</span> <span class='ocrx_word' id='word_1_13' title='bbox 340 321 617 370; x_wconf 80' lang='lat' dir='ltr'>acerbitate,</span> <span class='ocrx_word' id='word_1_14' title='bbox 650 333 769 373; x_wconf 90' lang='lat' dir='ltr'>quae</span> <span class='ocrx_word' id='word_1_15' title='bbox 799 322 1021 373; x_wconf 77' lang='lat' dir='ltr'>pleraque</span> <span class='ocrx_word' id='word_1_16' title='bbox 1054 327 1247 372; x_wconf 85' lang='lat' dir='ltr'>peccata</span> <span class='ocrx_word' id='word_1_17' title='bbox 1278 320 1549 370; x_wconf 87' lang='lat' dir='ltr'>comitatur,</span> <span class='ocrx_word' id='word_1_18' title='bbox 1582 321 1862 361; x_wconf 76' lang='lat' dir='ltr'>releventur.</span> 
     </span>
    </p>

    <p class='ocr_par' dir='ltr' id='par_1_3' title="bbox 233 391 1869 797">
     <span class='ocr_line' id='line_1_4' title="bbox 315 391 1865 444; baseline -0.001 -12"><span class='ocrx_word' id='word_1_19' title='bbox 315 391 365 432; x_wconf 90' lang='grc' dir='ltr'>Ρ.</span> <span class='ocrx_word' id='word_1_20' title='bbox 407 392 574 432; x_wconf 81' lang='lat' dir='ltr'>Daniel</span> <span class='ocrx_word' id='word_1_21' title='bbox 613 392 621 410; x_wconf 86' lang='lat'>¹</span> <span class='ocrx_word' id='word_1_22' title='bbox 658 392 781 444; x_wconf 85' lang='lat' dir='ltr'>apud</span> <span class='ocrx_word' id='word_1_23' title='bbox 818 392 1046 432; x_wconf 82' lang='lat' dir='ltr'>foeminas</span> <span class='ocrx_word' id='word_1_24' title='bbox 1086 391 1391 442; x_wconf 88' lang='lat' dir='ltr'>poenitentes,</span> <span class='ocrx_word' id='word_1_25' title='bbox 1433 396 1477 429; x_wconf 92' lang='lat' dir='ltr'>et</span> <span class='ocrx_word' id='word_1_26' title='bbox 1518 391 1577 430; x_wconf 89' lang='lat' dir='ltr'>ad</span> <span class='ocrx_word' id='word_1_27' title='bbox 1598 391 1865 441; x_wconf 88' lang='lat' dir='ltr'>puritatem,</span> 
     </span>
     <span class='ocr_line' id='line_1_5' title="bbox 235 461 1869 515; baseline -0.001 -13"><span class='ocrx_word' id='word_1_28' title='bbox 235 463 409 503; x_wconf 82' lang='lat' dir='ltr'>Christi</span> <span class='ocrx_word' id='word_1_29' title='bbox 449 463 687 513; x_wconf 86' lang='lat' dir='ltr'>beneficio,</span> <span class='ocrx_word' id='word_1_30' title='bbox 731 475 787 503; x_wconf 81' lang='lat' dir='ltr'>ex</span> <span class='ocrx_word' id='word_1_31' title='bbox 830 464 1096 515; x_wconf 88' lang='lat' dir='ltr'>impuritate</span> <span class='ocrx_word' id='word_1_32' title='bbox 1135 473 1410 511; x_wconf 85' lang='lat' dir='ltr'>conversas,</span> <span class='ocrx_word' id='word_1_33' title='bbox 1435 461 1679 501; x_wconf 80' lang='lat' dir='ltr'>dominicis</span> <span class='ocrx_word' id='word_1_34' title='bbox 1706 462 1869 501; x_wconf 88' lang='lat' dir='ltr'>diebus</span> 
     </span>
     <span class='ocr_line' id='line_1_6' title="bbox 234 532 1865 585; baseline -0.001 -12"><span class='ocrx_word' id='word_1_35' title='bbox 234 534 428 584; x_wconf 89' lang='lat' dir='ltr'>singulis</span> <span class='ocrx_word' id='word_1_36' title='bbox 450 534 722 574; x_wconf 81' lang='lat' dir='ltr'>concionem</span> <span class='ocrx_word' id='word_1_37' title='bbox 744 534 898 574; x_wconf 88' lang='lat' dir='ltr'>habet.</span> <span class='ocrx_word' id='word_1_38' title='bbox 922 534 1041 585; x_wconf 87' lang='lat' dir='ltr'>Mgr.</span> <span class='ocrx_word' id='word_1_39' title='bbox 1061 545 1242 585; x_wconf 90' lang='lat' dir='ltr'>quoque</span> <span class='ocrx_word' id='word_1_40' title='bbox 1259 532 1459 572; x_wconf 79' lang='lat' dir='ltr'>Michael</span> <span class='ocrx_word' id='word_1_41' title='bbox 1476 532 1696 583; x_wconf 83' lang='lat' dir='ltr'>Botellus,</span> <span class='ocrx_word' id='word_1_42' title='bbox 1715 532 1865 583; x_wconf 90' lang='lat' dir='ltr'>primo</span> 
     </span>
     <span class='ocr_line' id='line_1_7' title="bbox 234 602 1867 656; baseline -0.001 -12"><span class='ocrx_word' id='word_1_43' title='bbox 234 604 306 644; x_wconf 92' lang='lat' dir='ltr'>die</span> <span class='ocrx_word' id='word_1_44' title='bbox 333 605 514 645; x_wconf 87' lang='lat' dir='ltr'>sabbati</span> <span class='ocrx_word' id='word_1_45' title='bbox 542 604 785 656; x_wconf 88' lang='lat' dir='ltr'>cujuslibet</span> <span class='ocrx_word' id='word_1_46' title='bbox 812 605 984 645; x_wconf 87' lang='lat' dir='ltr'>mensis</span> <span class='ocrx_word' id='word_1_47' title='bbox 1008 604 1349 656; x_wconf 82' lang='lat' dir='ltr'>peccatricibus</span> <span class='ocrx_word' id='word_1_48' title='bbox 1370 602 1655 653; x_wconf 89' lang='lat' dir='ltr'>mulieribus,</span> <span class='ocrx_word' id='word_1_49' title='bbox 1687 603 1734 642; x_wconf 90' lang='lat' dir='ltr'>in</span> <span class='ocrx_word' id='word_1_50' title='bbox 1755 603 1867 643; x_wconf 79' lang='lat' dir='ltr'>Divi</span> 
     </span>
     <span class='ocr_line' id='line_1_8' title="bbox 233 673 1865 727; baseline -0.001 -11"><span class='ocrx_word' id='word_1_51' title='bbox 233 674 452 716; x_wconf 85' lang='lat' dir='ltr'>Andreae</span> <span class='ocrx_word' id='word_1_52' title='bbox 483 676 617 724; x_wconf 85' lang='lat' dir='ltr'>aede,</span> <span class='ocrx_word' id='word_1_53' title='bbox 651 676 799 727; x_wconf 87' lang='lat' dir='ltr'>prima</span> <span class='ocrx_word' id='word_1_54' title='bbox 829 676 1062 716; x_wconf 82' lang='lat' dir='ltr'>dominica</span> <span class='ocrx_word' id='word_1_55' title='bbox 1092 675 1264 714; x_wconf 83' lang='lat' dir='ltr'>mensis</span> <span class='ocrx_word' id='word_1_56' title='bbox 1291 673 1594 714; x_wconf 87' lang='lat' dir='ltr'>nobilissimis</span> <span class='ocrx_word' id='word_1_57' title='bbox 1620 674 1865 723; x_wconf 87' lang='lat' dir='ltr'>matronis,</span> 
     </span>
     <span class='ocr_line' id='line_1_9' title="bbox 233 746 1404 797; baseline -0.002 -11"><span class='ocrx_word' id='word_1_58' title='bbox 233 747 279 786; x_wconf 91' lang='lat' dir='ltr'>in</span> <span class='ocrx_word' id='word_1_59' title='bbox 300 746 411 786; x_wconf 91' lang='lat' dir='ltr'>Divi</span> <span class='ocrx_word' id='word_1_60' title='bbox 433 746 646 797; x_wconf 86' lang='lat' dir='ltr'>Antonii,</span> <span class='ocrx_word' id='word_1_61' title='bbox 672 759 765 787; x_wconf 90' lang='lat' dir='ltr'>non</span> <span class='ocrx_word' id='word_1_62' title='bbox 787 747 884 787; x_wconf 91' lang='lat' dir='ltr'>sine</span> <span class='ocrx_word' id='word_1_63' title='bbox 906 746 1062 786; x_wconf 88' lang='lat' dir='ltr'>fructu</span> <span class='ocrx_word' id='word_1_64' title='bbox 1083 746 1404 786; x_wconf 90' lang='lat' dir='ltr'>concionatur.</span> 
     </span>
    </p>

    <p class='ocr_par' dir='ltr' id='par_1_4' title="bbox 226 815 1866 1505">
     <span class='ocr_line' id='line_1_10' title="bbox 313 815 1866 869; baseline -0.003 -11"><span class='ocrx_word' id='word_1_65' title='bbox 313 818 429 858; x_wconf 87' lang='lat' dir='ltr'>Cum</span> <span class='ocrx_word' id='word_1_66' title='bbox 460 818 591 858; x_wconf 90' lang='lat' dir='ltr'>multi</span> <span class='ocrx_word' id='word_1_67' title='bbox 615 818 825 869; x_wconf 76' lang='lat' dir='ltr'>juvenes,</span> <span class='ocrx_word' id='word_1_68' title='bbox 856 817 1013 857; x_wconf 77' lang='lat' dir='ltr'>divino</span> <span class='ocrx_word' id='word_1_69' title='bbox 1043 817 1150 868; x_wconf 84' lang='lat' dir='ltr'>igne</span> <span class='ocrx_word' id='word_1_70' title='bbox 1178 816 1356 856; x_wconf 86' lang='lat' dir='ltr'>incensi</span> <span class='ocrx_word' id='word_1_71' title='bbox 1377 823 1421 856; x_wconf 87' lang='lat' dir='ltr'>et</span> <span class='ocrx_word' id='word_1_72' title='bbox 1443 815 1701 856; x_wconf 86' lang='lat' dir='ltr'>incredibili</span> <span class='ocrx_word' id='word_1_73' title='bbox 1719 815 1866 866; x_wconf 86' lang='lat' dir='ltr'>perfe-</span> 
     </span>
     <span class='ocr_line' id='line_1_11' title="bbox 233 887 1864 939; baseline -0.001 -11"><span class='ocrx_word' id='word_1_74' title='bbox 233 889 398 928; x_wconf 86' lang='lat' dir='ltr'>ctionis</span> <span class='ocrx_word' id='word_1_75' title='bbox 430 889 682 939; x_wconf 86' lang='lat' dir='ltr'>cupiditate</span> <span class='ocrx_word' id='word_1_76' title='bbox 711 889 984 939; x_wconf 81' lang='lat' dir='ltr'>flagrantes,</span> <span class='ocrx_word' id='word_1_77' title='bbox 1023 888 1192 927; x_wconf 79' lang='lat' dir='ltr'>obnixe</span> <span class='ocrx_word' id='word_1_78' title='bbox 1221 887 1473 927; x_wconf 87' lang='lat' dir='ltr'>admodum</span> <span class='ocrx_word' id='word_1_79' title='bbox 1500 893 1549 927; x_wconf 91' lang='lat' dir='ltr'>ut</span> <span class='ocrx_word' id='word_1_80' title='bbox 1577 887 1623 926; x_wconf 91' lang='lat' dir='ltr'>in</span> <span class='ocrx_word' id='word_1_81' title='bbox 1652 891 1864 926; x_wconf 89' lang='lat' dir='ltr'>nostram</span> 
     </span>
     <span class='ocr_line' id='line_1_12' title="bbox 231 957 1864 1010; baseline -0.001 -12"><span class='ocrx_word' id='word_1_82' title='bbox 231 958 514 999; x_wconf 84' lang='lat' dir='ltr'>Societatem</span> <span class='ocrx_word' id='word_1_83' title='bbox 548 960 865 1010; x_wconf 85' lang='lat' dir='ltr'>reciperentur</span> <span class='ocrx_word' id='word_1_84' title='bbox 900 970 985 998; x_wconf 92' lang='lat' dir='ltr'>nos</span> <span class='ocrx_word' id='word_1_85' title='bbox 1016 959 1332 1008; x_wconf 87' lang='lat' dir='ltr'>obsecrarent,</span> <span class='ocrx_word' id='word_1_86' title='bbox 1364 971 1422 997; x_wconf 75' lang='lat' dir='ltr'>ex</span> <span class='ocrx_word' id='word_1_87' title='bbox 1444 958 1499 997; x_wconf 88' lang='lat' dir='ltr'>iis</span> <span class='ocrx_word' id='word_1_88' title='bbox 1526 963 1747 1009; x_wconf 86' lang='lat' dir='ltr'>quatuor,</span> <span class='ocrx_word' id='word_1_89' title='bbox 1786 957 1864 1008; x_wconf 90' lang='lat' dir='ltr'>qui</span> 
     </span>
     <span class='ocr_line' id='line_1_13' title="bbox 231 1028 1864 1079; baseline -0.001 -11"><span class='ocrx_word' id='word_1_90' title='bbox 231 1035 392 1069; x_wconf 89' lang='lat' dir='ltr'>nostro</span> <span class='ocrx_word' id='word_1_91' title='bbox 421 1030 632 1070; x_wconf 90' lang='lat' dir='ltr'>instituto</span> <span class='ocrx_word' id='word_1_92' title='bbox 665 1029 1005 1069; x_wconf 88' lang='lat' dir='ltr'>commodiores</span> <span class='ocrx_word' id='word_1_93' title='bbox 1039 1029 1338 1079; x_wconf 83' lang='lat' dir='ltr'>videbantur,</span> <span class='ocrx_word' id='word_1_94' title='bbox 1373 1028 1565 1068; x_wconf 86' lang='lat' dir='ltr'>admissi</span> <span class='ocrx_word' id='word_1_95' title='bbox 1592 1033 1719 1078; x_wconf 82' lang='lat' dir='ltr'>sunt;</span> <span class='ocrx_word' id='word_1_96' title='bbox 1754 1039 1864 1079; x_wconf 88' lang='lat' dir='ltr'>quo-</span> 
     </span>
     <span class='ocr_line' id='line_1_14' title="bbox 230 1099 1862 1150; baseline -0.001 -10"><span class='ocrx_word' id='word_1_97' title='bbox 230 1111 334 1140; x_wconf 91' lang='lat' dir='ltr'>rum</span> <span class='ocrx_word' id='word_1_98' title='bbox 360 1112 479 1140; x_wconf 83' lang='lat' dir='ltr'>unus</span> <span class='ocrx_word' id='word_1_99' title='bbox 510 1101 775 1140; x_wconf 84' lang='lat' dir='ltr'>Florentiae</span> <span class='ocrx_word' id='word_1_100' title='bbox 803 1106 961 1150; x_wconf 86' lang='lat' dir='ltr'>natus,</span> <span class='ocrx_word' id='word_1_101' title='bbox 995 1100 1310 1140; x_wconf 89' lang='lat' dir='ltr'>Gubernatori</span> <span class='ocrx_word' id='word_1_102' title='bbox 1339 1099 1632 1150; x_wconf 85' lang='lat' dir='ltr'>Montisregii</span> <span class='ocrx_word' id='word_1_103' title='bbox 1660 1104 1862 1150; x_wconf 89' lang='lat' dir='ltr'>praeter-</span> 
     </span>
     <span class='ocr_line' id='line_1_15' title="bbox 228 1169 1862 1222; baseline 0 -12"><span class='ocrx_word' id='word_1_104' title='bbox 228 1171 293 1211; x_wconf 90' lang='lat' dir='ltr'>ito</span> <span class='ocrx_word' id='word_1_105' title='bbox 315 1171 722 1222; x_wconf 87' lang='lat' dir='ltr'>consanguinitate</span> <span class='ocrx_word' id='word_1_106' title='bbox 744 1172 1033 1222; x_wconf 89' lang='lat' dir='ltr'>propinquus</span> <span class='ocrx_word' id='word_1_107' title='bbox 1063 1177 1146 1210; x_wconf 88' lang='lat' dir='ltr'>est.</span> <span class='ocrx_word' id='word_1_108' title='bbox 1177 1171 1477 1221; x_wconf 84' lang='lat' dir='ltr'>Reliquorum</span> <span class='ocrx_word' id='word_1_109' title='bbox 1507 1170 1597 1210; x_wconf 93' lang='lat' dir='ltr'>duo</span> <span class='ocrx_word' id='word_1_110' title='bbox 1624 1169 1862 1210; x_wconf 88' lang='lat' dir='ltr'>Panormi-</span> 
     </span>
     <span class='ocr_line' id='line_1_16' title="bbox 230 1241 1859 1293; baseline -0.001 -12"><span class='ocrx_word' id='word_1_111' title='bbox 230 1242 346 1292; x_wconf 88' lang='lat' dir='ltr'>tani‚</span> <span class='ocrx_word' id='word_1_112' title='bbox 380 1242 545 1281; x_wconf 88' lang='lat' dir='ltr'>tertius</span> <span class='ocrx_word' id='word_1_113' title='bbox 580 1242 690 1281; x_wconf 91' lang='lat' dir='ltr'>item</span> <span class='ocrx_word' id='word_1_114' title='bbox 716 1242 900 1282; x_wconf 84' lang='lat' dir='ltr'>Siculus</span> <span class='ocrx_word' id='word_1_115' title='bbox 930 1249 1018 1290; x_wconf 87' lang='lat' dir='ltr'>est;</span> <span class='ocrx_word' id='word_1_116' title='bbox 1051 1253 1211 1282; x_wconf 91' lang='lat' dir='ltr'>omnes</span> <span class='ocrx_word' id='word_1_117' title='bbox 1241 1242 1426 1293; x_wconf 89' lang='lat' dir='ltr'>optimis</span> <span class='ocrx_word' id='word_1_118' title='bbox 1456 1241 1727 1292; x_wconf 87' lang='lat' dir='ltr'>parentibus</span> <span class='ocrx_word' id='word_1_119' title='bbox 1755 1241 1859 1281; x_wconf 84' lang='lat' dir='ltr'>orti.</span> 
     </span>
     <span class='ocr_line' id='line_1_17' title="bbox 227 1311 1858 1364; baseline -0.001 -12"><span class='ocrx_word' id='word_1_120' title='bbox 227 1312 330 1363; x_wconf 86' lang='lat' dir='ltr'>Qui,</span> <span class='ocrx_word' id='word_1_121' title='bbox 353 1318 601 1363; x_wconf 85' lang='lat' dir='ltr'>postquam</span> <span class='ocrx_word' id='word_1_122' title='bbox 623 1313 824 1363; x_wconf 88' lang='lat' dir='ltr'>ingressi</span> <span class='ocrx_word' id='word_1_123' title='bbox 846 1319 971 1362; x_wconf 88' lang='lat' dir='ltr'>sunt,</span> <span class='ocrx_word' id='word_1_124' title='bbox 995 1325 1087 1352; x_wconf 89' lang='lat' dir='ltr'>non</span> <span class='ocrx_word' id='word_1_125' title='bbox 1107 1324 1274 1364; x_wconf 89' lang='lat' dir='ltr'>parum</span> <span class='ocrx_word' id='word_1_126' title='bbox 1292 1313 1338 1352; x_wconf 91' lang='lat' dir='ltr'>in</span> <span class='ocrx_word' id='word_1_127' title='bbox 1360 1312 1525 1363; x_wconf 85' lang='lat' dir='ltr'>spiritu</span> <span class='ocrx_word' id='word_1_128' title='bbox 1543 1311 1858 1363; x_wconf 89' lang='lat' dir='ltr'>profecerunt,</span> 
     </span>
     <span class='ocr_line' id='line_1_18' title="bbox 226 1382 1864 1435; baseline -0.001 -12"><span class='ocrx_word' id='word_1_129' title='bbox 226 1389 271 1423; x_wconf 90' lang='lat' dir='ltr'>et</span> <span class='ocrx_word' id='word_1_130' title='bbox 303 1383 350 1422; x_wconf 92' lang='lat' dir='ltr'>in</span> <span class='ocrx_word' id='word_1_131' title='bbox 383 1383 480 1423; x_wconf 89' lang='lat' dir='ltr'>dies</span> <span class='ocrx_word' id='word_1_132' title='bbox 517 1384 670 1434; x_wconf 89' lang='lat' dir='ltr'>magis</span> <span class='ocrx_word' id='word_1_133' title='bbox 705 1384 949 1435; x_wconf 76' lang='lat' dir='ltr'>magisque</span> <span class='ocrx_word' id='word_1_134' title='bbox 985 1383 1043 1423; x_wconf 88' lang='lat' dir='ltr'>ad</span> <span class='ocrx_word' id='word_1_135' title='bbox 1077 1383 1377 1434; x_wconf 87' lang='lat' dir='ltr'>perfectionis</span> <span class='ocrx_word' id='word_1_136' title='bbox 1408 1382 1648 1433; x_wconf 82' lang='lat' dir='ltr'>fastigium</span> <span class='ocrx_word' id='word_1_137' title='bbox 1682 1394 1864 1422; x_wconf 88' lang='lat' dir='ltr'>summo</span> 
     </span>
     <span class='ocr_line' id='line_1_19' title="bbox 226 1453 882 1505; baseline 0.002 -12"><span class='ocrx_word' id='word_1_138' title='bbox 226 1465 331 1494; x_wconf 90' lang='lat' dir='ltr'>cum</span> <span class='ocrx_word' id='word_1_139' title='bbox 354 1454 529 1505; x_wconf 88' lang='lat' dir='ltr'>impetu</span> <span class='ocrx_word' id='word_1_140' title='bbox 557 1454 832 1494; x_wconf 89' lang='lat' dir='ltr'>adnituntur</span> <span class='ocrx_word' id='word_1_141' title='bbox 854 1453 882 1494; x_wconf 67' lang='lat'>².</span> 
     </span>
    </p>

    <p class='ocr_par' dir='ltr' id='par_1_5' title="bbox 217 1523 1859 2284">
     <span class='ocr_line' id='line_1_20' title="bbox 301 1523 1854 1575; baseline -0.001 -11"><span class='ocrx_word' id='word_1_142' title='bbox 301 1524 400 1564; x_wconf 92' lang='lat' dir='ltr'>Hos</span> <span class='ocrx_word' id='word_1_143' title='bbox 420 1524 541 1564; x_wconf 62' lang='lat' dir='ltr'>Rdus</span> <span class='ocrx_word' id='word_1_144' title='bbox 564 1525 611 1564; x_wconf 90' lang='lat' dir='ltr'>in</span> <span class='ocrx_word' id='word_1_145' title='bbox 643 1525 830 1565; x_wconf 89' lang='lat' dir='ltr'>Christo</span> <span class='ocrx_word' id='word_1_146' title='bbox 852 1524 991 1564; x_wconf 87' lang='lat' dir='ltr'>Pater</span> <span class='ocrx_word' id='word_1_147' title='bbox 1019 1524 1336 1575; x_wconf 86' lang='lat' dir='ltr'>Hieronymus</span> <span class='ocrx_word' id='word_1_148' title='bbox 1369 1523 1548 1563; x_wconf 83' lang='lat' dir='ltr'>Natalis</span> <span class='ocrx_word' id='word_1_149' title='bbox 1572 1523 1618 1563; x_wconf 89' lang='lat' dir='ltr'>in</span> <span class='ocrx_word' id='word_1_150' title='bbox 1645 1524 1854 1563; x_wconf 89' lang='lat' dir='ltr'>membro</span> 
     </span>
     <span class='ocr_line' id='line_1_21' title="bbox 227 1593 1857 1647; baseline -0.001 -12"><span class='ocrx_word' id='word_1_151' title='bbox 227 1595 391 1635; x_wconf 91' lang='lat' dir='ltr'>domus</span> <span class='ocrx_word' id='word_1_152' title='bbox 413 1608 440 1635; x_wconf 89' lang='lat' dir='ltr'>a</span> <span class='ocrx_word' id='word_1_153' title='bbox 461 1595 595 1635; x_wconf 90' lang='lat' dir='ltr'>nobis</span> <span class='ocrx_word' id='word_1_154' title='bbox 617 1595 826 1647; x_wconf 89' lang='lat' dir='ltr'>sejuncto</span> <span class='ocrx_word' id='word_1_155' title='bbox 848 1595 1118 1645; x_wconf 88' lang='lat' dir='ltr'>collocavit,</span> <span class='ocrx_word' id='word_1_156' title='bbox 1150 1601 1288 1646; x_wconf 89' lang='lat' dir='ltr'>atque</span> <span class='ocrx_word' id='word_1_157' title='bbox 1309 1593 1358 1633; x_wconf 81' lang='lat' dir='ltr'>P.</span> <span class='ocrx_word' id='word_1_158' title='bbox 1382 1594 1570 1633; x_wconf 82' lang='lat' dir='ltr'>Petrum</span> <span class='ocrx_word' id='word_1_159' title='bbox 1592 1593 1857 1634; x_wconf 85' lang='lat' dir='ltr'>Venustum</span> 
     </span>
     <span class='ocr_line' id='line_1_22' title="bbox 223 1664 1859 1718; baseline -0.001 -12"><span class='ocrx_word' id='word_1_160' title='bbox 223 1666 288 1706; x_wconf 93' lang='lat' dir='ltr'>eis</span> <span class='ocrx_word' id='word_1_161' title='bbox 325 1666 573 1717; x_wconf 87' lang='lat' dir='ltr'>praefecit,</span> <span class='ocrx_word' id='word_1_162' title='bbox 618 1667 696 1718; x_wconf 90' lang='lat' dir='ltr'>qui</span> <span class='ocrx_word' id='word_1_163' title='bbox 735 1666 963 1717; x_wconf 83' lang='lat' dir='ltr'>singulari</span> <span class='ocrx_word' id='word_1_164' title='bbox 1006 1665 1253 1716; x_wconf 72' lang='lat' dir='ltr'>vigilantia</span> <span class='ocrx_word' id='word_1_165' title='bbox 1297 1672 1434 1716; x_wconf 88' lang='lat' dir='ltr'>atque</span> <span class='ocrx_word' id='word_1_166' title='bbox 1478 1664 1650 1704; x_wconf 81' lang='lat' dir='ltr'>virtute</span> <span class='ocrx_word' id='word_1_167' title='bbox 1695 1676 1859 1704; x_wconf 86' lang='lat' dir='ltr'>eorum</span> 
     </span>
     <span class='ocr_line' id='line_1_23' title="bbox 223 1735 1859 1787; baseline -0.001 -11"><span class='ocrx_word' id='word_1_168' title='bbox 223 1737 429 1776; x_wconf 91' lang='lat' dir='ltr'>omnium</span> <span class='ocrx_word' id='word_1_169' title='bbox 458 1748 619 1777; x_wconf 88' lang='lat' dir='ltr'>curam</span> <span class='ocrx_word' id='word_1_170' title='bbox 647 1737 782 1787; x_wconf 90' lang='lat' dir='ltr'>gerit.</span> <span class='ocrx_word' id='word_1_171' title='bbox 820 1736 924 1776; x_wconf 89' lang='lat' dir='ltr'>Non</span> <span class='ocrx_word' id='word_1_172' title='bbox 953 1736 1119 1776; x_wconf 87' lang='lat' dir='ltr'>desunt</span> <span class='ocrx_word' id='word_1_173' title='bbox 1148 1742 1192 1775; x_wconf 91' lang='lat' dir='ltr'>et</span> <span class='ocrx_word' id='word_1_174' title='bbox 1223 1736 1300 1775; x_wconf 86' lang='lat' dir='ltr'>alii</span> <span class='ocrx_word' id='word_1_175' title='bbox 1331 1736 1521 1785; x_wconf 88' lang='lat' dir='ltr'>ingenui</span> <span class='ocrx_word' id='word_1_176' title='bbox 1551 1735 1859 1787; x_wconf 87' lang='lat' dir='ltr'>liberalesque</span> 
     </span>
     <span class='ocr_line' id='line_1_24' title="bbox 225 1806 1857 1860; baseline -0.001 -13"><span class='ocrx_word' id='word_1_177' title='bbox 225 1808 567 1859; x_wconf 87' lang='lat' dir='ltr'>adolescentes,</span> <span class='ocrx_word' id='word_1_178' title='bbox 601 1808 679 1860; x_wconf 91' lang='lat' dir='ltr'>qui</span> <span class='ocrx_word' id='word_1_179' title='bbox 709 1807 895 1848; x_wconf 90' lang='lat' dir='ltr'>Christo</span> <span class='ocrx_word' id='word_1_180' title='bbox 922 1807 1033 1859; x_wconf 89' lang='lat' dir='ltr'>Jesu</span> <span class='ocrx_word' id='word_1_181' title='bbox 1059 1807 1332 1858; x_wconf 89' lang='lat' dir='ltr'>imperatori</span> <span class='ocrx_word' id='word_1_182' title='bbox 1362 1818 1531 1846; x_wconf 90' lang='lat' dir='ltr'>nomen</span> <span class='ocrx_word' id='word_1_183' title='bbox 1563 1806 1674 1846; x_wconf 89' lang='lat' dir='ltr'>dare</span> <span class='ocrx_word' id='word_1_184' title='bbox 1705 1811 1749 1846; x_wconf 90' lang='lat' dir='ltr'>et</span> <span class='ocrx_word' id='word_1_185' title='bbox 1784 1818 1857 1846; x_wconf 93' lang='lat' dir='ltr'>eo-</span> 
     </span>
     <span class='ocr_line' id='line_1_25' title="bbox 222 1876 1858 1928; baseline -0.001 -10"><span class='ocrx_word' id='word_1_186' title='bbox 222 1878 327 1918; x_wconf 92' lang='lat' dir='ltr'>dem</span> <span class='ocrx_word' id='word_1_187' title='bbox 348 1885 644 1919; x_wconf 90' lang='lat' dir='ltr'>sacramento</span> <span class='ocrx_word' id='word_1_188' title='bbox 665 1879 859 1919; x_wconf 86' lang='lat' dir='ltr'>militiae</span> <span class='ocrx_word' id='word_1_189' title='bbox 881 1889 983 1918; x_wconf 91' lang='lat' dir='ltr'>sese</span> <span class='ocrx_word' id='word_1_190' title='bbox 1006 1878 1301 1928; x_wconf 83' lang='lat' dir='ltr'>adstringere</span> <span class='ocrx_word' id='word_1_191' title='bbox 1333 1878 1379 1917; x_wconf 90' lang='lat' dir='ltr'>in</span> <span class='ocrx_word' id='word_1_192' title='bbox 1409 1878 1497 1916; x_wconf 83' lang='lat' dir='ltr'>nac</span> <span class='ocrx_word' id='word_1_193' title='bbox 1519 1883 1683 1917; x_wconf 88' lang='lat' dir='ltr'>sancta</span> <span class='ocrx_word' id='word_1_194' title='bbox 1705 1876 1858 1917; x_wconf 86' lang='lat' dir='ltr'>Socie-</span> 
     </span>
     <span class='ocr_line' id='line_1_26' title="bbox 223 1947 1856 2001; baseline -0.001 -12"><span class='ocrx_word' id='word_1_195' title='bbox 223 1956 319 1989; x_wconf 88' lang='lat' dir='ltr'>tate</span> <span class='ocrx_word' id='word_1_196' title='bbox 353 1950 715 2001; x_wconf 88' lang='lat' dir='ltr'>concupiscant,</span> <span class='ocrx_word' id='word_1_197' title='bbox 752 1949 918 2000; x_wconf 90' lang='lat' dir='ltr'>quibus</span> <span class='ocrx_word' id='word_1_198' title='bbox 952 1960 1038 1988; x_wconf 92' lang='lat' dir='ltr'>nos</span> <span class='ocrx_word' id='word_1_199' title='bbox 1074 1960 1203 1999; x_wconf 91' lang='lat' dir='ltr'>spem</span> <span class='ocrx_word' id='word_1_200' title='bbox 1238 1947 1374 1987; x_wconf 81' lang='lat' dir='ltr'>modo</span> <span class='ocrx_word' id='word_1_201' title='bbox 1411 1948 1575 1988; x_wconf 88' lang='lat' dir='ltr'>damus</span> <span class='ocrx_word' id='word_1_202' title='bbox 1609 1954 1658 1987; x_wconf 89' lang='lat' dir='ltr'>ut</span> <span class='ocrx_word' id='word_1_203' title='bbox 1693 1959 1856 1987; x_wconf 88' lang='lat' dir='ltr'>eorum</span> 
     </span>
     <span class='ocr_line' id='line_1_27' title="bbox 224 2018 1859 2072; baseline -0.001 -12"><span class='ocrx_word' id='word_1_204' title='bbox 224 2021 539 2060; x_wconf 86' lang='lat' dir='ltr'>constantiam</span> <span class='ocrx_word' id='word_1_205' title='bbox 578 2020 833 2072; x_wconf 82' lang='lat' dir='ltr'>periclitari</span> <span class='ocrx_word' id='word_1_206' title='bbox 873 2026 918 2059; x_wconf 86' lang='lat' dir='ltr'>et</span> <span class='ocrx_word' id='word_1_207' title='bbox 957 2019 1164 2059; x_wconf 88' lang='lat' dir='ltr'>animum</span> <span class='ocrx_word' id='word_1_208' title='bbox 1203 2020 1498 2070; x_wconf 77' lang='lat' dir='ltr'>exploratum</span> <span class='ocrx_word' id='word_1_209' title='bbox 1531 2018 1683 2069; x_wconf 88' lang='lat' dir='ltr'>magis</span> <span class='ocrx_word' id='word_1_210' title='bbox 1718 2024 1859 2070; x_wconf 89' lang='lat' dir='ltr'>atque</span> 
     </span>
     <span class='ocr_line' id='line_1_28' title="bbox 223 2089 1855 2142; baseline -0.002 -11"><span class='ocrx_word' id='word_1_211' title='bbox 223 2097 521 2142; x_wconf 87' lang='lat' dir='ltr'>perspectum</span> <span class='ocrx_word' id='word_1_212' title='bbox 555 2091 727 2131; x_wconf 89' lang='lat' dir='ltr'>habere</span> <span class='ocrx_word' id='word_1_213' title='bbox 754 2091 1003 2142; x_wconf 92' lang='lat' dir='ltr'>possimus.</span> <span class='ocrx_word' id='word_1_214' title='bbox 1041 2089 1202 2140; x_wconf 86' lang='lat' dir='ltr'>ltaque</span> <span class='ocrx_word' id='word_1_215' title='bbox 1237 2096 1417 2129; x_wconf 89' lang='lat' dir='ltr'>tantum</span> <span class='ocrx_word' id='word_1_216' title='bbox 1439 2089 1570 2129; x_wconf 89' lang='lat' dir='ltr'>abest</span> <span class='ocrx_word' id='word_1_217' title='bbox 1604 2094 1654 2128; x_wconf 94' lang='lat' dir='ltr'>ut</span> <span class='ocrx_word' id='word_1_218' title='bbox 1692 2100 1855 2129; x_wconf 88' lang='lat' dir='ltr'>eorum</span> 
     </span>
     <span class='ocr_line' id='line_1_29' title="bbox 219 2159 1855 2213; baseline -0.001 -12"><span class='ocrx_word' id='word_1_219' title='bbox 219 2162 494 2213; x_wconf 84' lang='lat' dir='ltr'>languescat</span> <span class='ocrx_word' id='word_1_220' title='bbox 515 2161 720 2201; x_wconf 88' lang='lat' dir='ltr'>studium</span> <span class='ocrx_word' id='word_1_221' title='bbox 741 2167 784 2201; x_wconf 91' lang='lat' dir='ltr'>et</span> <span class='ocrx_word' id='word_1_222' title='bbox 807 2159 982 2212; x_wconf 89' lang='lat' dir='ltr'>aliquid</span> <span class='ocrx_word' id='word_1_223' title='bbox 1002 2160 1058 2200; x_wconf 95' lang='lat' dir='ltr'>de</span> <span class='ocrx_word' id='word_1_224' title='bbox 1078 2160 1156 2211; x_wconf 88' lang='lat' dir='ltr'>pia</span> <span class='ocrx_word' id='word_1_225' title='bbox 1178 2160 1473 2200; x_wconf 89' lang='lat' dir='ltr'>contentione</span> <span class='ocrx_word' id='word_1_226' title='bbox 1501 2160 1781 2211; x_wconf 87' lang='lat' dir='ltr'>remittatur,</span> <span class='ocrx_word' id='word_1_227' title='bbox 1805 2165 1855 2199; x_wconf 88' lang='lat' dir='ltr'>ut</span> 
     </span>
     <span class='ocr_line' id='line_1_30' title="bbox 217 2230 1754 2284; baseline -0.001 -12"><span class='ocrx_word' id='word_1_228' title='bbox 217 2232 420 2284; x_wconf 88' lang='lat' dir='ltr'>quotidie</span> <span class='ocrx_word' id='word_1_229' title='bbox 441 2233 593 2283; x_wconf 90' lang='lat' dir='ltr'>potius</span> <span class='ocrx_word' id='word_1_230' title='bbox 617 2243 870 2283; x_wconf 87' lang='lat' dir='ltr'>augescere</span> <span class='ocrx_word' id='word_1_231' title='bbox 893 2237 1031 2283; x_wconf 87' lang='lat' dir='ltr'>atque</span> <span class='ocrx_word' id='word_1_232' title='bbox 1052 2230 1332 2270; x_wconf 86' lang='lat' dir='ltr'>inflammari</span> <span class='ocrx_word' id='word_1_233' title='bbox 1353 2231 1504 2281; x_wconf 87' lang='lat' dir='ltr'>magis</span> <span class='ocrx_word' id='word_1_234' title='bbox 1526 2230 1754 2271; x_wconf 87' lang='lat' dir='ltr'>videatur.</span> 
     </span>
    </p>

    <p class='ocr_par' dir='ltr' id='par_1_6' title="bbox 216 2302 1851 2708">
     <span class='ocr_line' id='line_1_31' title="bbox 302 2302 1850 2354; baseline 0 -12"><span class='ocrx_word' id='word_1_235' title='bbox 302 2303 595 2354; x_wconf 84' lang='lat' dir='ltr'>Quamquam</span> <span class='ocrx_word' id='word_1_236' title='bbox 615 2303 731 2343; x_wconf 89' lang='lat' dir='ltr'>haec</span> <span class='ocrx_word' id='word_1_237' title='bbox 753 2303 922 2342; x_wconf 85' lang='lat' dir='ltr'>civitas</span> <span class='ocrx_word' id='word_1_238' title='bbox 943 2302 1272 2354; x_wconf 88' lang='lat' dir='ltr'>panormitana</span> <span class='ocrx_word' id='word_1_239' title='bbox 1290 2302 1446 2341; x_wconf 90' lang='lat' dir='ltr'>multis</span> <span class='ocrx_word' id='word_1_240' title='bbox 1467 2302 1695 2342; x_wconf 89' lang='lat' dir='ltr'>hactenus</span> <span class='ocrx_word' id='word_1_241' title='bbox 1713 2313 1850 2353; x_wconf 88' lang='lat' dir='ltr'>argu-</span> 
     </span>
     <span class='ocr_line' id='line_1_32' title="bbox 219 2372 1851 2418; baseline -0.001 -4"><span class='ocrx_word' id='word_1_242' title='bbox 219 2374 388 2414; x_wconf 88' lang='lat' dir='ltr'>mentis</span> <span class='ocrx_word' id='word_1_243' title='bbox 431 2385 563 2413; x_wconf 89' lang='lat' dir='ltr'>suam</span> <span class='ocrx_word' id='word_1_244' title='bbox 592 2374 639 2413; x_wconf 90' lang='lat' dir='ltr'>in</span> <span class='ocrx_word' id='word_1_245' title='bbox 673 2385 759 2413; x_wconf 91' lang='lat' dir='ltr'>nos</span> <span class='ocrx_word' id='word_1_246' title='bbox 791 2373 1164 2413; x_wconf 81' lang='lat' dir='ltr'>benevolentiam</span> <span class='ocrx_word' id='word_1_247' title='bbox 1194 2372 1467 2418; x_wconf 82' lang='lat' dir='ltr'>ostenderit,</span> <span class='ocrx_word' id='word_1_248' title='bbox 1497 2373 1641 2412; x_wconf 91' lang='lat' dir='ltr'>multo</span> <span class='ocrx_word' id='word_1_249' title='bbox 1678 2373 1851 2413; x_wconf 89' lang='lat' dir='ltr'>clarius</span> 
     </span>
     <span class='ocr_line' id='line_1_33' title="bbox 217 2442 1851 2495; baseline -0.001 -10"><span class='ocrx_word' id='word_1_250' title='bbox 217 2452 374 2485; x_wconf 91' lang='lat' dir='ltr'>tamen</span> <span class='ocrx_word' id='word_1_251' title='bbox 402 2444 749 2495; x_wconf 88' lang='lat' dir='ltr'>ardentiusque,</span> <span class='ocrx_word' id='word_1_252' title='bbox 779 2455 918 2495; x_wconf 88' lang='lat' dir='ltr'>quam</span> <span class='ocrx_word' id='word_1_253' title='bbox 943 2450 1133 2495; x_wconf 89' lang='lat' dir='ltr'>gratum</span> <span class='ocrx_word' id='word_1_254' title='bbox 1167 2455 1223 2483; x_wconf 87' lang='lat' dir='ltr'>ac</span> <span class='ocrx_word' id='word_1_255' title='bbox 1253 2442 1510 2494; x_wconf 89' lang='lat' dir='ltr'>jucundum</span> <span class='ocrx_word' id='word_1_256' title='bbox 1529 2449 1741 2483; x_wconf 91' lang='lat' dir='ltr'>nostrum</span> <span class='ocrx_word' id='word_1_257' title='bbox 1762 2443 1851 2483; x_wconf 78' lang='lat' dir='ltr'>illis</span> 
     </span>
     <span class='ocr_line' id='line_1_34' title="bbox 217 2514 1851 2565; baseline -0.001 -10"><span class='ocrx_word' id='word_1_258' title='bbox 217 2522 339 2556; x_wconf 89' lang='lat' dir='ltr'>esset</span> <span class='ocrx_word' id='word_1_259' title='bbox 361 2515 581 2565; x_wconf 85' lang='lat' dir='ltr'>officium,</span> <span class='ocrx_word' id='word_1_260' title='bbox 607 2515 770 2565; x_wconf 86' lang='lat' dir='ltr'>paucis</span> <span class='ocrx_word' id='word_1_261' title='bbox 791 2514 804 2532; x_wconf 74' lang='lat'><strong>³</strong></span> <span class='ocrx_word' id='word_1_262' title='bbox 826 2515 996 2554; x_wconf 87' lang='lat' dir='ltr'>abhinc</span> <span class='ocrx_word' id='word_1_263' title='bbox 1017 2514 1179 2554; x_wconf 91' lang='lat' dir='ltr'>diebus</span> <span class='ocrx_word' id='word_1_264' title='bbox 1200 2515 1479 2563; x_wconf 76' lang='lat' dir='ltr'>declaravit3</span> <span class='ocrx_word' id='word_1_265' title='bbox 1504 2526 1614 2554; x_wconf 89' lang='lat' dir='ltr'>nam</span> <span class='ocrx_word' id='word_1_266' title='bbox 1636 2525 1741 2554; x_wconf 89' lang='lat' dir='ltr'>cum</span> <span class='ocrx_word' id='word_1_267' title='bbox 1756 2526 1851 2554; x_wconf 85' lang='lat' dir='ltr'>ma-</span> 
     </span>
     <span class='ocr_line' id='line_1_35' title="bbox 216 2584 1850 2637; baseline -0.001 -11"><span class='ocrx_word' id='word_1_268' title='bbox 216 2586 465 2637; x_wconf 81' lang='lat' dir='ltr'>gistratus,</span> <span class='ocrx_word' id='word_1_269' title='bbox 488 2586 577 2625; x_wconf 90' lang='lat' dir='ltr'>hac</span> <span class='ocrx_word' id='word_1_270' title='bbox 600 2585 655 2625; x_wconf 92' lang='lat' dir='ltr'>de</span> <span class='ocrx_word' id='word_1_271' title='bbox 675 2597 723 2625; x_wconf 90' lang='lat' dir='ltr'>re</span> <span class='ocrx_word' id='word_1_272' title='bbox 747 2598 774 2625; x_wconf 87' lang='lat' dir='ltr'>a</span> <span class='ocrx_word' id='word_1_273' title='bbox 795 2585 1022 2636; x_wconf 88' lang='lat' dir='ltr'>Pro-rege</span> <span class='ocrx_word' id='word_1_274' title='bbox 1052 2585 1335 2635; x_wconf 87' lang='lat' dir='ltr'>admonitus,</span> <span class='ocrx_word' id='word_1_275' title='bbox 1362 2596 1543 2624; x_wconf 89' lang='lat' dir='ltr'>annuos</span> <span class='ocrx_word' id='word_1_276' title='bbox 1564 2584 1740 2625; x_wconf 87' lang='lat' dir='ltr'>reditus</span> <span class='ocrx_word' id='word_1_277' title='bbox 1761 2586 1850 2624; x_wconf 88' lang='lat' dir='ltr'>col-</span> 
     </span>
     <span class='ocr_line' id='line_1_36' title="bbox 217 2655 1851 2708; baseline -0.001 -11"><span class='ocrx_word' id='word_1_278' title='bbox 217 2658 339 2708; x_wconf 88' lang='lat' dir='ltr'>legio</span> <span class='ocrx_word' id='word_1_279' title='bbox 359 2664 519 2697; x_wconf 87' lang='lat' dir='ltr'>nostro</span> <span class='ocrx_word' id='word_1_280' title='bbox 543 2657 788 2707; x_wconf 86' lang='lat' dir='ltr'>assignare</span> <span class='ocrx_word' id='word_1_281' title='bbox 812 2657 970 2707; x_wconf 85' lang='lat' dir='ltr'>vellet,</span> <span class='ocrx_word' id='word_1_282' title='bbox 995 2662 1160 2696; x_wconf 89' lang='lat' dir='ltr'>senatu</span> <span class='ocrx_word' id='word_1_283' title='bbox 1177 2662 1459 2704; x_wconf 78' lang='lat' dir='ltr'>convocatO,</span> <span class='ocrx_word' id='word_1_284' title='bbox 1478 2662 1527 2696; x_wconf 89' lang='lat' dir='ltr'>ut</span> <span class='ocrx_word' id='word_1_285' title='bbox 1554 2656 1600 2695; x_wconf 91' lang='lat' dir='ltr'>in</span> <span class='ocrx_word' id='word_1_286' title='bbox 1623 2655 1851 2707; x_wconf 86' lang='lat' dir='ltr'>ejusmodi</span> 
     </span>
    </p>
   </div>
   <div class='ocr_carea' id='block_1_3' title="bbox 269 2862 1092 2993">
    <p class='ocr_par' dir='ltr' id='par_1_7' title="bbox 269 2862 1092 2993">
     <span class='ocr_line' id='line_1_37' title="bbox 271 2862 1080 2898; baseline -0.002 -8"><span class='ocrx_word' id='word_1_287' title='bbox 271 2864 280 2883; x_wconf 86' lang='lat'>¹</span> <span class='ocrx_word' id='word_1_288' title='bbox 322 2863 443 2890; x_wconf 83' lang='lat' dir='ltr'>Daniel</span> <span class='ocrx_word' id='word_1_289' title='bbox 460 2863 691 2898; x_wconf 83' lang='lat' dir='ltr'>Paeybroeck.</span> <span class='ocrx_word' id='word_1_290' title='bbox 712 2862 795 2890; x_wconf 75' lang='lat' dir='ltr'>Vide</span> <span class='ocrx_word' id='word_1_291' title='bbox 813 2871 927 2898; x_wconf 80' lang='lat' dir='ltr'>supra,</span> <span class='ocrx_word' id='word_1_292' title='bbox 944 2870 1021 2898; x_wconf 82' lang='lat' dir='ltr'>pag.</span> <span class='ocrx_word' id='word_1_293' title='bbox 1036 2862 1080 2889; x_wconf 76' lang='lat'>28.</span> 
     </span>
     <span class='ocr_line' id='line_1_38' title="bbox 269 2911 1092 2944; baseline 0.001 -7"><span class='ocrx_word' id='word_1_294' title='bbox 269 2912 283 2930; x_wconf 68' lang='lat'><strong>2</strong></span> <span class='ocrx_word' id='word_1_295' title='bbox 321 2918 532 2944; x_wconf 78' lang='lat' dir='ltr'>summaque</span> <span class='ocrx_word' id='word_1_296' title='bbox 547 2911 768 2937; x_wconf 75' lang='lat' dir='ltr'>contentione</span> <span class='ocrx_word' id='word_1_297' title='bbox 783 2911 990 2938; x_wconf 86' lang='lat' dir='ltr'>adnituntur.</span> <span class='ocrx_word' id='word_1_298' title='bbox 1006 2911 1092 2938; x_wconf 72' lang='lat' dir='ltr'>Aen.</span> 
     </span>
     <span class='ocr_line' id='line_1_39' title="bbox 269 2957 1071 2993; baseline 0.001 -9"><span class='ocrx_word' id='word_1_299' title='bbox 269 2957 283 2977; x_wconf 74' lang='lat'><strong>3</strong></span> <span class='ocrx_word' id='word_1_300' title='bbox 322 2960 563 2991; x_wconf 74' lang='lat' dir='ltr'>quantumque</span> <span class='ocrx_word' id='word_1_301' title='bbox 579 2957 829 2992; x_wconf 76' lang='lat' dir='ltr'>nossacerenl,</span> <span class='ocrx_word' id='word_1_302' title='bbox 842 2959 970 2993; x_wconf 85' lang='lat' dir='ltr'>paucis.</span> <span class='ocrx_word' id='word_1_303' title='bbox 985 2958 1071 2986; x_wconf 69' lang='grc' dir='ltr'>ΑΕΗ.</span> 
     </span>
    </p>
   </div>
  </div>
 </body>
</html>
