2074 3179
199 130 273 167 574
739 129 966 167 LITTERAE
995 141 1352 173 QUADRJMESTRES

203 227 502 268 confessione
522 233 826 280 peccatorum
842 228 983 279 facta,
1006 235 1298 270 revertentes
1315 230 1612 281 postmodum
1631 237 1839 281 peterent

204 312 233 339 a
254 299 390 339 nobis
411 310 598 339 sacram
620 299 1018 350 communionem,
1042 306 1087 340 et
1114 311 1218 340 eam
1245 313 1272 340 a
1292 301 1427 341 nobis
1454 302 1511 342 ob
1540 303 1839 354 privilegium

204 368 512 410 curatorum¹
541 371 629 410 sibi
660 369 942 421 denegatam
972 371 1214 411 molestius
1247 371 1441 421 ferrent,
1480 374 1610 424 petiit
1632 373 1680 413 P.
1708 373 1839 414 Clau<

204 441 309 482 dius
340 454 367 482 a
398 441 512 481 R.¹1¹0
528 441 789 481 Viennensi
824 441 1062 482 licentiam
1098 443 1495 494 communicandi,
1534 455 1673 495 quam
1709 445 1843 484 nobis

205 512 362 564 quoad
385 518 572 552 exteros
594 518 638 552 et
660 513 939 563 peregrinae
960 512 1149 564 linguae
1170 513 1382 553 homines
1405 514 1610 554 indulsit.

286 583 371 623 His
398 594 740 623 connumerare
775 583 882 624 licet
911 584 1087 635 aliquot
1115 584 1335 624 italorum
1364 597 1458 625 non
1490 585 1675 626 infimae
1704 592 1844 626 notae

206 655 424 706 familias,
447 654 586 706 hujus
607 654 814 694 civitatis
834 654 1115 706 municipes,
1140 655 1536 707 quemadmodum
1556 662 1600 697 et
1632 657 1846 697 alumnos

207 726 408 766 duorum
428 725 750 776 collegiorum,
774 725 1150 777 provincialium,
1181 727 1386 778 inquam,
1412 733 1550 778 atque
1570 740 1843 780 pauperum,

206 798 287 849 qui
308 809 334 837 a
356 796 489 837 nobis
517 807 701 848 quoque
729 796 856 837 dicta
887 803 1186 838 sacramenta
1217 809 1480 850 suscepere.
1505 798 1664 840 Rmus.
1689 799 1844 839 Domi-

208 880 298 909 nus
318 868 374 909 de
402 867 715 919 Martinengo‚
745 867 956 909 Nuncius
985 869 1287 920 apostolicus,
1311 875 1356 910 et
1388 870 1585 910 illustris
1606 870 1772 911 Comes
1793 870 1848 910 de

211 940 247 980 T
251 946 432 990 ornout,
456 939 646 979 natione
663 938 899 990 Polonius,
925 952 1018 980 una
1036 951 1142 980 cum
1163 941 1396 993 plerisque
1415 941 1647 982 nobilibus
1668 942 1845 992 aulicis,

208 1011 338 1051 Patri
355 1010 550 1051 Claudio
571 1012 725 1062 (quem
747 1010 822 1051 ille
838 1010 852 1028 ‘²
874 1011 1015 1051 etiam
1036 1011 1217 1063 pridem
1239 1012 1285 1052 in
1308 1012 1648 1053 confessarium
1669 1013 1847 1053 ordina-

208 1082 331 1122 rium
355 1082 442 1122 sibi
463 1080 650 1132 delegit)
679 1082 933 1133 praeterita
955 1082 1321 1134 quadragesima
1342 1082 1545 1124 confessi
1566 1090 1686 1124 sunt.

291 1153 363 1193 Ex
389 1153 461 1192 his
483 1164 667 1205 quoque
692 1153 924 1202 nonnulli,
949 1159 1083 1194 extra
1105 1153 1150 1194 id
1173 1159 1375 1206 tempus,
1399 1155 1547 1195 eidem
1568 1154 1696 1195 Patri
1717 1155 1763 1195 in
1785 1167 1849 1195 se-

210 1230 341 1265 creta
362 1224 657 1265 confessione
682 1236 859 1264 arcana
881 1236 1074 1265 suarum
1094 1226 1489 1266 conscientiarum
1518 1227 1748 1278 aperiunt.
1781 1226 1852 1267 De

212 1296 421 1336 consiliis
444 1302 621 1347 autem,
651 1296 820 1347 quibus
845 1296 970 1336 idem
998 1296 1153 1348 Pater,
1177 1309 1204 1336 a
1226 1297 1412 1348 magnis
1431 1297 1547 1337 viris
1577 1309 1716 1349 super
1737 1298 1851 1338 casi-

212 1368 299 1407 bus
334 1367 535 1408 diversis
574 1367 891 1408 conscientiae
931 1368 1126 1408 subinde
1167 1369 1428 1419 consultus,
1472 1369 1636 1409 dubias
1676 1375 1854 1409 mentes

218 1439 505 1491 tranquillat,
530 1439 645 1479 nihil
662 1437 759 1490 jam
782 1439 1027 1491 speciatim
1048 1452 1379 1480 commemoro,

295 1510 475 1550 Doctor
502 1522 616 1550 vero
646 1510 814 1550 Petrus
836 1510 1051 1551 Canisius
1080 1511 1391 1563 complurium
1414 1510 1758 1552 Germanorum
1780 1524 1855 1552 au-

213 1581 332 1621 divit
359 1581 694 1622 confessiones.
727 1581 779 1621 In
806 1593 896 1633 quo
928 1582 1132 1633 negotio,
1163 1593 1269 1622 cum
1298 1583 1422 1622 solus
1456 1588 1668 1623 nostrum
1690 1583 1855 1623 calleat

215 1653 425 1704 linguam
441 1652 780 1704 germanicam,
800 1665 891 1692 non
908 1665 1077 1704 parum
1092 1653 1266 1693 laboris
1288 1654 1551 1705 insumpsit,
1576 1655 1859 1706 praesertim

216 1724 341 1776 apud
371 1724 707 1775 incarceratos,
733 1735 849 1776 quos
876 1735 1051 1775 magna
1080 1725 1223 1764 animi
1254 1724 1563 1765 sollicitudine
1593 1737 1648 1766 ac
1670 1725 1857 1766 difficul-

217 1801 328 1846 tate,
353 1807 436 1847 per
458 1795 801 1835 confessionem
822 1801 1147 1847 praeparatos,
1179 1796 1238 1836 ad
1265 1796 1674 1848 participationem
1695 1808 1857 1849 corpo-

216 1867 282 1907 ris
304 1865 478 1907 Christi
503 1877 665 1906 omnes
700 1866 838 1906 simul
866 1866 1115 1918 perduxit.·
1133 1866 1232 1906 Hos
1253 1867 1447 1907 visitant
1475 1867 1662 1919 saepius
1690 1868 1860 1908 fratres

218 1938 390 1989 nostri,
421 1938 499 1989 qui
529 1937 802 1988 germanice
830 1944 1026 1988 norunt,
1050 1944 1095 1978 et
1123 1938 1351 1989 quosdam
1371 1938 1648 1979 rudimentis
1669 1945 1860 1979 nostrae

220 2008 326 2050 fidei
356 2009 598 2060 erudiunt,
630 2021 792 2049 omnes
823 2021 938 2049 vero
969 2008 1374 2049 exhortationibus
1403 2015 1447 2050 et
1474 2010 1603 2050 velut
1631 2010 1859 2050 declama-

221 2080 441 2120 tiunculis
463 2080 523 2120 ad
544 2080 769 2120 virtutem
790 2079 1089 2131 studiumque
1110 2080 1351 2120 stimulant
1371 2080 1573 2132 pietatis.

302 2151 429 2192 Idem
450 2151 669 2192 Canisius
691 2156 883 2203 coeptas
904 2163 1052 2203 nuper
1069 2151 1320 2192 conciones
1343 2152 1466 2203 apud
1483 2152 1760 2204 Germanos,
1786 2153 1860 2193 do-

222 2222 409 2262 minicis
431 2234 486 2262 ac
507 2222 638 2263 festis
661 2222 822 2263 diebus
842 2222 1155 2274 prosequitur,
1187 2234 1304 2274 quas
1325 2234 1576 2263 numerosa
1597 2223 1859 2274 multitudO,

223 2301 322 2333 tum
339 2293 563 2334 nobilium
580 2300 678 2334 tum
696 2294 1006 2345 popularium,
1027 2305 1143 2345 quos
1161 2294 1382 2334 continuo
1400 2300 1504 2345 post
1521 2305 1570 2334 se
1588 2295 1744 2346 trahit,
1758 2306 1862 2346 gra-

223 2371 296 2405 tas
318 2365 406 2405 sibi
428 2377 530 2405 esse
553 2365 858 2405 demonstrat.
882 2364 1048 2405 Modus
1075 2376 1188 2405 sane
1219 2364 1422 2415 dicendi,
1446 2371 1494 2405 ut
1518 2366 1673 2416 gentis
1697 2378 1862 2406 conve-

225 2437 292 2476 nit
326 2437 532 2488 ingenio,
567 2436 808 2488 plausibus
836 2435 849 2454 ⁵
877 2421 1040 2487 gestus
1072 2436 1287 2487 actioque
1323 2447 1409 2488 pro
1443 2437 1625 2477 ratione
1658 2438 1864 2488 regionis

226 2508 555 2559 accommoda,
593 2507 637 2548 et
668 2513 856 2548 caetera
885 2519 1004 2559 quae
1033 2507 1092 2547 ad
1120 2507 1446 2558 germanicum
1466 2508 1700 2560 pertinent
1721 2510 1862 2549 eccle·

228 2580 434 2631 siastem,
459 2579 636 2619 affatim
656 2579 876 2619 videntur
903 2578 969 2618 illi
996 2584 1264 2630 suppetere,
1291 2591 1575 2631 quamquam
1603 2581 1814 2620 nonnulli
1842 2593 1866 2621 e

228 2651 381 2693 media
402 2651 661 2703 plebecula,
688 2650 820 2690 initio
842 2650 1043 2702 quidem,
1067 2661 1160 2690 non
1183 2649 1298 2690 satis
1326 2649 1507 2701 integre
1529 2650 1718 2702 quidam
1739 2651 1866 2692 vide-

285 2812 294 2830 ¹
335 2811 613 2844 Prz'vilegz‘orum
629 2812 848 2843 curatorum,
862 2811 1141 2846 ecclesiasticam,
1157 2819 1214 2846 sc.,
1230 2813 1352 2847 legem,
1366 2820 1431 2847 qua
1446 2813 1608 2847 jubentur
1623 2812 1738 2840 fideles
1751 2813 1783 2841 in
1800 2813 1868 2840 suis

231 2859 414 2893 parochiis,
430 2862 463 2885 ct
479 2866 545 2886 non
561 2858 654 2893 alibi,
670 2858 826 2893 paschali
842 2862 996 2893 tempore
1012 2859 1255 2887 communionis
1270 2864 1524 2888 sacramentum
1542 2860 1725 2895 suscipere.

286 2907 299 2925 2¹
338 2906 566 2942 Hieronymus
582 2905 809 2941 Martinengo,
823 2906 1042 2941 Apostolicus
1054 2906 1213 2937 Nuncius.

288 2953 301 2972 5
340 2952 405 2988 Sic3
419 2955 544 2982 rectius
558 2954 704 2982 fortasse
716 2954 899 2988 placidus.
