2074 3179
230 165 301 202 372
757 165 981 203 LJTTERAE
1008 177 1367 209 QUADRmOESTREs

228 262 411 302 Latinis
432 264 736 303 concionibus
757 264 803 303 in
827 262 1150 303 Germanicas.
1183 263 1451 304 Institutum
1480 265 1568 305 hoc
1596 265 1661 305 ita
1688 278 1867 317 promo-

230 334 298 374 vit
319 334 481 375 divina
501 335 690 374 bonitas
711 340 779 384 ut,
805 334 989 374 etiamsi
1010 333 1282 374 difficillima
1305 335 1364 375 sit
1387 336 1575 386 linguae
1603 335 1739 376 huius
1765 349 1866 388 pro-

227 406 474 457 nuntiatio,
493 406 906 456 tamenxintelligar
923 417 1045 445 nunc
1068 405 1125 446 ab
1148 405 1377 456 omnibus
1403 407 1480 457 qui
1502 407 1561 447 ad
1584 408 1866 448 audiendum

228 484 353 518 certe
374 479 562 530 plurimi
584 478 836 518 confluunt.
860 476 982 517 Nam
1003 483 1047 517 et
1068 488 1296 529 persaepe
1318 478 1570 529 contingit,
1593 479 1795 530 primum
1821 480 1866 519 in

227 550 521 601 angustiore,
544 561 667 590 nunc
689 549 736 589 in
757 549 984 599 ampliore
1006 549 1201 600 templo,
1226 554 1276 589 ut
1297 549 1470 589 referta
1492 550 1585 590 illic
1606 551 1870 601 praesentis

223 622 383 673 populi
404 621 539 661 turba
562 620 781 660 excludat
803 621 935 672 alios,
953 621 1032 671 qui
1048 632 1134 672 pro
1152 619 1331 661 foribus
1354 626 1398 661 et
1421 620 1480 660 ad
1500 620 1734 661 fenestras
1750 622 1866 662 foris

221 694 505 734 auscultant.
535 693 712 733 Exorta
740 692 928 732 interim
956 692 1187 732 nubecula
1222 692 1380 732 nescio
1418 692 1527 744 quid
1556 693 1668 732 mihi
1697 693 1864 733 minari

223 764 486 815 Videbatur,
520 764 629 804 dum
657 776 683 803 a
720 764 1055 804 concionatore
1089 763 1293 815 quodam
1323 776 1415 803 non
1445 764 1643 804 candide
1670 770 1863 815 tractor,

221 837 349 877 velut
371 836 449 888 qui
468 841 656 887 praeter
677 847 857 875 morem
877 840 922 875 et
949 835 996 875 in
1022 835 1126 875 1000
1155 835 1343 875 insolito
1374 835 1611 886 prodirem
1640 835 1699 875 ad
1727 847 1865 876 evan-

221 907 532 959 gelizandum.
564 907 652 947 Hic
679 907 839 947 statim
867 907 1052 947 collecti
1078 906 1373 958 professores
1404 907 1549 946 totius
1578 907 1865 947 Academiae

221 980 605 1020 concionatorem
626 979 754 1019 illum
774 983 992 1029 arguunt,
1017 989 1091 1018 me
1125 978 1333 1018 studiose
1360 978 1634 1029 defendunt,
1665 979 1740 1018 vel
1772 991 1865 1019 non

219 1051 375 1103 rogati
408 1050 417 1069 ¹
452 1062 653 1103 poenam
683 1055 950 1102 proponunt
984 1050 1237 1090 multorum
1274 1062 1551 1101 aureorum,
1575 1050 1614 1090 si
1635 1050 1865 1091 adversus

218 1129 417 1164 conatus
443 1134 572 1163 meos
603 1122 677 1162 ille
713 1121 900 1162 mutiret
930 1122 1183 1173 quicquam
1210 1121 1257 1161 in
1287 1127 1543 1173 posterum.
1574 1121 1791 1162 Accessit
1820 1128 1864 1162 et

218 1195 439 1247 Episcopi
461 1195 712 1245 sententia,
735 1194 835 1246 qui,
865 1205 916 1234 re
944 1199 1208 1245 comperta,
1240 1193 1335 1233 suis
1358 1204 1430 1233 me
1453 1193 1620 1233 litteris
1645 1192 1864 1234 admonet

217 1279 275 1307 ne
296 1266 651 1318 supersederem
673 1266 730 1306 ab
752 1266 840 1306 hoc
861 1265 1093 1315 instituto,
1123 1266 1328 1305 laturum
1354 1277 1424 1312 50,
1455 1265 1493 1304 51
1522 1265 1710 1316 quidem
1744 1276 1862 1316 opus

217 1344 354 1389 esset,
380 1349 541 1377 omnes
562 1337 675 1377 mihi
698 1337 951 1389 suppetias.
976 1337 1026 1377 In
1047 1336 1218 1388 populo
1251 1348 1345 1376 non
1373 1335 1562 1376 defuere
1590 1336 1668 1387 qui
1689 1337 1863 1376 vellent

216 1409 356 1450 aedes
379 1410 571 1449 alterius
592 1420 882 1461 oppugnare,
908 1414 953 1448 et
975 1408 1072 1448 vim
1093 1408 1267 1448 inferre
1288 1420 1374 1447 ceu
1395 1408 1739 1448 calumniatori.

294 1480 391 1522 Nos
413 1488 462 1521 ut
485 1480 833 1532 tranquilliores
854 1479 1158 1520 redderemus
1179 1479 1343 1519 turbas
1365 1478 1378 1496 ‘·'
1401 1491 1537 1530 quae,
1563 1479 1698 1519 nobis
1720 1479 1860 1519 etiam

214 1553 395 1598 invitis,
420 1553 467 1592 in
488 1553 617 1592 illum
638 1552 1014 1602 concitabantur,
1040 1562 1270 1591 excusare
1291 1551 1468 1590 factum
1498 1550 1782 1600 studuimus,
1816 1557 1860 1590 et

213 1625 360 1665 iratos
382 1625 571 1677 placare
594 1624 777 1664 animos
801 1623 879 1663 vix
899 1623 1149 1674 potuimus.
1175 1622 1387 1674 Agnovit
1415 1623 1502 1662 hoc
1536 1622 1739 1662 officium
1766 1622 1855 1672 ille,

217 1696 295 1748 qui
315 1695 613 1747 tragoediam
633 1695 771 1746 hanc,
796 1694 905 1734 dum
932 1694 1046 1734 mihi
1072 1705 1241 1745 parum
1262 1694 1412 1744 favet,
1442 1694 1540 1745 ipse
1563 1693 1650 1734 sibi
1680 1699 1855 1734 temere

215 1768 493 1818 concitavit,
513 1766 701 1819 jamque
722 1779 808 1807 nos
829 1766 915 1806 sibi
937 1778 1078 1817 quam
1100 1772 1238 1806 antea
1270 1765 1422 1817 pergit
1455 1765 1628 1806 habere
1659 1765 1854 1806 familia-

213 1841 374 1881 riores
394 1839 542 1891 Igitur
563 1838 694 1879 festis
716 1839 878 1879 diebus
898 1850 1023 1881 nunc
1045 1849 1191 1889 pergo
1209 1838 1554 1889 evangelizare,
1574 1837 1655 1878 sed
1676 1837 1853 1878 utinam

211 1918 342 1952 tanto
371 1923 477 1951 cum
506 1910 661 1950 fructu
696 1910 959 1950 animarum
986 1915 1160 1960 quanto
1191 1921 1297 1949 cum
1326 1910 1555 1960 applausu
1586 1915 1630 1949 et
1660 1920 1854 1949 numero

213 1982 514 2023 audientium.
557 1981 776 2021 Libenter
825 1981 1073 2032 optimates
1123 1980 1373 2030 accedunt,
1416 1981 1612 2032 populus
1650 1979 1854 2020 fructum

210 2054 476 2106 praedicat,
516 2053 752 2105 parochus
786 2053 833 2092 in
870 2052 969 2092 dies
1003 2051 1231 2103 majorem
1268 2052 1534 2103 pollicetur,
1573 2062 1662 2102 ego
1692 2051 1853 2091 Videre

210 2137 351 2177 quam
372 2125 533 2165 audire
556 2130 599 2165 et
621 2130 873 2176 expectare
894 2124 1073 2175 malim,
1103 2130 1153 2164 ut
1181 2123 1320 2163 rudes
1351 2129 1395 2163 et
1427 2123 1626 2162 miserae
1657 2123 1852 2163 istorum

210 2197 527 2238 conscientiae
558 2196 852 2248 juvarentur.
890 2196 940 2236 Id
967 2196 1211 2236 nobiscum
1246 2195 1457 2235 lubenter
1488 2195 1649 2235 vident
1681 2194 1779 2245 alii,
1808 2200 1852 2234 et

210 2268 538 2310 admirandum
559 2274 751 2308 censent
772 2268 917 2320 quod,
952 2273 1140 2319 praeter
1160 2278 1354 2317 morem,
1383 2279 1476 2306 non
1497 2267 1649 2306 solum
1676 2271 1852 2306 attente

210 2353 266 2381 ac
293 2341 475 2391 integre
503 2340 777 2380 concionem
805 2339 997 2380 audiant
1032 2339 1129 2388 isti,
1168 2339 1251 2379 sed
1281 2339 1422 2379 etiam
1451 2338 1510 2378 ad
1538 2337 1675 2378 finem
1704 2349 1850 2389 usque

211 2411 382 2452 Missae
403 2412 450 2451 in
472 2413 643 2463 templo
665 2423 848 2451 mecum
870 2416 1189 2463 perseverent.
1215 2410 1335 2450 Nam
1369 2409 1413 2450 id.
1444 2410 1637 2449 nimium
1666 2408 1742 2448 hic
1773 2408 1850 2447 ali-

209 2485 346 2536 bique
367 2490 608 2535 receptum
628 2483 811 2534 videas,
843 2489 892 2523 ut
919 2483 1071 2523 omnis
1102 2493 1265 2522 morae
1296 2481 1594 2533 impatientes
1624 2479 1847 2531 plerique,

210 2562 290 2596 aut
316 2563 424 2607 post
450 2555 762 2605 Evangelium
797 2560 1060 2605 cantatum,
1091 2559 1173 2594 aut
1211 2554 1258 2594 in
1284 2553 1439 2593 medio
1475 2551 1737 2600 concionis,
1771 2557 1849 2590 aut

209 2627 370 2668 statim
391 2626 448 2667 ab
469 2627 654 2666 elevata
675 2626 722 2666 in
744 2626 888 2666 altum
903 2625 1202 2666 Eucharistia
1223 2637 1376 2675 sacra,
1400 2636 1424 2664 e
1446 2623 1639 2674 Templo
1656 2622 1850 2673 perinde

209 2704 348 2750 atque
370 2710 512 2739 canes
532 2697 734 2749 fugiant,
760 2708 927 2748 parum
949 2708 1183 2736 memores
1205 2696 1383 2736 scilicet
1404 2695 1459 2735 de
1482 2693 1712 2734 audienda
1735 2693 1846 2733 inte-

209 2781 292 2820 gre
313 2769 472 2810 Missa.

262 2954 271 2973 ¹
313 2953 429 2981 Verba
444 2954 500 2981 vel
517 2962 584 2981 non
602 2955 717 2988 rogati
731 2954 963 2989 praetermisit
979 2953 1160 2980 Potanem.

261 3002 274 3020 ²
312 3000 468 3029 Canisius
483 3002 669 3036 scripserat
686 3001 756 3029 Nos
771 3002 808 3029 οἱ)
825 3001 1118 3034 ἰναηᾳιιιἸΙαηᾱαε
1140 3001 1275 3027 turbas.
