2074 3179
899 135 984 172 AN.
1014 135 1105 172 1548
1751 139 1815 176 121

187 228 340 268 adhuc
361 228 539 268 Romae
560 236 651 279 est,
676 230 783 270 vide
804 231 914 282 quid
935 229 1057 282 apud
1078 242 1183 271 eum
1199 232 1389 283 poteris,
1409 244 1514 272 cum
1531 234 1577 273 in
1595 234 1699 285 hoc,
1720 240 1817 275 tum

187 298 389 339 maxime
412 304 460 339 ut
481 311 585 340 eum
613 301 672 340 ad
699 301 1042 342 confessionem
1069 301 1143 341 vel
1170 302 1323 352 potius
1351 303 1576 343 exercitia
1604 305 1813 345 inducas.

266 368 459 410 Librum
480 370 608 411 illum
630 372 985 412 annotationum
1001 371 1153 424 Sylvii
1177 371 1202 423 ¹,
1227 385 1365 425 quem
1386 374 1468 414 tibi
1490 375 1727 415 Bononiae
1749 388 1816 416 re-

188 440 434 492 liqueram,
466 442 646 493 quoties
677 442 994 484 desiderarem
1020 455 1114 483 non
1139 443 1276 484 facile
1304 444 1517 485 dixerim.
1551 444 1668 486 Sunt
1695 447 1818 487 enim

186 521 412 563 persaepe
433 513 701 563 quaerenda
724 513 847 565 apud
867 514 1028 554 varios
1049 514 1292 566 authores,
1317 527 1437 566 quae
1458 516 1505 556 in
1535 528 1641 556 eum
1667 516 1819 568 conje-

186 582 348 622 cimus.
372 583 572 636 Juvatur
591 585 911 636 unusquisque
931 584 1069 625 facile
1089 585 1185 625 suis
1206 586 1458 626 laboribus.
1484 586 1814 638 Quamobrem,

186 651 226 691 si
248 664 337 704 quo
358 653 497 693 modo
518 654 672 694 licebit
694 655 952 706 commode,
975 666 1092 706 rogo
1113 661 1162 695 ut
1185 655 1243 696 ad
1264 667 1337 696 me
1360 657 1583 709 quidquid
1604 664 1674 698 est
1696 658 1819 699 illius

186 723 326 763 libelli
361 725 667 765 transmittas.
696 724 856 777 Neque
883 732 952 766 est
980 726 1104 778 quod
1133 726 1191 766 ab
1220 726 1531 768 humanarum
1557 728 1819 769 litterarum

186 794 338 834 studio
360 795 437 835 illa
459 808 561 836 esse
583 797 734 836 aliena
756 803 906 848 putes,
931 809 1051 849 quae
1071 798 1134 838 ibi
1155 798 1467 839 continentur.
1487 798 1676 840 Nullum
1697 800 1820 840 enim

187 865 410 906 librorum
438 878 587 918 genus
622 874 691 908 est
718 880 812 909 non
840 869 1151 909 evolvendum
1178 869 1264 918 illi,
1298 869 1376 921 qui
1406 869 1647 910 Ciceronis
1675 882 1819 921 opera

184 937 381 988 suscipit
415 937 788 989 interpretanda3
819 945 869 979 ut
901 951 1051 991 neque
1078 941 1223 980 ullum
1249 940 1335 980 fuit
1366 941 1640 993 disciplinae
1670 953 1819 993 genus

183 1008 308 1058 quod
328 1008 427 1060 ipse
448 1007 611 1049 Cicero
634 1010 877 1061 ignorarit.
903 1010 1036 1062 Quod
1057 1022 1163 1051 cum
1186 1011 1232 1051 in
1253 1012 1467 1052 omnibus
1490 1012 1588 1064 ejus
1606 1013 1819 1053 lucubra-

185 1077 387 1118 tionibus
408 1086 623 1130 apparet,
656 1086 754 1120 tum
776 1081 979 1121 maxime
1000 1081 1047 1121 in
1068 1093 1122 1122 eo
1144 1093 1305 1134 opere,
1329 1082 1453 1134 quod
1473 1083 1573 1135 ipse
1594 1094 1820 1134 magnum

186 1150 464 1200 appellavit,
503 1150 877 1192 Tusculanarum
914 1151 1274 1205 Quaestionum,
1316 1154 1393 1194 ubi
1433 1160 1477 1194 et
1511 1153 1567 1194 de
1607 1154 1820 1206 corporis

184 1231 413 1271 compage
452 1226 497 1260 et
531 1221 587 1261 de
622 1221 765 1261 animi
804 1223 1071 1263 notionibus
1111 1229 1156 1264 et
1195 1224 1422 1265 similibus
1462 1225 1693 1265 habentur
1727 1237 1821 1266 non

187 1301 354 1341 pauca.
374 1290 474 1331 Has
496 1298 651 1332 autem
672 1298 721 1332 ut
742 1304 958 1333 enarrem
979 1305 1070 1333 una
1093 1306 1198 1334 cum
1219 1294 1335 1335 Arte
1355 1296 1539 1347 poetica
1555 1295 1756 1347 Horatii,
1776 1301 1821 1336 et

186 1360 354 1401 librum
375 1361 559 1402 Erasmi
581 1362 637 1403 de
658 1363 912 1403 verborum
939 1370 983 1404 et
1010 1376 1167 1405 rerum
1195 1366 1350 1417 copia,
1380 1366 1493 1407 mihi
1521 1367 1821 1408 commissum

186 1437 272 1472 est.
307 1431 392 1472 Cui
421 1434 552 1473 oneri
582 1439 631 1474 ut
661 1446 735 1474 me
769 1434 893 1475 nosti
920 1435 1166 1487 imparem,
1196 1436 1260 1476 ita
1296 1437 1662 1490 quibuscumque
1689 1444 1822 1489 potes

188 1502 339 1543 modis
356 1502 492 1554 juves
522 1516 714 1546 necesse
742 1511 826 1546 est.
855 1506 1046 1547 Interim
1072 1513 1229 1547 tamen
1256 1518 1536 1559 graecarum
1563 1509 1823 1550 litterarum

188 1573 393 1614 studium
414 1586 508 1615 non
527 1576 712 1627 penitus
733 1576 973 1629 intermisi,
994 1577 1077 1618 sed
1093 1577 1251 1630 J‘ussus
1271 1590 1374 1619 sum
1391 1579 1497 1620 huic
1519 1581 1716 1632 singulis
1732 1580 1821 1621 die-

188 1644 274 1685 bus
295 1656 436 1686 unam
457 1647 622 1687 horam
643 1647 926 1700 impendere.
951 1649 1131 1690 Verum
1152 1650 1208 1691 de
1229 1650 1395 1691 studiis
1417 1657 1460 1691 et
1488 1651 1581 1704 his,
1607 1664 1726 1704 quae
1747 1652 1823 1694 hic

188 1723 434 1768 geruntur,
456 1718 572 1759 alias
593 1719 794 1760 fortasse
815 1721 1121 1762 commodius.

270 1787 508 1840 Quotquot
542 1789 617 1830 hic
646 1796 754 1831 sunt
780 1790 875 1831 R.di
901 1790 988 1832 ΡΡ.
1013 1798 1058 1833 et
1085 1792 1299 1844 Fratres,
1322 1794 1370 1834 hi
1392 1806 1554 1835 omnes
1574 1800 1619 1835 te
1640 1796 1824 1836 salvere

187 1859 396 1911 cupiunt.
414 1860 499 1912 Tu,
519 1861 560 1901 si
575 1862 744 1912 placet,
763 1868 928 1903 nostra
945 1863 1151 1904 omnium
1169 1875 1314 1905 causa
1331 1876 1411 1905 eos
1429 1866 1506 1917 qui
1521 1865 1699 1907 Romae
1716 1873 1824 1908 sunt

188 1930 407 1971 salutato.
429 1930 564 1972 Vale.

266 2000 529 2052 Messanae,
555 2004 715 2055 quinto
739 2004 843 2044 idus
864 2003 1087 2045 Decemb.
1118 2005 1232 2045 1548.

269 2072 397 2113 Tuus
417 2073 465 2113 in
485 2073 624 2115 Chro.
648 2075 724 2116 Fr.
749 2076 983 2116 minimus.

1033 2218 1251 2258 ANNIBAL
1281 2232 1308 2259 A
1342 2220 1607 2263 COUDRETO.

270 2428 640 2481 Superscriptio.
678 2431 765 2471 ihs.
801 2431 1091 2473 Charissimo
1119 2433 1166 2473 in
1193 2432 1333 2473 Chro.
1363 2432 1499 2473 fratri
1525 2432 1767 2474 Ludovico
1798 2446 1825 2474 a

192 2498 444 2541 Coudreto.

271 2571 336 2611 Et
354 2572 588 2612 Ludovz'cz'
599 2584 763 2613 manu:
776 2573 953 2627 Accepi
970 2581 1015 2615 et
1029 2574 1148 2616 rndi.
1171 2575 1420 2627 (respondi)
1438 2588 1535 2616 xxv
1549 2575 1823 2617 Decembre.

248 2756 260 2777 ¹
299 2757 398 2784 Anno
420 2757 485 2784 1531
500 2757 677 2792 prodierat
693 2757 834 2785 Parisiis
848 2780 854 2790 ,
870 2766 912 2785 ex
926 2758 1061 2787 officina
1076 2758 1218 2786 Roberti
1241 2758 1420 2794 Stephani,
1437 2759 1574 2793 “JACOBI
1588 2759 1707 2787 snvn
1720 2759 1755 2787 in
1767 2759 1827 2787 lin-

194 2811 296 2838 guam
310 2803 471 2838 gallicam
486 2804 629 2839 Isagoge
642 2827 647 2840 ,
670 2812 737 2832 una
761 2813 835 2833 cum
857 2806 1006 2841 ejusdem
1032 2806 1268 2834 Grammatica
1291 2807 1556 2841 latino-gallica,
1581 2815 1623 2834 ex
1647 2807 1825 2840 Hebraeis,

193 2850 336 2879 Graecis
351 2855 385 2879 et
399 2850 534 2879 Latinis
545 2852 945 2887 authoribus„.—E1·atne
961 2853 1024 2880 hoc
1039 2860 1122 2888 opus
1137 2853 1224 2888 quod
1236 2858 1464 2881 annotaverat
1475 2859 1591 2881 noster
1603 2854 1766 2881 Annibal?
1778 2853 1825 2881 At

192 2898 222 2926 si
237 2898 287 2925 ita
301 2901 368 2931 est,
383 2905 446 2926 non
459 2898 522 2926 suit
536 2907 594 2927 cur
609 2903 789 2927 vereretur
804 2907 844 2927 ne
857 2907 877 2928 a
887 2900 1062 2928 Ludovico
1078 2901 1186 2928 fratre
1198 2901 1347 2928 alienum
1358 2901 1400 2928 ab
1415 2901 1639 2929 humanarum
1650 2900 1760 2928 studio
1772 2900 1827 2928 lit-

195 2950 349 2973 terarum
362 2945 547 2974 haberetur
