2074 3179
898 172 980 208 AN.
1012 171 1103 209 1552
1747 172 1819 209 635

269 266 488 319 Superest
510 274 559 308 ut
580 280 741 309 omnes
766 269 931 309 Patres
957 267 1259 308 Reverendos
1286 274 1330 308 et
1357 267 1527 308 fratres
1554 268 1599 308 in
1628 268 1815 309 Christo

190 338 492 378 charissimos
512 351 604 379 uno
632 351 712 380 ore
742 340 833 380 tuis
862 339 1182 380 commendem
1211 339 1426 390 precibus
1455 339 1718 391 divinisque
1748 351 1815 380 sa-

189 409 398 459 crificiis,
419 410 589 461 quibus
611 410 777 462 adjuti,
807 409 1022 450 stabilitis
1050 416 1094 449 et
1120 409 1407 450 confirmatis
1438 410 1590 461 magis
1621 411 1813 461 viribus,

189 479 408 531 quiequid
429 492 530 520 esse
546 482 763 532 proximo
784 481 983 531 utilitati,
1009 481 1094 520 sibi
1116 481 1269 530 saluti,
1294 481 1394 520 Deo
1415 481 1591 532 optimo
1612 482 1818 522 maximo

188 551 354 591 honori
374 551 591 602 viderint,
616 560 919 604 exequantur.

268 621 402 662 Vale.
426 621 661 674 Panormi,
684 623 710 663 8
730 624 833 664 idus
853 622 963 674 Maji
984 623 1097 663 1552.

268 693 395 733 Tuus
416 694 462 733 in
483 687 669 734 Christo
691 695 976 735 humillimus
997 693 1128 743 filius,

1117 855 1323 907 JOANNES
1354 855 1604 895 Rocssmus.

846 1263 1155 1317 CXLVIII

255 1495 302 1532 Ρ.
324 1495 514 1533 Annibal
533 1496 586 1534 de
606 1496 843 1543 Coudreto,

301 1559 370 1597 Ex
387 1561 707 1599 commissione
727 1563 871 1600 Patris
891 1563 1070 1601 Antonii
1090 1563 1247 1600 Vinck.

349 1627 469 1664 Patri
488 1627 657 1674 Ignatio
684 1627 737 1665 de
762 1628 945 1675 Loyola.

395 1691 613 1739 Messana,
638 1693 681 1729 17
699 1692 802 1740 Maji
823 1693 916 1730 1552
934 1694 957 1730 ³.

940 1814 1036 1890 ιὲὶε

264 1971 427 2012 Gratia
466 1973 654 2014 Domini
691 1976 839 2015 nostri
878 1976 988 2027 Jesu
1027 1975 1201 2015 Christi
1241 1975 1298 2015 sit
1338 1975 1581 2015 nobiscum
1614 1987 1812 2027 semper.

184 2042 351 2083 Arnen.

264 2114 394 2165 Quae
414 2116 640 2167 proximis
662 2123 862 2168 quatuor
883 2117 1119 2156 mensibus
1145 2116 1337 2156 Patrum
1364 2116 1652 2168 fratrumque
1674 2129 1817 2169 opera

184 2185 312 2226 Deus
335 2198 389 2226 ae
411 2186 638 2227 Dominus
660 2193 819 2228 noster
838 2188 973 2240 Jesus
994 2187 1210 2227 Christus
1240 2187 1486 2228 Messanae
1507 2188 1607 2228 fieri
1628 2201 1815 2229 conces-

185 2257 265 2307 sit,
295 2256 366 2296 his
393 2257 450 2296 ad
479 2264 523 2297 te
552 2258 718 2298 litteris
750 2259 1031 2309 scripturus,
1062 2258 1162 2298 R.de
1193 2259 1239 2298 in
1267 2258 1453 2299 Christo
1483 2259 1642 2310 Pater,
1675 2266 1815 2311 atque

186 2327 410 2379 imprimis
439 2328 751 2380 observande,
779 2341 873 2369 non
894 2329 1051 2369 dubito
1078 2330 1189 2381 quin
1209 2329 1321 2369 illud
1337 2329 1439 2381 jure
1467 2330 1549 2370 tibi
1579 2331 1737 2370 venire
1770 2331 1815 2370 in

185 2404 386 2438 mentem
407 2399 573 2450 possit:
598 2399 798 2440 alienam
817 2400 935 2451 legis
955 2412 1175 2451 messem,
1199 2399 1424 2451 Annibal,
1445 2407 1489 2440 et
1506 2401 1669 2441 alienis
1691 2403 1814 2441 exul-

184 2477 256 2509 tas
287 2469 463 2521 opibus.
495 2470 596 2520 Ego
625 2482 737 2510 vero
772 2471 818 2510 id
851 2470 1019 2521 fateor,
1058 2471 1218 2521 Pater,
1251 2477 1295 2511 et
1329 2472 1489 2512 dolens
1523 2472 1687 2512 fateor.
1725 2471 1815 2512 Sed

239 2655 247 2673 ¹
288 2654 536 2688 Autographae
550 2654 688 2682 litterae
700 2676 706 2688 ‚
723 2658 756 2682 et
771 2655 903 2688 quidem
918 2663 1018 2682 manu
1034 2660 1125 2682 totae
1142 2655 1339 2689 Annibalis,
1355 2660 1433 2683 sunt
1456 2657 1487 2682 in
1503 2656 1715 2690 quadruplici
1732 2656 1813 2683 solio

185 2710 238 2729 nn.
254 2701 424 2729 94-97.—1n
438 2702 490 2728 his
505 2702 573 2729 tria
587 2706 721 2729 tantum
736 2703 842 2729 verba
859 2703 1004 2730 mutavit
1016 2702 1194 2736 PoIancus,
1210 2703 1340 2730 addidit
1357 2706 1512 2736 quatuor;
1529 2703 1586 2729 sed
1602 2703 1702 2737 plura
1716 2704 1816 2731 lineis

185 2754 243 2777 aut
259 2750 376 2777 subter
391 2754 448 2776 aut
464 2749 591 2776 circum
605 2749 716 2776 ductis
731 2750 876 2784 notavit,
893 2757 978 2784 quae
1005 2757 1024 2777 a
1046 2750 1205 2781 librariis,
1229 2749 1307 2776 dum
1332 2750 1550 2784 apographas
1575 2750 1810 2782 conficiebant.

185 2801 283 2824 erant
305 2797 537 2824 transilienda.
560 2796 690 2824 Harum
705 2797 810 2824 etiam
825 2797 1103 2831 apographatum
1125 2798 1301 2831 exemplar
1322 2797 1485 2824 habemus
1506 2797 1539 2824 in
1561 2797 1649 2825 soliis
1664 2798 1698 2824 29
1713 2798 1816 2824 xyst-'33

186 2844 318 2872 Codicis
334 2844 412 2871 1551.
429 2845 492 2872 Hic
507 2852 590 2871 vero
606 2844 840 2878 autographas
855 2844 987 2879 integre
1005 2844 1496 2872 transcribemus.—Habemus
1511 2845 1592 2872 item
1607 2850 1640 2872 et
1656 2846 1816 2873 adversa-

185 2893 281 2925 rium,
297 2893 330 2919 in
345 2892 433 2919 foliis
449 2892 527 2919 olim
542 2891 667 2919 278-281.
682 2899 767 2919 nunc
783 2892 899 2924 98-101,
925 2896 1031 2920 totum
1054 2892 1158 2920 etiam
1180 2900 1279 2920 manu
1303 2892 1409 2927 ipsius
1430 2893 1619 2920 Annibalis.
1645 2893 1682 2920 In
1707 2901 1745 2920 eo
1766 2898 1815 2920 tot

186 2940 310 2967 liturae
325 2944 412 2971 sunt,
427 2944 475 2967 tot
491 2939 744 2966 emendationes
767 2945 802 2966 ut
827 2940 917 2966 clare
943 2944 1110 2974 appareat
1134 2945 1296 2974 quantum
1320 2941 1351 2967 in
1375 2939 1428 2968 his
1452 2941 1577 2968 litteris
1599 2941 1816 2968 conficiendis

186 2995 287 3015 curae
304 2991 338 3014 et
355 2987 552 3021 diligentiae
568 2987 766 3021 ponebatur.
