2074 3179
917 201 1000 238 Ax.
1034 200 1120 238 1551
1766 204 1837 241 437

195 295 326 335 mina
347 294 541 336 Isabella
563 295 570 314 ¹
590 296 841 347 singularis
863 296 1105 348 cujusdam
1129 298 1313 349 pietatis
1335 303 1379 337 et
1401 298 1640 349 religionis
1662 300 1834 340 indicia

198 365 422 417 ostendit,
453 372 502 406 ut
533 366 695 407 similis
726 368 913 408 omnino
943 369 1081 408 matri
1112 374 1351 420 appareat.
1382 368 1464 409 Illa
1492 370 1612 409 enim
1640 370 1755 420 petit
1777 371 1833 410 de

199 447 290 486 quo
311 437 496 488 placeat
518 449 589 478 me
612 439 899 479 concionari.
926 438 1045 489 Quid
1073 446 1229 480 autem
1257 440 1462 491 quaerit?
1492 439 1649 490 Certe,
1676 440 1828 492 Pater,

201 507 323 557 quod
344 508 458 548 viris
478 509 699 560 perfectis
731 516 808 550 aut
838 509 897 550 ad
926 510 1261 561 perfectionem
1288 510 1593 550 christianam
1622 512 1830 563 aspiran-

197 577 320 617 tibus
342 579 459 618 solet
481 591 581 619 esse
611 580 761 629 cordi;
790 592 913 621 nunc
942 581 1065 621 enim
1091 582 1204 632 petit
1234 587 1281 621 ut
1306 593 1446 632 agam
1476 581 1532 621 de
1563 588 1830 634 contemptu

200 648 378 700 mundi,
402 661 524 690 nunc
553 650 608 690 de
637 652 948 702 abnegatione
978 652 1047 691 sui
1076 652 1242 703 ipsius,
1271 664 1395 692 nunc
1424 652 1479 692 de
1508 664 1666 703 cruce,
1690 665 1829 705 quam

197 719 391 771 quisque
411 720 533 760 ferre
556 722 740 773 debeat,
765 722 820 762 de
837 729 1004 769 morte,
1025 723 1080 763 de
1098 723 1326 763 charitate
1341 723 1449 774 Dei,
1469 723 1525 763 de
1546 723 1823 764 humilitate:

195 801 253 828 ex
274 790 345 830 his
367 792 536 843 colligo
559 793 732 844 aliquid
754 794 800 833 in
822 805 876 833 ea
897 794 1042 834 latere
1065 794 1188 845 quod
1207 794 1384 845 patebit
1412 794 1614 845 tandem,
1640 806 1748 835 cum
1769 796 1824 834 ad

196 862 512 902 maturitatem
532 865 813 914 pervenerit.
839 864 927 916 Qui
948 865 1070 905 enim
1092 865 1192 905 fieri
1217 871 1390 916 potest,
1422 871 1470 905 ut
1502 865 1580 917 qui
1601 866 1822 906 mundum

194 931 409 984 intelligit
448 936 858 987 contemnendum,
895 948 990 976 non
1029 937 1186 987 cupiat
1218 948 1323 976 eum
1354 942 1653 976 contemnere
1688 943 1731 977 et
1758 949 1823 977 56-

194 1002 345 1053 ipsum
366 1004 665 1056 abnegando,
691 1018 796 1046 cum
816 1007 893 1047 illo
909 1018 1060 1058 grano
1082 1007 1254 1047 cadens
1276 1008 1322 1047 in
1350 1013 1524 1047 terram
1545 1008 1660 1048 nolit
1687 1009 1820 1059 mori,

192 1079 241 1113 ut
275 1074 411 1114 simul
441 1077 644 1116 moriens
666 1089 772 1118 cum
799 1090 873 1129 eo,
904 1079 1040 1118 simul
1068 1079 1264 1118 multum
1290 1078 1493 1118 fructum
1514 1079 1652 1119 ferat?

272 1144 356 1185 His
375 1147 602 1197 proximis
624 1147 807 1199 diebus,
833 1160 937 1189 cum
961 1149 1128 1190 Comes
1145 1149 1395 1200 Condiani,
1420 1155 1464 1189 et
1488 1150 1535 1189 in
1557 1150 1645 1190 hoc
1674 1161 1820 1201 regno

193 1214 264 1253 vir
284 1227 493 1256 summae
515 1218 634 1257 inter
657 1230 816 1259 omnes
837 1220 1084 1270 primarios
1107 1220 1423 1270 auctoritatis,
1447 1221 1661 1260 concioni
1683 1221 1819 1261 inter-

191 1285 374 1336 fuisset,
398 1293 442 1327 et
461 1299 706 1329 numerum
727 1291 1171 1330 communicantium
1198 1291 1245 1330 in
1270 1297 1431 1331 nostra
1459 1292 1656 1331 ecclesia
1680 1292 1817 1332 vidis-

188 1362 276 1406 set,
302 1358 552 1408 plurimum
572 1359 863 1409 aedificatus,
889 1361 1005 1401 dixit
1033 1362 1164 1401 nobis
1194 1362 1508 1412 audientibUS,
1538 1374 1642 1402 cum
1671 1364 1818 1403 altera

167 1427 260 1466 .die
290 1440 375 1468 nos
405 1430 592 1470 viseret:
618 1431 732 1471 haec
763 1433 875 1472 mihi
903 1432 1088 1472 videtur
1122 1445 1237 1472 vera
1271 1433 1392 1473 ratio
1420 1434 1564 1473 divini
1592 1436 1743 1474 cultus
1773 1440 1817 1474 et

186 1510 351 1539 sacrae
378 1501 616 1552 religionis
644 1503 941 1543 excolendae.
977 1503 1128 1544 Valde
1158 1516 1207 1543 se
1242 1504 1444 1544 ostendit
1475 1515 1586 1555 erga
1616 1504 1816 1545 Societa-

187 1574 278 1609 tem
316 1578 526 1612 nostram
562 1573 803 1624 affectum,
840 1574 1119 1627 Patremque
1154 1575 1493 1627 Hieronymum
1527 1575 1814 1625 Domenech,

182 1651 321 1690 quem
344 1644 659 1693 superioribus
682 1646 816 1686 annis
837 1652 1057 1696 noverat,
1082 1646 1274 1686 mirifice
1301 1646 1471 1697 diligit3
1495 1647 1683 1687 Patrem
1703 1660 1817 1687 vero

186 1710 399 1753 Natalem
427 1715 551 1766 cupit
581 1727 892 1768 cognoscere,
928 1729 1065 1768 quem
1100 1729 1186 1757 nec
1220 1717 1337 1757 Vidit
1372 1718 1544 1769 adhuc,
1582 1730 1688 1758 cum
1719 1719 1817 1770 ipse

184 1793 436 1834 numquam
453 1785 697 1826 Messanae
714 1787 853 1828 fuerit
875 1789 931 1828 ab
953 1800 1007 1828 eo
1024 1794 1233 1839 tempore
1255 1789 1379 1839 (nam
1400 1794 1498 1829 tum
1518 1789 1565 1828 in
1582 1789 1815 1838 Calabria,

185 1854 307 1903 quod
329 1855 391 1894 ibi
413 1855 608 1897 Pro—rex
629 1866 775 1909 esset,
808 1860 1203 1910 commorabatur)
1234 1872 1323 1911 quo
1354 1872 1440 1900 nos
1470 1860 1560 1900 huc
1588 1861 1817 1907 venimus;

182 1925 418 1967 desiderat
440 1934 616 1979 autem,
647 1936 697 1969 ut
725 1937 794 1970 est
822 1931 893 1970 vir
919 1931 1047 1982 pius,
1078 1931 1279 1982 aliquem
1309 1943 1367 1971 ex
1394 1917 1556 1971 nostra
1585 1930 1818 1972 Societate

185 1997 309 2047 apud
341 2008 390 2037 se
430 1998 616 2039 habere.
650 2000 856 2052 Cumque
884 2000 1070 2050 a{nobis
1101 2009 1347 2054 quaereret
1374 2002 1412 2041 si
1442 2002 1487 2042 id
1521 2002 1621 2043 fieri
1641 2010 1814 2054 posset,

180 2066 384 2108 diximus
421 2077 635 2120 oportere
671 2079 720 2112 ut
757 2071 806 2112 P.
840 2072 892 2112 T.
925 2073 990 2117 ,de
1020 2073 1108 2113 hac
1142 2085 1193 2113 re
1230 2073 1472 2124 scriberet,
1506 2085 1648 2125 penes
1680 2086 1816 2125 quem

183 2137 298 2177 haec
320 2145 419 2179 erat
440 2139 657 2190 facultas,
689 2150 732 2182 et
760 2144 974 2193 quamvis
1000 2143 1298 2183 crederemus
1326 2143 1415 2184 hoc
1443 2144 1572 2184 illum
1599 2157 1625 2184 a
1653 2151 1697 2184 te
1724 2156 1817 2184 non

180 2220 282 2247 esse
303 2208 679 2262 impetraturum,
705 2224 810 2252 cum
831 2213 876 2252 id
906 2214 1040 2253 nobis
1069 2214 1320 2255 admodum
1348 2214 1529 2254 difficile
1560 2215 1813 2266 videretur,

172 2277 488 2327 judicavimus
510 2289 666 2322 tamen
687 2284 850 2323 melius
872 2296 975 2324 esse
996 2291 1045 2324 ut
1070 2285 1135 2324 ita
1162 2285 1574 2337 responderemuS,
1606 2298 1747 2338 quam
1767 2293 1816 2326 ut

180 2349 242 2388 illi
280 2362 410 2401 spem
450 2363 634 2392 omnem
673 2354 1005 2406 adimeremus;
1047 2367 1153 2395 cum
1191 2367 1276 2395 nos
1315 2357 1594 2407 praesertim
1633 2358 1812 2407 lateret,

179 2421 288 2471 quid
309 2423 497 2462 omnino
517 2423 606 2463 hac
630 2424 675 2463 in
697 2436 747 2464 re
768 2425 866 2465 fieri
886 2432 1064 2476 posset,
1095 2432 1176 2466 aut
1201 2427 1343 2467 etiam
1375 2427 1484 2479 quid
1510 2427 1558 2468 P.
1590 2428 1642 2468 T.
1674 2429 1812 2480 potis-

177 2491 346 2532 simum
380 2494 599 2544 placeret.
635 2495 768 2535 Nunc
796 2496 919 2536 idem
949 2496 1115 2537 Comes
1145 2497 1365 2549 frequens
1391 2504 1461 2538 est
1488 2499 1807 2548 concionibus,

175 2573 374 2615 cumque
396 2565 474 2604 uni
494 2565 566 2604 his
588 2565 748 2606 diebus
769 2578 861 2606 non
881 2567 1187 2618 interfuisset,
1213 2569 1373 2609 nescio
1391 2581 1482 2621 qua
1506 2582 1555 2609 re
1577 2570 1808 2621 detentus,

177 2633 338 2674 dolens
367 2647 421 2687 ea
449 2647 498 2675 se
525 2636 760 2687 privatum
786 2636 948 2688 fuisse,
982 2638 1236 2690 quaesivit,
1275 2645 1319 2679 et
1355 2640 1492 2679 avide
1522 2640 1730 2691 quidem,
1762 2647 1811 2680 ut

174 2714 280 2743 eam
309 2704 355 2744 in
384 2706 581 2745 ecclesia
618 2707 888 2747 monialium
921 2708 1056 2760 (quae
1087 2720 1348 2750 conversae
1383 2710 1614 2760 dicuntur)
1648 2711 1810 2751 audire

175 2780 348 2823 posset.
381 2774 645 2828 Numquam
678 2789 791 2817 vero
827 2778 886 2818 ad
918 2790 1003 2818 nos
1027 2779 1176 2830 venit,
1209 2780 1321 2831 quin
1352 2781 1502 2820 laetus
1531 2781 1638 2821 hinc
1670 2787 1808 2832 atque

173 2845 427 2894 plurimum
449 2847 739 2899 aedificatuS,
764 2848 937 2890 Christi
957 2850 1268 2902 benignitate,
1293 2850 1516 2892 discedat.

233 3005 242 3024 ¹
283 3005 454 3041 Pro-regis
465 3029 471 3041 ,
488 3007 626 3040 joannis
642 3008 680 3034 tle
700 3007 797 3042 Vega
813 3029 818 3041 ,
832 3008 910 3036 filia.
