2074 3179
867 148 949 184 AN.
983 147 1072 184 1547
1742 149 1789 185 39

153 246 257 286 nico
286 246 402 286 delle
432 257 539 285 cose
568 257 649 285 sue
685 252 728 284 et
764 245 928 284 alcune
959 242 1284 294 compositioni
1312 242 1400 293 pie.
1435 243 1482 281 lo
1518 244 1579 282 mi
1614 244 1784 284 sforzai

154 317 416 357 consolarlo
451 322 496 356 et
531 316 711 355 aiutare
745 315 792 355 in
826 315 930 365 quel
966 314 1051 353 che
1086 313 1307 353 scriveva
1343 313 1546 352 secondo
1582 314 1666 352 che
1705 326 1787 364 per

152 387 303 427 l'hora
318 387 381 427 mi
399 398 607 437 occorse,
627 385 745 426 onde
763 386 802 426 si
822 391 1000 425 mostra
1017 385 1144 424 assai
1164 383 1398 423 satisfatto
1416 390 1460 423 et
1477 395 1569 422 non
1587 385 1787 423 volendo

153 469 226 498 me
247 464 483 498 accettare
505 458 658 497 alcuni
677 457 842 497 danari
863 467 945 507 per
966 457 1284 506 eleemosyna,
1319 455 1357 494 si
1390 458 1413 493 e
1445 454 1608 494 offerto
1639 455 1783 495 d’aiu-

152 529 272 569 tarci
293 529 336 568 al
356 529 571 579 bisogno.

231 599 306 640 Un
333 600 536 651 piovano
564 600 623 639 da
650 599 766 639 bene
792 599 854 638 mi
881 598 1013 638 volse
1048 598 1206 649 parlar
1241 603 1285 637 et
1320 597 1491 636 sentire
1527 596 1643 635 delle
1678 607 1788 636 cose

155 671 275 711 della
292 669 599 721 Compagnia‚
619 675 663 709 et
683 681 766 721 per
787 681 848 709 un
869 669 1012 708 breve
1034 667 1246 707 discorso
1268 666 1352 706 che
1374 679 1430 706 nc
1452 668 1516 717 gli
1538 666 1642 715 feci,
1664 670 1789 706 resto

153 747 283 782 tanto
323 742 566 781 consolato
603 741 687 781 che
722 740 784 779 mi
817 751 995 791 pareva
1030 738 1202 778 vedere
1238 736 1454 777 Simeone
1492 738 1564 776 nel
1596 737 1785 788 tempio,

154 813 338 864 quando
376 812 561 853 Christo
595 812 660 862 gli
694 811 742 850 fu
776 815 1059 862 presentato.
1092 808 1225 849 Onde
1253 809 1316 847 mi
1344 807 1468 847 disse
1497 809 1582 847 che
1618 808 1784 847 voleva

152 896 347 924 narrare
368 884 518 935 quello
541 894 623 933 per
644 882 781 922 modo
804 881 849 921 di
869 881 1059 932 predica
1092 892 1118 920 a
1139 891 1201 920 un
1228 880 1515 919 monasterio
1543 879 1588 918 di
1616 879 1785 924 donne,

153 956 238 995 che
267 966 499 1005 governa,
531 952 636 993 fuor
662 953 781 992 della
811 958 950 1002 terra,
987 951 1108 991 dove
1128 951 1191 990 mi
1211 952 1349 990 vuole
1370 961 1561 990 menare
1591 951 1789 1001 qualche

151 1028 277 1066 volte
299 1039 326 1066 a
346 1026 418 1066 far
438 1024 763 1073 eshortationi;
788 1029 832 1063 et
853 1034 902 1062 se
924 1035 1017 1063 non
1038 1034 1119 1062 era
1146 1034 1208 1062 un
1235 1033 1354 1072 poco
1384 1021 1779 1072 d'impedimento‚

153 1098 195 1139 ci
221 1099 392 1138 voleva
419 1096 566 1136 tenire
587 1096 635 1135 in
666 1107 777 1136 casa
809 1106 907 1135 sua.
939 1095 1014 1135 Un
1043 1095 1163 1134 altro
1191 1094 1397 1145 piovano
1426 1093 1472 1133 di
1502 1098 1631 1132 certa
1658 1092 1786 1143 villa,

152 1169 318 1209 stando
340 1169 386 1208 in
406 1168 603 1207 Firenza
631 1168 840 1219 alquanti
866 1166 1019 1218 giomi
1049 1178 1131 1217 per
1162 1176 1391 1217 purgasse
1420 1165 1538 1204 delle
1568 1163 1788 1204 infirmita

153 1239 404 1290 corporali,
429 1239 490 1278 ha
511 1238 790 1278 cominciato
813 1250 839 1278 a
860 1238 1029 1290 pigliar
1051 1237 1303 1288 purgatiori
1330 1236 1572 1287 spirituale
1594 1235 1700 1275 delli
1720 1246 1785 1274 es-

151 1310 340 1359 sercitii,
365 1310 410 1349 di
442 1309 527 1349 che
547 1309 733 1349 haveva
754 1308 1023 1349 necessario
1046 1314 1089 1348 et
1121 1308 1253 1359 quasi
1275 1313 1484 1347 extremo
1502 1307 1715 1357 bisogno.
1738 1306 1788 1345 Io

150 1392 288 1432 spero
310 1380 395 1420 che
417 1380 471 1421 N.
497 1379 696 1431 Signore
716 1380 820 1420 fara
847 1392 910 1420 un
936 1379 1250 1430 grandissimo
1279 1377 1503 1418 beneficio
1533 1378 1607 1416 all'
1633 1377 1789 1417 anima

155 1464 239 1492 sua
260 1457 304 1492 et
326 1452 384 1492 ad
407 1452 523 1491 altre
542 1463 626 1503 per
646 1463 804 1491 mezzo
827 1451 872 1490 di
892 1452 970 1490 lui.

229 1523 335 1563 Non
365 1523 484 1563 altro
511 1535 594 1574 per
621 1523 738 1562 hora
770 1533 915 1562 senon
947 1523 1032 1561 che
1062 1521 1527 1561 humilissimamcnte
1556 1520 1600 1559 ci
1628 1531 1786 1559 racco—

148 1594 417 1634 mandiamo
439 1595 527 1634 alle
548 1594 750 1634 orationi
773 1593 990 1634 continue
1012 1592 1132 1632 della
1154 1592 1207 1632 R.
1231 1592 1290 1632 V.
1321 1599 1364 1631 et
1396 1592 1502 1630 delli
1523 1590 1616 1630 R.di
1645 1589 1787 1630 Padri

151 1672 195 1705 et
221 1665 486 1705 charissimi
504 1664 698 1705 Fratelli
717 1664 866 1704 nostri
886 1663 1005 1704 tutti.

232 1735 305 1776 Da
325 1736 524 1776 Firenza
546 1736 623 1775 alli
643 1735 691 1776 21
717 1736 761 1775 di
783 1735 975 1785 Maggio
1002 1735 1118 1774 1547.

231 1807 365 1847 Della
386 1807 489 1846 R.da
517 1806 566 1847 Ρ.
590 1806 650 1846 V.

231 1877 378 1918 Servo
400 1878 727 1928 indignissimo
754 1878 800 1917 in
821 1877 1008 1918 Christo
1031 1876 1199 1927 Giesu‚

1084 2038 1289 2078 ANDREA
1320 2048 1382 2075 DA
1413 2035 1570 2075 me.

235 2233 587 2284 Superscmptz‘o
612 2251 656 2265 2:
675 2232 707 2284 †
727 2233 787 2273 Al
808 2234 950 2273 molto
969 2232 1070 2272 R.d0
1092 2231 1140 2271 P.
1166 2232 1213 2271 in
1234 2231 1318 2271 X.0
1338 2231 1398 2271 M.
1432 2230 1614 2281 lgm-itio
1636 2229 1681 2269 di
1701 2229 1789 2268 Lo-

154 2305 282 2356 yola,
306 2311 350 2344 et
372 2304 535 2344 Oss.11¹0
556 2305 669 2355 mio,
692 2305 739 2344 in
760 2304 922 2344 Roma.

235 2375 328 2415 His
355 2375 601 2416 Polancus
634 2375 977 2427 superscrzpsit
1006 2375 1054 2414 in
1090 2374 1292 2414 secundo
1311 2373 1436 2423 folio
1466 2383 1629 2412 verso:
1662 2371 1775 2411 fiorf

159 2447 258 2487 1547
279 2446 336 2486 de
356 2446 404 2486 21
429 2446 485 2486 de
506 2446 712 2498 Maggio.
736 2446 798 2486 M.
822 2446 1027 2487 Andrea.

236 2518 299 2558 Et
319 2517 416 2557 alia
437 2528 634 2557 manns:
654 2518 698 2557 la
721 2517 950 2558 duchessa
977 2517 1162 2557 sentiva
1187 2517 1304 2557 bene
1333 2516 1451 2556 della
1480 2513 1784 2565 Compagnia.

155 2588 567 2628 Incominciavano
588 2588 646 2627 ad
668 2588 918 2638 insegnare
938 2589 982 2628 la
1004 2587 1206 2628 dottrina
1229 2586 1484 2626 christiana
1508 2587 1548 2625 a'
1572 2584 1704 2636 putti.

1777 2372 1789 2389 Ι»
