2074 3179
862 187 945 224 AN.
977 186 1068 224 1552
1711 186 1782 223 713

149 286 278 326 accio
312 286 350 325 si
384 284 730 335 contemperino
758 283 785 322 l’
810 295 901 323 uno
931 289 974 322 et
1004 284 1031 322 l’
1063 284 1181 322 altro
1210 281 1418 333 Collegio
1449 283 1571 322 nella
1599 282 1777 333 qualita

151 357 219 397 de’
241 356 443 397 scholari
468 355 493 395 ¹.

227 427 298 467 Ha
320 426 551 478 piacciuto
578 427 623 465 al
648 424 845 475 signore
877 424 1004 465 Iddio
1035 430 1227 464 mettere
1249 430 1320 464 tra
1350 424 1416 475 gli
1438 423 1617 474 angioli
1639 423 1671 463 il
1698 436 1777 463 no-

146 505 243 538 stro
282 497 486 537 Maestro
521 496 723 547 Angiolo
758 496 786 545 ²,
829 507 917 536 con
955 496 1096 536 molta
1137 500 1299 535 nostra
1334 494 1657 534 consolatione
1696 495 1776 546 piu

146 574 302 620 presto
333 567 417 608 che
444 568 782 619 compassione.
817 565 1084 607 Solamente
1119 566 1160 606 ci
1194 565 1429 606 rincresce
1464 564 1549 605 che
1584 577 1678 605 non
1718 566 1777 605 ha

148 629 261 679 fatto
289 645 453 690 questo
482 639 679 678 transito
707 638 753 677 in
783 650 894 678 casa
927 643 1101 677 nostra.
1140 637 1206 677 La
1237 648 1382 677 causa
1415 636 1464 677 fu
1494 636 1681 688 perche,
1707 648 1777 677 es-

146 709 290 750 sendo
311 710 389 760 gia
410 720 568 749 mezzo
590 709 798 748 risanato
827 715 871 748 et
894 719 1024 748 come
1041 719 1156 748 sano
1173 708 1217 747 al
1244 718 1328 747 suo
1357 713 1589 758 costume‚
1624 719 1777 747 venne

147 781 191 821 in
211 780 410 821 Venetia
439 793 465 820 a
497 792 608 821 casa
634 780 704 820 de’
743 779 911 819 fratelli
945 791 1026 831 per
1055 779 1254 819 visitarli
1280 784 1324 818 et
1353 779 1659 829 congratular
1684 779 1774 818 alla

146 853 318 903 partita
345 853 430 892 che
457 853 685 892 sacevano
715 851 822 891 tutti
852 858 921 890 tre
948 862 1085 890 verso
1116 849 1321 900 Vienna,
1355 850 1552 890 essendo
1586 849 1617 889 il
1648 861 1775 901 mag-

144 924 248 974 gior
276 924 499 964 mandato
528 934 610 975 per
637 923 926 963 ambasciam
962 922 1005 962 al
1040 921 1106 961 Re
1141 921 1211 961 de’
1249 921 1463 961 Romani.
1501 921 1577 961 Ma
1614 922 1775 973 partiti

145 995 263 1045 loro,
295 995 446 1034 subito
469 995 507 1034 si
535 994 687 1034 amalo
717 993 763 1033 di
791 1005 935 1043 novo,
969 999 1012 1032 et
1043 992 1259 1032 havendo
1294 993 1450 1033 animo
1482 992 1527 1032 di
1562 999 1725 1033 tornar
1747 1006 1773 1032 a

148 1065 301 1105 Padoa
322 1078 405 1117 per
424 1067 501 1116 piu
532 1064 814 1105 commodita
835 1065 877 1104 d'
903 1065 1014 1115 ogni
1039 1064 1257 1114 bisogno,
1287 1076 1379 1104 non
1406 1064 1537 1104 volse
1558 1063 1631 1103 far
1652 1065 1773 1104 altra

146 1137 418 1181 mutatione,
452 1148 540 1176 con
572 1148 742 1187 pensas
770 1136 815 1175 di
846 1135 1077 1175 rihaversi
1104 1141 1282 1186 presto:
1315 1147 1391 1174 ma
1412 1136 1456 1175 la
1478 1146 1589 1174 cosa
1620 1147 1773 1175 venne

144 1221 170 1248 a
200 1208 290 1247 tale
319 1207 390 1247 fra
418 1208 555 1259 pochi
582 1208 646 1258 di,
677 1207 762 1247 che
789 1219 881 1247 non
908 1207 947 1246 si
974 1207 1158 1246 doveva
1187 1218 1376 1246 movere
1406 1218 1488 1258 per
1519 1206 1693 1258 niente,
1725 1214 1769 1247 et

142 1291 235 1320 non
268 1281 311 1319 10
346 1279 668 1319 haveressimo
702 1285 863 1330 potuto
898 1278 1076 1318 condur
1106 1277 1165 1318 da
1195 1278 1272 1317 noi
1306 1289 1447 1317 senza
1481 1278 1688 1329 periculo
1725 1278 1772 1318 di

141 1351 344 1391 causarli
366 1363 391 1390 0
413 1351 459 1390 di
481 1350 719 1390 acceleras
740 1351 783 1389 la
805 1356 968 1389 morte.
998 1349 1066 1389 Ne
1087 1348 1235 1388 anche
1256 1349 1300 1388 10
1317 1348 1651 1388 haverebbono
1672 1361 1770 1400 per-

141 1433 294 1461 messo
330 1422 435 1473 quei
471 1421 515 1461 di
550 1433 673 1460 casa.
708 1420 811 1460 Non
840 1421 882 1460 ci
909 1423 933 1459 e
968 1425 1187 1460 mancato
1217 1431 1300 1471 per
1336 1420 1381 1459 la
1419 1419 1575 1470 gratia
1611 1419 1772 1459 divina

141 1493 182 1532 d'
203 1493 313 1544 ogni
330 1491 477 1532 officio
500 1492 838 1532 charitatevole
854 1497 899 1531 et
914 1491 1143 1541 fraterno,
1167 1490 1450 1530 visitandolo
1472 1490 1582 1541 ogni
1602 1491 1771 1541 giorno

140 1570 184 1604 et
217 1564 653 1615 accompagnando,
684 1575 775 1603 non
807 1569 990 1603 ostante
1020 1563 1064 1602 la
1094 1562 1452 1602 discommodita
1474 1573 1609 1601 come
1637 1562 1681 1601 la
1709 1562 1772 1601 di-

139 1635 311 1675 stantia
332 1635 372 1675 d'
393 1646 455 1674 un
476 1634 642 1674 luocho
665 1634 738 1673 all'
763 1634 901 1684 altro,
927 1634 1012 1673 che
1033 1637 1057 1673 e
1086 1634 1269 1672 almeno
1297 1645 1358 1673 un
1385 1632 1559 1683 miglio.
1590 1632 1637 1672 Io
1659 1633 1687 1672 l‘
1711 1633 1771 1672 ho

141 1705 405 1746 confessato
428 1707 506 1757 piu
526 1706 651 1745 volte
673 1712 717 1745 et
738 1705 1100 1755 communicato,
1132 1703 1397 1754 dicendogli
1424 1715 1592 1744 messa.
1618 1702 1773 1755 Dopol

139 1777 284 1816 hebbe
306 1777 349 1816 la
371 1784 505 1816 santa
532 1777 742 1826 untione,
773 1776 1015 1815 consolato
1046 1781 1090 1814 et
1119 1775 1336 1826 vigilato,
1366 1774 1428 1815 fin
1457 1775 1530 1814 all’
1556 1775 1672 1815 hora
1697 1775 1770 1814 dcl

137 1859 221 1886 suo
252 1847 443 1887 decesso
472 1848 614 1887 molto
648 1846 911 1887 edificativo
938 1852 1002 1897 et,
1032 1857 1164 1886 come
1199 1846 1237 1885 si
1271 1849 1362 1897 puo
1399 1845 1583 1897 creder,
1622 1851 1769 1886 certa-

138 1924 290 1958 mente
310 1918 591 1958 felicissimo.
624 1917 914 1957 Nondimeno
944 1929 1038 1956 non
1068 1917 1109 1957 ci
1140 1921 1163 1957 e
1193 1923 1411 1957 mancato
1443 1921 1500 1957 ne
1530 1928 1700 1957 manca
1724 1917 1770 1956 di

136 1990 311 2040 dargli,
333 1989 536 2029 secondo
563 1990 607 2029 la
636 1988 790 2029 debita
817 1989 1018 2038 charita,
1049 1989 1089 2028 le
1119 1988 1318 2028 orationi
1349 1993 1393 2027 et
1428 1987 1639 2039 suffragii
1662 1999 1770 2028 con-

137 2061 269 2101 sueti.
293 2061 349 2100 Et
370 2060 647 2112 preghiamo
668 2060 713 2099 la
734 2059 782 2099 P.
807 2058 865 2099 V.
890 2059 961 2099 ch’
984 2060 1071 2099 ella
1093 2058 1243 2099 faccia
1265 2058 1338 2098 far
1360 2059 1391 2098 il
1412 2059 1561 2099 simile
1582 2059 1703 2099 dove
1724 2066 1769 2099 et

137 2143 268 2171 corne
288 2131 459 2182 meglio
487 2131 519 2170 li
548 2134 731 2181 parera.
764 2130 812 2170 Io
842 2141 981 2181 posso
1011 2129 1234 2169 testificar
1254 2129 1328 2169 ch'
1347 2130 1440 2180 egli
1466 2130 1654 2170 haveva
1677 2142 1768 2171 una

136 2203 346 2242 mirabile
369 2202 614 2242 affectione
637 2214 664 2241 a
684 2203 782 2241 star
803 2213 830 2240 a
851 2201 1002 2241 servir
1020 2213 1046 2240 a
1063 2200 1152 2241 Dio
1173 2200 1295 2240 nella
1316 2200 1632 2252 Compagnia,
1657 2202 1768 2242 dan-

136 2273 215 2321 d0‚
238 2285 287 2313 se
309 2274 349 2313 si
369 2274 537 2312 Voleva
564 2272 794 2323 ricevere,
828 2277 945 2312 tutto
976 2271 1005 2311 il
1036 2283 1120 2312 suo
1141 2272 1370 2323 temporal
1399 2283 1426 2311 a
1457 2271 1762 2323 dispositione

135 2345 181 2384 di
209 2355 335 2394 essa;
365 2356 439 2384 ma
471 2355 551 2394 per
580 2343 722 2383 buoni
751 2343 931 2395 rispetti
960 2354 1053 2383 non
1082 2354 1221 2394 parse
1251 2343 1336 2383 che
1367 2348 1574 2384 accettar
1611 2344 1650 2383 si
1686 2344 1763 2384 do—

136 2427 285 2456 vesse.
309 2415 401 2455 Pur
422 2415 520 2455 fece
542 2426 603 2454 un
624 2426 708 2455 suo
729 2419 1007 2454 testamento
1030 2426 1118 2454 con
1139 2414 1253 2455 certi
1285 2415 1446 2466 legati,
1481 2415 1566 2455 che
1594 2415 1763 2456 adesso

135 2487 388 2537 bisognara
407 2486 578 2526 vedere
599 2484 644 2525 di
664 2484 738 2525 far
764 2485 849 2525 che
877 2496 958 2535 per
991 2486 1035 2524 la
1066 2484 1285 2536 Signoria
1306 2486 1352 2526 di
1373 2485 1575 2526 Venetia
1595 2487 1666 2526 sia
1687 2498 1765 2538 ap-

135 2558 347 2608 probato.
389 2556 574 2607 Quanto
614 2557 657 2596 al
697 2568 839 2608 corpo
874 2557 919 2597 di
953 2556 1080 2596 detto
1116 2556 1319 2607 fratello,
1358 2557 1607 2598 habbiamo
1643 2558 1761 2598 fatto

132 2627 311 2678 grande
332 2627 555 2668 instantia
576 2638 660 2678 per
680 2627 944 2667 inhumarlo
968 2628 1015 2667 in
1034 2628 1080 2667 la
1101 2627 1258 2667 chiesa
1279 2634 1464 2679 nostra,
1488 2630 1761 2669 mostrando

187 2763 197 2782 ¹
236 2763 285 2790 De
301 2763 340 2790 iis
356 2767 510 2797 quatuor,
525 2763 565 2790 D.
585 2763 772 2796 Giovanni,
785 2763 860 2790 Don
876 2763 1064 2790 Desiderio
1076 2764 1175 2797 (alius
1190 2771 1209 2791 a
1224 2763 1461 2799 Lotharingio,
1478 2764 1533 2799 qui
1544 2768 1623 2792 tune
1635 2769 1764 2800 tempo-

133 2810 179 2837 ris
194 2810 329 2846 Tybure
346 2810 493 2844 degebat
508 2811 626 2845 etjam
640 2811 683 2837 ab
698 2810 827 2845 aliquot
851 2811 947 2838 annis
969 2811 1129 2838 sacerdos
1152 2813 1251 2844 erat),
1273 2811 1404 2839 Aloisio
1426 2815 1461 2839 et
1482 2812 1662 2847 Gasparo,
1676 2813 1756 2840 licet

133 2865 248 2884 eorum
263 2858 399 2885 nomina
419 2858 554 2892 saepius
574 2858 605 2885 in
630 2857 683 2885 his
706 2862 740 2885 et
763 2858 795 2885 in
816 2858 940 2892 Ignatii
956 2863 1057 2893 atque
1074 2858 1210 2886 Polanci
1227 2859 1352 2887 litteris
1366 2860 1562 2894 legerimus,
1575 2860 1661 2888 certi
1677 2861 1763 2888 nihil

132 2904 256 2932 addere
279 2906 444 2932 valemus.

184 2952 198 2970 ²
238 2952 390 2987 Angelus
405 2952 578 2980 Surianus.
597 2953 647 2980 De
663 2961 700 2981 eo
716 2954 852 2988 ejusque
871 2954 976 2981 fratre
992 2957 1075 2980 natu
1089 2954 1227 2989 majore,
1244 2955 1298 2989 qui
1315 2955 1492 2983 dicebatur
1508 2956 1665 2990 Michael,
1684 2966 1760 2985 con-

131 3000 202 3026 sule
216 2999 387 3031 POLANco,
406 2999 540 3032 (Ἤνοπι,
551 3005 574 3027 t.
593 3008 627 3028 11.
