2074 3179
896 174 980 211 AN.
1011 173 1097 210 1551
1745 170 1814 208 337

185 285 477 320 mansurum,
515 273 553 312 si
587 270 851 322 hujusmodi
877 271 1104 320 rationes,
1133 281 1252 321 quae
1279 274 1390 308 tunc
1416 269 1811 319 proponebantur,

185 345 348 385 audire
376 343 662 394 contigisset.
695 342 926 393 Dignetur
953 343 1033 381 lux
1060 347 1221 381 eterna
1249 340 1291 379 ei
1318 339 1589 378 illucescere
1616 345 1665 378 ut
1692 345 1812 379 tene-

185 417 294 457 bras
315 427 477 455 eorum
496 425 691 466 prorsus
714 413 941 453 excutiat!

266 486 399 538 Quod
426 485 485 526 ad
513 485 666 525 studia
694 491 855 524 nostra
877 484 1055 534 attinet,
1079 493 1175 522 tam
1195 493 1368 533 graeca
1389 492 1529 532 quam
1550 481 1710 528 latina,
1734 492 1814 531 per

185 558 273 598 Dei
292 557 496 609 gratiam
514 569 608 596 non
629 556 754 595 aliud
775 567 914 607 quarn
934 555 1050 594 bene
1071 565 1127 593 ea
1147 552 1402 605 procedere
1423 551 1515 591 dici
1535 557 1705 602 potest.

265 629 490 669 Valemus
517 634 561 667 et
589 639 799 678 corpore.
830 626 1019 666 Utinam
1046 631 1090 665 et
1125 630 1278 664 mente
1303 634 1386 675 per
1413 623 1523 675 Jesu
1552 621 1627 662 Χ.ί
1654 622 1816 662 salutis

185 706 373 740 nostrae
394 699 598 750 gratiam
619 710 712 738 non
733 698 886 737 minus
907 697 1162 737 valeamus.
1187 695 1351 735 Amen.

265 771 496 821 Venetus,
520 770 571 809 '23
594 769 703 809 maii
729 768 843 807 1551.

1173 910 1363 949 CAESAR
1393 907 1603 947 HELMUs.

852 1262 1158 1317 LXXXIX

259 1493 308 1530 P.
327 1492 544 1531 Silvester
562 1492 788 1529 Landinus

308 1558 431 1595 Patri
448 1558 618 1606 Ignatio
638 1557 691 1594 de
710 1557 895 1604 Loyola.

357 1623 535 1669 Mutina,
558 1622 603 1659 29
621 1622 726 1667 Maii
747 1622 834 1659 1551
856 1623 880 1659 ¹.

404 1688 638 1736 (Excerpta
657 1698 712 1725 ex
729 1687 903 1733 litteris)

614 1831 666 1857 Ex
681 1830 757 1858 aliis
773 1830 923 1864 ejusdem
938 1830 1063 1857 litteris
1077 1829 1141 1856 29.n
1154 1827 1233 1863 Masi
1249 1830 1396 1863 scriptis.

270 1965 372 2005 Hac
393 1963 686 2004 hebdomada
706 1964 753 2003 in
772 1964 1041 2003 visitatione
1062 1962 1197 2013 hujus
1218 1963 1444 2003 dioecesis
1465 1969 1683 2003 versatus
1705 1975 1822 2004 sum.

191 2036 393 2076 Fructus
426 2034 683 2086 spiritualis
710 2034 872 2074 similis
902 2033 989 2074 fuit
1017 2045 1123 2074 cum
1150 2033 1324 2084 scripto
1355 2032 1440 2073 16.ἃ
1471 2032 1608 2084 hujus
1634 2035 1823 2074 mensis.

192 2106 525 2148 Ordinavimus
545 2111 595 2145 ut
616 2105 812 2156 singulis
833 2105 880 2144 in
900 2105 1015 2144 locis
1034 2104 1355 2144 institueretur
1376 2104 1577 2144 societas
1604 2104 1828 2155 Corporis

191 2178 394 2228 Domini,
414 2182 463 2216 ut
479 2176 570 2216 duo
586 2176 677 2216 viri
691 2176 800 2216 boni
817 2175 875 2215 ad
891 2175 1152 2215 discordias
1169 2175 1532 2226 componendas,
1552 2175 1745 2215 totidem
1767 2176 1826 2216 ad

191 2249 548 2290 subventionem
567 2258 841 2299 pauperum,
860 2246 1238 2298 praeficerentur.
1264 2246 1596 2286 Ordinavimus
1616 2246 1758 2287 etiam
1778 2254 1827 2286 ut

189 2320 237 2360 in
275 2320 472 2370 singulis
511 2318 746 2369 ecclesiis,
782 2317 1060 2358 habentibus
1094 2328 1257 2357 curam
1291 2317 1574 2368 animarum,
1613 2318 1827 2358 doctrina

190 2390 447 2432 christiana
469 2394 712 2429 enarretur
733 2388 1065 2439 pomeridianis
1086 2388 1213 2428 horis
1229 2394 1274 2428 et
1290 2388 1336 2428 id
1352 2387 1513 2428 diebus
1530 2388 1662 2429 festis
1684 2390 1826 2429 omni-

190 2462 290 2502 bus.
313 2461 565 2501 Praeterea
595 2459 907 2511 disposuimus
935 2459 1050 2499 duos
1079 2460 1300 2510 populos,
1327 2459 1547 2499 nimirum
1574 2459 1827 2500 Castellum

190 2544 364 2573 novum
394 2538 438 2572 et
465 2531 718 2582 Foianum,
753 2530 812 2571 ad
838 2542 1004 2582 pacem
1032 2530 1319 2581 faciendam,
1352 2530 1475 2581 quod
1508 2536 1737 2571 tentatum
1769 2532 1826 2571 ab

190 2604 422 2656 Episcopo
457 2609 502 2644 et
536 2602 871 2654 temporalibus
904 2601 1102 2642 dominis
1128 2601 1304 2642 frustra
1330 2601 1496 2642 fuerat.
1528 2601 1659 2642 Duos
1687 2603 1826 2642 etiam

192 2675 329 2726 alios,
354 2676 552 2715 alterurn
573 2674 628 2714 de
649 2673 821 2714 Sancto
843 2672 1043 2725 Alvaso‚
1067 2674 1266 2713 alterum
1292 2673 1565 2725 De1visano,
1598 2674 1676 2725 qui
1705 2674 1827 2714 inter

191 2759 240 2786 se
261 2747 488 2786 hactenus
509 2744 805 2785 reconciliari
823 2756 1063 2796 nunquam
1083 2750 1347 2796 potuerunt.
1380 2745 1432 2784 In
1458 2745 1547 2784 hac
1576 2756 1691 2785 vero
1719 2745 1827 2785 visi-

192 2817 381 2867 tatione,
408 2816 531 2856 R.dae
552 2815 605 2856 T.
628 2815 678 2856 P.
703 2815 939 2856 orationes
956 2822 1000 2856 et
1016 2816 1159 2856 totius
1176 2814 1423 2855 Societatis
1441 2816 1826 2867 impetraverunt,

248 2977 256 2996 ¹
300 2975 549 3010 Apographum
565 2976 598 3003 in
612 2975 667 3002 fol.
682 2975 717 3002 49
731 2974 862 3002 Codicis
879 2975 958 3002 1551.

383 3035 431 3068 Τ.
458 3046 484 3068 1.
1548 3047 1591 3070 22
