2074 3179
152 150 223 188 408
665 152 893 190 LITTERAE
919 165 1276 196 QUADRIMESTRES

153 249 360 289 cessario
382 254 614 301 tenentur,
641 256 864 302 tantaque
891 263 983 291 uno
1005 251 1261 304 eodemque
1289 259 1497 305 tempore
1526 261 1781 295 occurrunt

153 320 352 370 agenda,
378 326 422 360 et
443 321 578 372 plura
600 321 741 360 etiam
763 321 810 360 in
825 321 924 361 dies
945 322 1165 363 videntur
1186 335 1451 375 accessura,
1476 330 1525 365 ut
1546 326 1691 366 multa
1710 327 1785 366 vel

153 392 384 443 omittere,
404 393 479 433 vel
496 394 661 433 saltem
677 393 724 432 in
741 393 866 433 aliud
884 392 1077 445 rejicere
1095 399 1292 446 tempus,
1316 397 1636 437 necessarium
1657 397 1729 437 sit.

232 463 292 504 Ut
315 464 455 504 etiam
473 454 648 515 aliquid
669 464 725 504 de
746 464 920 504 nostris
936 465 1135 516 privatis
1155 465 1322 506 studiis
1339 472 1384 506 et
1401 467 1637 507 exercitiis
1653 467 1705 508 T.
1730 468 1780 508 P.

153 534 397 586 intelligat,
417 535 622 587 quotidie
640 535 776 575 simul
792 547 930 576 mane
946 547 1136 576 sacrum
1151 536 1381 589 audimus3
1399 538 1614 589 privatae
1631 545 1786 579 autem

154 605 394 646 orationes
433 613 476 646 et
512 606 829 646 conscientiae
868 607 1087 647 examina
1128 607 1332 659 quotidie
1367 608 1464 648 suis
1498 610 1786 661 temporibus

154 676 292 728 fiunt;
328 683 375 718 at
406 689 555 729 neque
590 677 649 717 ob
688 677 736 717 id
776 689 890 718 sane
924 678 1078 718 studia
1111 678 1373 719 litterarum
1407 685 1515 720 sunt
1550 681 1785 720 remissio-

153 760 222 788 ra.
246 748 382 800 Legit
409 760 609 800 namque
636 749 763 790 domi
789 749 911 789 R du⁵
932 750 981 790 P.
1015 749 1238 790 Nicolaus
1272 750 1386 790 satis
1415 762 1552 791 mane
1583 751 1785 792 dialecti-

156 831 271 872 cem,
303 821 381 872 qui
407 821 581 872 alioqui
608 833 702 862 non
722 833 890 873 parum
920 821 1131 862 facturus
1153 822 1415 873 videbatur,
1439 823 1478 862 si
1503 828 1549 863 et
1572 823 1787 874 publicae

156 891 442 943 Theologiae
462 892 651 933 lectioni
672 898 717 933 et
738 893 1101 934 domesticarum
1127 905 1283 934 rerum
1304 893 1629 945 praefecturae
1655 894 1784 935 satis-

156 963 346 1004 faceret.
388 963 643 1005 Isocratem
676 976 902 1016 graecum
942 964 1002 1006 M.
1045 964 1349 1006 Schorichius
1387 965 1720 1017 interpretatur
1760 978 1786 1005 a

157 1036 374 1088 prandio;
400 1036 575 1088 aliquid
595 1037 652 1077 de
673 1036 922 1077 rhetoricis
943 1036 1003 1077 M.
1027 1037 1250 1088 Erardus,
1275 1049 1458 1077 necnon
1478 1037 1534 1078 de
1554 1049 1787 1089 gramma-

156 1108 260 1149 ticis
280 1108 560 1160 praeceptis,
585 1107 830 1148 destinatis
847 1108 990 1159 horis,
1012 1108 1218 1160 exponit.
1242 1109 1345 1159 Ego
1365 1120 1478 1149 vero
1494 1109 1666 1149 bonam
1684 1121 1787 1160 par—

156 1186 250 1220 tem
269 1179 375 1219 libri
405 1179 648 1219 Ciceronis
674 1180 730 1219 de
756 1178 982 1230 amicitia,
1010 1185 1059 1220 ut
1094 1179 1239 1232 potui,
1272 1180 1502 1220 hactenus
1537 1180 1785 1232 explicavi;

155 1251 609 1303 grammaticamque
630 1262 855 1302 graecam
876 1250 1097 1291 Clenardi
1117 1262 1224 1293 cum
1244 1250 1468 1291 fratribus
1489 1257 1588 1291 tum
1608 1256 1786 1303 repetO,

155 1328 254 1362 tum
274 1322 416 1362 etiam
437 1333 557 1374 quae
578 1334 672 1362 non
694 1322 943 1362 audierunt
965 1322 1181 1373 explano,
1205 1322 1269 1362 ita
1286 1327 1349 1373 ut,
1375 1333 1481 1362 cum
1501 1322 1605 1362 illos
1622 1321 1790 1374 juvare

156 1394 453 1445 contendam,
477 1405 551 1434 me
573 1393 726 1445 magis
747 1394 847 1446 ipse
870 1393 1055 1434 erudire
1075 1393 1300 1434 laborem.
1323 1393 1464 1434 Fiunt
1491 1393 1791 1445 repetitiones

155 1464 360 1516 quotidie
377 1476 384 1517 ;
405 1465 745 1517 disputationes
760 1476 877 1505 vero
895 1464 1163 1505 dialectices
1179 1470 1222 1504 et
1238 1464 1572 1516 grammatices
1588 1475 1792 1515 graecae

153 1537 296 1577 certis
317 1536 479 1577 diebus
500 1537 546 1577 in
567 1536 862 1577 hebdomada
879 1536 1170 1588 constitutis3
1194 1536 1500 1588 epistolarum
1517 1536 1792 1588 compositio

151 1620 246 1649 non
268 1609 518 1660 omittitur;
550 1614 893 1660 componuntur
914 1614 959 1648 et
989 1608 1201 1648 carmina
1221 1608 1269 1648 in
1296 1607 1579 1648 Sanctorum
1606 1607 1794 1648 laudem

155 1685 234 1720 aut
261 1679 317 1720 de
345 1680 502 1732 aliqua
528 1691 578 1720 re
605 1680 697 1731 pia.
735 1679 910 1720 Ordine
944 1680 1213 1732 spirituales
1249 1679 1390 1719 etiam
1426 1679 1792 1719 declamationes

154 1751 318 1792 diebus
347 1751 501 1803 festis,
531 1751 641 1792 dum
668 1751 833 1803 reliqui
865 1757 1084 1802 coenant,
1116 1751 1346 1791 habentur
1382 1751 1439 1791 ab
1471 1751 1642 1802 aliquo.
1674 1749 1794 1791 Aliis

155 1828 314 1864 autem
334 1823 512 1874 diebus,
536 1829 580 1863 et
600 1834 738 1863 mane
760 1828 804 1863 et
826 1834 1039 1874 vespere,
1063 1822 1127 1874 pii
1148 1821 1343 1873 alicujus
1369 1822 1475 1862 libri
1499 1822 1714 1862 audimus
1734 1822 1792 1861 le-

156 1894 372 1945 ctionem,
397 1895 571 1935 lectore
601 1893 765 1934 ordine
792 1894 1087 1946 praestituto.
1119 1892 1318 1934 Accedit
1345 1893 1417 1933 his
1449 1893 1664 1934 omnibus
1684 1904 1795 1944 quo-

157 1978 245 2018 que
272 1965 539 2018 hujusmodi
559 1966 836 2006 exercitium
858 1964 1108 2017 quoddam,
1133 1977 1225 2017 quo
1248 1970 1292 2005 et
1313 1964 1512 2005 studiosi
1532 1964 1731 2005 excitari
1751 1969 1797 2004 et

156 2037 322 2078 melius
345 2049 464 2089 quae
486 2037 573 2077 PP.
597 2038 759 2089 legunt
780 2037 1024 2089 percipere
1045 2036 1241 2088 possint,
1266 2042 1316 2077 ut
1341 2036 1484 2087 aliqui
1505 2042 1718 2076 nostrum
1747 2035 1797 2075 in

158 2109 399 2149 communi
419 2109 753 2150 Universitatis
774 2108 1025 2160 gymnasio
1043 2107 1099 2148 de
1116 2108 1221 2159 illis,
1243 2119 1363 2159 quae
1379 2107 1544 2148 Patres
1561 2106 1794 2158 petierint,

158 2181 405 2232 rationem,
431 2187 526 2231 aut,
556 2192 718 2220 eorum
740 2180 951 2232 repetitis
972 2179 1278 2231 argumentis,
1302 2190 1582 2231 responsum
1604 2177 1799 2234 reddere

160 2252 374 2293 debeant.
400 2252 534 2304 Quod
555 2252 741 2304 quidem
763 2252 950 2292 assidue
978 2251 1155 2292 factum
1175 2257 1260 2302 est,
1293 2256 1337 2291 et
1357 2250 1406 2291 fit
1427 2250 1569 2290 etiam
1595 2261 1732 2300 nunc,
1755 2250 1799 2289 in

161 2323 360 2364 lectione
382 2323 494 2364 Mstsi
517 2323 872 2374 sententiarum,
897 2334 1179 2375 unaquaque
1200 2322 1499 2362 distinctione
1516 2322 1742 2362 absoluta.

243 2394 516 2435 Domestica
537 2406 651 2435 vero
674 2394 840 2445 officia,
866 2394 1094 2434 hactenus
1112 2393 1158 2433 in
1178 2393 1349 2434 fratres
1371 2393 1617 2433 distributa
1638 2424 1645 2443 ,
1668 2403 1800 2444 prae-

161 2466 298 2507 dictis
333 2466 568 2507 adduntur
602 2466 859 2516 exercitiis;
896 2477 1048 2517 neque
1081 2464 1413 2517 Philosophiae
1448 2463 1691 2515 magistris
1726 2474 1800 2503 co-

160 2538 303 2590 quina
338 2537 564 2589 pepercit,
602 2537 680 2589 qui
716 2543 846 2577 tanto
882 2537 1035 2588 magis
1069 2548 1119 2577 se
1153 2536 1273 2577 forte
1309 2536 1547 2587 digniores
1581 2540 1800 2586 reputant

163 2614 339 2661 quanto
362 2608 536 2649 diutius
556 2608 638 2648 tali
658 2620 743 2659 pro
764 2608 886 2660 Xpo.
909 2608 1043 2659 fungi
1069 2607 1206 2648 datur
1228 2607 1393 2657 officio,
1417 2618 1512 2646 non
1528 2606 1802 2657 ignorantes

164 2692 301 2737 posse
319 2680 419 2720 sine
431 2679 598 2720 litteris
610 2680 796 2729 multos,
817 2679 916 2719 sine
930 2679 1191 2719 humilitate
1208 2691 1322 2719 vero
1336 2677 1582 2728 neminem,
1600 2677 1804 2729 patriam

164 2751 358 2792 introire
387 2751 653 2791 coelestem.

244 2822 330 2863 His
352 2829 508 2863 autem
529 2822 743 2873 scriptis,
768 2820 871 2861 aliis
892 2821 1032 2861 etiam
1063 2833 1157 2860 non
1184 2821 1448 2860 inconsulto
1478 2819 1687 2869 omissis,
1720 2818 1803 2859 sed

166 2894 226 2934 ad
246 2893 472 2945 majorem
493 2893 580 2934 Dei
601 2893 801 2944 gloriam
822 2893 868 2933 in
890 2892 1015 2933 aliud
1043 2899 1226 2943 tempus
1247 2891 1453 2943 rejectis,
1477 2890 1589 2931 illud
1615 2890 1803 2930 omnino

165 2976 258 3006 non
280 2965 570 3006 reticendum
592 2963 855 3004 videbatur:
879 2964 1078 3014 venisse,
1103 2963 1338 3013 videlicet,
1361 2962 1589 3002 hactenus
1608 2961 1803 3002 nonnul-
