2074 3179
176 102 250 139 426
692 105 919 142 LITTERAE
946 117 1304 150 QUADRIMESTRES

177 199 302 238 nosti
332 204 375 238 et
404 211 565 240 omnes
597 200 672 240 hic
700 201 892 241 laudant
921 207 965 241 et
996 201 1332 254 admirantur),
1369 203 1520 244 eidem
1553 204 1651 256 ipse
1686 203 1814 244 Patri

178 269 435 321 mandavit,
460 282 487 310 a
510 283 597 322 quo
620 271 884 311 admonitus
904 271 1070 322 fuerat,
1094 279 1143 313 ut
1165 274 1322 324 capita
1350 275 1580 325 quaedam
1609 275 1808 315 conseri>

177 341 320 391 beret,
345 353 463 392 quae
484 342 653 393 ubique
675 343 721 382 in
742 342 832 382 hoc
852 354 1000 394 regno
1021 344 1399 384 observarentur.
1423 345 1552 385 Haec
1576 352 1731 386 autem
1753 346 1810 385 ab

175 424 232 452 eo
254 417 416 452 notata
436 412 639 459 fuerunt:
663 419 712 453 ut
732 424 945 464 vespere,
969 426 1106 454 mane
1127 420 1171 454 et
1193 415 1386 455 meridie
1407 416 1454 456 in
1474 416 1643 468 majori
1672 417 1813 457 eccle—

177 483 250 523 sia
272 495 503 535 campana
525 485 811 536 pulsaretur,
836 497 926 536 qua
948 485 1128 536 audita,
1153 497 1313 526 omnes
1340 487 1617 539 ubicumque
1645 494 1814 538 essent,

179 554 378 605 genibus
399 555 546 606 flexis,
566 567 649 606 pro
666 556 1005 607 tranquillitate
1023 557 1262 597 Ecclesiae
1279 563 1323 597 et
1339 557 1657 598 incolumitate
1674 559 1817 599 totius

182 626 339 677 populi
362 626 606 666 christiani
629 632 832 678 orarent;
857 634 955 667 tum
976 628 1117 668 etiam
1139 634 1189 668 ut
1210 629 1256 668 in
1283 629 1496 669 omnibus
1525 629 1653 669 horis
1683 641 1817 670 cano-

179 697 300 737 nicis
320 697 519 748 publicis
541 703 680 748 atque
702 698 915 749 privatis,
942 699 988 738 in
1009 700 1158 739 sacris
1180 705 1445 751 praeterea,
1470 701 1530 740 ad
1551 700 1702 740 Deum
1718 712 1818 752 pre-

181 779 262 808 ces
276 768 640 808 effunderentur:
656 769 809 820 tertio,
829 769 1093 810 institutum
1109 776 1179 811 est
1194 777 1245 811 ut
1261 771 1308 811 in
1324 771 1536 811 omnibus
1553 771 1820 811 civitatibus

183 839 386 889 (fuerunt
409 845 565 879 autem
586 839 691 879 illae
713 851 909 881 numero
931 841 1211 893 quindecim)
1234 842 1280 882 in
1302 843 1470 894 quibus
1491 843 1821 883 coenobiorum

180 922 404 951 numerus
425 911 677 951 haberetur
696 917 747 952 ut
768 911 815 952 id
835 912 935 952 fieri
962 919 1141 964 posset,
1169 914 1268 954 sine
1294 914 1638 954 intermissione
1671 914 1820 954 oratio

184 981 330 1022 fieret:
356 993 516 1022 omnes
538 988 784 1034 praeterea
807 984 866 1024 ad
893 985 1239 1037 eleemosynas,
1266 985 1440 1037 jejunia
1463 993 1507 1026 et
1530 985 1588 1026 ad
1609 990 1822 1037 peccato-

184 1065 289 1093 rum
324 1053 668 1094 confessionem
697 1054 1055 1104 adhortabatur3
1088 1068 1208 1108 quae
1240 1057 1398 1097 omnia
1424 1057 1672 1108 diligenter
1697 1068 1824 1096 man-

185 1124 294 1165 dato
315 1124 557 1176 Pro-regis
578 1126 748 1177 ubique
768 1126 844 1167 hic
864 1126 1110 1178 divulgata
1132 1133 1240 1168 sunt
1261 1134 1305 1168 et
1326 1128 1594 1176 observata,
1615 1138 1824 1179 praeser-

184 1197 268 1237 tim
285 1208 402 1248 quae
420 1196 479 1237 ad
496 1198 756 1238 orationem
772 1199 1081 1249 pertinebant.
1102 1199 1257 1250 Quare
1273 1200 1449 1240 factum
1467 1211 1569 1240 esse
1586 1199 1824 1240 credimus

184 1275 235 1308 ut
255 1280 314 1309 ex
333 1279 508 1319 magna
528 1275 662 1321 parte
683 1269 813 1310 Deus
834 1271 1070 1322 flagellum
1091 1284 1116 1312 a
1139 1271 1298 1312 Sicilia
1320 1273 1559 1322 averterit,
1586 1271 1710 1323 quod
1741 1282 1826 1322 pro

186 1340 395 1392 peccatis
433 1341 607 1381 nostris
646 1342 800 1382 meriti
846 1342 1101 1384 fueramus.
1140 1344 1323 1384 Etenim
1359 1345 1398 1384 si
1432 1344 1551 1384 haec
1586 1350 1827 1383 turcarum

186 1412 354 1452 classis
376 1412 627 1464 plurimum
648 1413 823 1465 nocuit,
848 1420 893 1454 et
912 1414 1084 1455 multos
1104 1415 1322 1467 perdidit,
1346 1415 1460 1455 alios
1482 1414 1668 1467 quidem
1689 1414 1826 1454 truci-

187 1483 338 1534 datos,
364 1484 480 1524 alios
501 1496 615 1524 vero
637 1485 684 1525 in
705 1486 986 1527 servitutum
1009 1486 1249 1537 deductos,
1268 1498 1353 1527 nec
1372 1487 1523 1527 adhuc
1542 1491 1696 1526 cessat
1717 1485 1828 1536 quin

185 1555 383 1595 insidias
404 1563 538 1607 paret
560 1562 604 1596 et
624 1557 842 1608 laqueum
858 1557 1069 1598 fidelibus
1086 1558 1260 1609 tendat,
1281 1570 1387 1599 cum
1405 1558 1463 1598 ad
1480 1558 1741 1598 orationem
1760 1561 1828 1596 tot

189 1626 363 1678 populi,
397 1627 614 1667 civitates
646 1634 785 1680 atque
822 1629 1048 1669 coenobia
1077 1641 1179 1669 sese
1209 1629 1542 1670 converterint:
1580 1627 1691 1680 quid
1721 1639 1827 1668 eam

189 1698 291 1738 sine
320 1704 389 1738 tot
418 1699 710 1739 orationibus
738 1700 970 1740 credimus
997 1701 1231 1741 facturam
1258 1700 1429 1741 fuisse?
1459 1699 1596 1740 Oculi
1629 1709 1830 1750 namque

191 1769 390 1809 Domini
407 1770 732 1821 superjustos
752 1775 796 1811 et
816 1784 959 1812 aures
979 1772 1086 1823 ejus
1106 1772 1155 1812 2‘72
1170 1778 1338 1824 preces
1367 1783 1544 1812 eorum.
1583 1771 1651 1812 Ita
1674 1776 1830 1810 tamen

191 1840 440 1881 exaudisse
463 1853 542 1881 eas
569 1842 754 1883 videtur
780 1842 933 1894 justus
961 1850 1005 1884 et
1034 1844 1303 1884 misericors
1330 1843 1583 1894 Dominus,
1613 1848 1662 1882 ut
1692 1842 1832 1882 etiam

191 1913 348 1952 vultus
369 1913 491 1953 illius
512 1914 651 1954 fuerit
669 1920 714 1955 et
735 1915 888 1955 adhuc
909 1916 984 1967 sit,
1004 1916 1094 1956 nisi
1115 1922 1468 1965 convertantur,
1493 1920 1639 1967 super
1650 1913 1832 1965 facien·

193 1988 264 2023 tes
285 1984 432 2035 mala,
454 1989 507 2025 ut
521 1987 698 2037 perflat
720 1987 776 2026 de
796 1991 929 2027 terra
951 1988 1228 2028 memoriam
1248 1999 1428 2028 eornm.

273 2055 358 2095 His
379 2056 443 2096 ita
466 2056 713 2098 Messanae
735 2058 996 2110 dispositis,
1020 2071 1127 2099 cum
1146 2059 1450 2100 vehementer
1470 2059 1710 2099 timeretur
1733 2056 1833 2106 (va-

193 2127 251 2166 rii
272 2127 396 2167 enim
419 2128 475 2167 de
497 2129 586 2168 hac
607 2140 657 2169 re
678 2129 950 2170 ferebantur
971 2130 1207 2181 rumores)
1229 2143 1286 2170 ne
1308 2131 1473 2170 classis
1501 2130 1619 2170 haec
1640 2129 1687 2169 in
1716 2126 1836 2168 Afri-

195 2209 301 2238 cam
332 2199 727 2252 proficisceretur,
760 2200 976 2253 Pro-regi
1006 2202 1182 2254 placuit
1207 2207 1257 2242 ut
1286 2202 1407 2242 idem
1437 2201 1486 2242 P.
1521 2200 1701 2241 Natalis
1735 2209 1837 2239 sese

194 2270 303 2310 illuc
326 2270 575 2323 conferret,
600 2277 742 2324 utque
765 2272 841 2313 hic
862 2285 945 2324 per
966 2285 1072 2313 eum
1094 2273 1153 2314 ad
1174 2273 1509 2325 poenitentiam
1527 2278 1570 2312 et
1592 2272 1651 2312 ad
1669 2270 1836 2311 oratio-

193 2352 277 2397 nes
297 2342 578 2393 pertinentia
600 2343 817 2384 ordinata
838 2344 1047 2395 fuerant,
1072 2345 1236 2385 eadem
1257 2345 1319 2384 ibi
1346 2344 1698 2384 instituerentur
1719 2374 1726 2392 ‚
1760 2340 1839 2380 ubi

189 2412 553 2453 existimabatur
573 2414 712 2454 valde
734 2416 1054 2455 necessarium
1076 2427 1177 2456 esse
1198 2416 1454 2466 hominem,
1480 2413 1611 2465 cujus
1632 2411 1836 2453 auctori-

191 2490 288 2524 tate
310 2490 354 2524 et
376 2485 772 2526 admonitionibus
793 2487 962 2527 milites
985 2488 1044 2528 ad
1065 2487 1217 2528 Deum
1239 2492 1639 2528 converterentur.
1672 2484 1839 2534 Itaque

195 2555 304 2596 hinc
325 2557 490 2607 laetus,
514 2557 650 2597 nobis
672 2559 1003 2610 moerentibus,
1028 2559 1152 2610 quod
1168 2571 1223 2599 eo
1240 2559 1551 2611 privaremur,
1571 2562 1615 2596 et
1631 2555 1838 2607 gauden-

196 2627 320 2667 tibus
351 2627 460 2678 quia
488 2640 545 2667 ex
574 2627 840 2679 hujusmodi
868 2630 1079 2670 discessu
1109 2630 1278 2670 uberes
1304 2629 1486 2670 fructus
1515 2627 1837 2679 sperabamuS,

196 2710 306 2738 -cum
326 2698 471 2738 fratre
493 2705 655 2739 nostro
676 2698 854 2740 Isidoro
879 2699 888 2719 ¹
912 2701 1140 2742 discessit.

281 2768 415 2810 Nunc
438 2776 594 2811 autem
614 2782 710 2811 non
731 2771 936 2812 scribam
958 2772 1067 2824 quid
1088 2772 1135 2812 in
1156 2772 1234 2812 illa
1262 2771 1564 2823 navigatione
1595 2773 1842 2820 tempesta—

260 2931 270 2950 1
312 2930 461 2958 Isidorus
480 2931 609 2958 Bellini.
