2074 3179
269 90 340 127 072
783 90 1017 128 LITTERAE·
1039 102 1398 142 QUADRIMESTRES

268 188 348 226 les.
372 184 634 227 Nominabo
661 193 819 227 autem
847 194 943 227 tres
972 187 1092 227 filios
1122 187 1353 228 Praefecti
1382 188 1682 238 Leodiensis,
1706 191 1830 242 quod
1863 191 1908 231 hi

268 259 548 308 praesertim
569 259 705 299 unice
724 258 975 299 videantur
997 259 1132 299 nobis
1154 259 1289 299 affici.

348 329 486 370 Pater
506 330 748 370 Arnoldus
764 335 951 381 praeest
967 329 1361 382 disputationibus
1379 331 1697 371 studiosorum
1714 363 1722 382 ,
1746 336 1791 371 et
1811 344 1909 383 per-

266 399 419 451 git-in
459 412 544 440 sua
583 401 780 441 lectione
818 412 1008 452 graeca.
1050 401 1264 453 Denique
1303 402 1499 442 multum
1537 401 1740 453 proficit;
1781 408 1830 443 ut
1866 411 1908 443 et

268 470 351 511 M!
386 471 628 512 Gerardus
657 472 932 522 Insulensis,
969 471 1101 523 cujus
1135 479 1299 513 votum
1332 484 1480 524 nuper
1512 473 1572 513 ad
1601 472 1650 513 P.
1689 473 1747 514 V.
1785 473 1905 514 misi-

265 553 368 581 mus
388 542 411 582 ¹.
437 541 711 583 Confratres
732 543 898 595 reliqui
918 543 1164 594 diligenter
1187 543 1394 594 student,
1419 555 1619 595 quorum
1640 550 1774 584 sexta
1797 556 1909 596 qua-—

266 625 354 664 que
374 613 492 653 feria
514 613 683 665 aliquis
704 613 958 665 declamat,
989 626 1082 654 non
1108 626 1277 665 parum
1297 614 1549 654 fructuose.
1574 613 1711 665 Quod
1733 615 1793 655 ad
1813 616 1900 666 pri-

265 683 422 724 mitias
448 683 463 703 ²
492 683 542 724 Ρ.
574 685 791 737 Arnoldi,
822 686 869 725 in
903 692 1067 726 nostra
1096 686 1356 737 parochiali
1390 686 1590 726 ecclesia
1626 686 1905 735 celebrataS,

264 755 450 807 attinet,
474 755 612 796 facile
640 756 877 808 explicare
907 769 1002 796 non
1022 768 1230 808 possem,
1257 763 1459 808 quantae
1480 756 1826 797 effunderentur
1847 758 1907 796 la-

264 838 480 878 crymae,
512 838 631 878 quae
659 827 862 879 suspiria
893 828 1188 876 audirentur,
1222 840 1362 879 quam
1391 826 1660 879 frequentes
1688 828 1905 879 gemitus,

264 909 371 937 cum
398 909 638 950 nunquam
667 899 869 939 antehac
899 905 1079 939 tantam
1108 899 1155 939 in
1185 900 1356 950 populo
1388 899 1689 939 devotionem
1716 910 1906 951 conspe-

263 969 429 1009 xerim.
454 968 629 1009 Omnes
655 970 716 1010 ad
747 970 1036 1011 offerendum
1062 971 1400 1022 properabant,
1434 971 1523 1011 etsi
1556 970 1793 1011 offertorio
1814 983 1906 1010 non

264 1039 561 1081 adstaremus
589 1040 618 1092 5;
649 1042 853 1093 plurima
880 1041 1067 1082 interim
1096 1042 1252 1082 oblata
1280 1048 1408 1093 sunt,
1438 1042 1520 1082 sed
1548 1042 1704 1082 omnia
1724 1041 1907 1083 Pastori

262 1111 555 1163 reliquimus,
585 1113 684 1164 qui,
715 1113 851 1153 nobis
880 1113 1179 1164 inconsultis,
1212 1113 1461 1153 ecclesiam
1494 1113 1664 1164 tapetis
1691 1119 1735 1153 et
1762 1114 1907 1153 ramis

263 1183 424 1223 ornari
444 1192 739 1235 procurarat.
765 1183 856 1224 Sed
878 1184 1003 1236 quod
1023 1185 1173 1224 relatu
1195 1184 1381 1236 dignius
1403 1192 1493 1235 est,
1518 1195 1741 1235 magnum
1767 1185 1906 1224 etiam

262 1255 338 1295 hic
366 1254 506 1295 Pater
541 1255 704 1296 habuit
730 1267 978 1296 numerum
1008 1255 1055 1295 in
1084 1256 1235 1307 prima
1267 1268 1351 1296 sua
1385 1255 1530 1296 Missa
1562 1256 1905 1296 communican-

261 1326 396 1377 tium,
428 1326 580 1377 qualis
610 1333 750 1366 antea
779 1338 1020 1378 nunquam
1050 1327 1125 1366 hic
1155 1327 1286 1366 visus
1313 1326 1420 1378 fuit,
1452 1326 1771 1366 studiosorum
1799 1326 1905 1366 ado-

261 1398 521 1438 lescentum
542 1409 649 1437 cum
670 1409 844 1449 magna
865 1398 1027 1449 populi
1049 1397 1387 1438 aedificatione.

342 1468 452 1509 Post
474 1469 573 1509 dies
600 1481 714 1509 vero
744 1469 919 1520 aliquot
947 1469 1153 1519 incoepit
1181 1469 1342 1509 audire
1373 1468 1694 1509 confessiones
1724 1469 1906 1509 studen

262 1540 402 1590 tium,
433 1546 477 1580 et
505 1540 552 1580 in
581 1541 746 1591 vigilia
776 1540 951 1580 Beatae
981 1540 1161 1580 Mariae
1193 1540 1407 1592 Virginis
1439 1552 1584 1591 usque
1617 1541 1675 1580 ad
1706 1540 1907 1592 medium

259 1611 412 1650 noctis
442 1611 814 1651 confessionibus
849 1611 1092 1651 audiendis
1131 1617 1388 1662 occupatus
1422 1611 1527 1662 fuit3
1565 1611 1647 1651 sed
1680 1623 1776 1651 non
1809 1612 1906 1651 sint·

259 1680 436 1733 fructu;
468 1682 578 1734 quia
602 1694 661 1722 ex
690 1682 803 1734 ipsis
837 1689 932 1722 tres
968 1683 1313 1733 adolescentes,
1348 1682 1591 1733 accepturi
1618 1682 1830 1722 habitum
1863 1691 1906 1722 et

259 1753 389 1804 leges
409 1751 488 1794 Sti
512 1753 757 1793 Francisci
777 1753 837 1793 ad
858 1753 1103 1793 inferiores
1123 1759 1282 1805 partes
1303 1752 1503 1804 profecti
1523 1759 1644 1793 sunt.

338 1823 488 1876 Hujus
527 1836 641 1864 sane
680 1824 834 1865 Patris
875 1824 1106 1876 colloquio
1147 1831 1190 1864 et
1231 1824 1592 1864 conversatione
1627 1825 1825 1865 multum
1858 1825 1904 1865 in

258 1895 463 1936 Domino
495 1895 702 1947 reficior,
732 1908 819 1936 nec
850 1907 1000 1947 parvo
1032 1907 1139 1936 cum
1170 1895 1324 1935 fructu
1355 1894 1579 1935 Coloniae
1599 1902 1782 1947 manet3
1806 1907 1903 1936 cor-

257 1979 372 2019 pore
400 1978 544 2007 sanus
581 1973 625 2007 et
658 1966 792 2007 fortis
823 1973 916 2017 est,
951 1958 1064 2007 laus¹
1082 1965 1183 2006 Deo
1222 1966 1545 2017 omnipotenti.
1578 1967 1636 2006 Et
1671 1961 1789 2007 haec
1825 1967 1903 2006 ha-

258 2045 438 2079 ctenus.

336 2109 425 2150 Fui
445 2111 642 2150 multum
661 2116 872 2161 rogatus,
897 2116 945 2149 ut
968 2109 1028 2149 ad
1049 2109 1279 2160 quosdam
1299 2108 1639 2160 proficiscerer,
1664 2108 1724 2149 ad
1743 2109 1905 2149 multo-

257 2193 362 2222 rum
394 2180 709 2222 conscientias
735 2179 992 2232 juvandas,
1030 2192 1150 2231 quae
1182 2181 1302 2219 male
1333 2180 1449 2219 satis
1484 2179 1738 2230 habebant,
1770 2186 1816 2220 et
1846 2181 1904 2221 ad

258 2254 351 2294 alia
371 2254 516 2293 multa
543 2253 734 2304 negotia
762 2251 1074 2304 expedienda3
1110 2250 1159 2291 P.
1192 2250 1392 2291 Arnoldi
1423 2262 1656 2291 consensu
1688 2257 1733 2292 et
1761 2262 1902 2292 suasu

255 2324 512 2376 profectus.
543 2324 649 2376 Ipso
678 2324 822 2375 igitur
852 2322 1097 2363 Laurentii
1128 2322 1175 2362 in
1206 2333 1331 2373 pago
1363 2321 1586 2373 quodam,
1620 2322 1807 2362 nomine
1826 2322 1902 2362 Al-

255 2396 401 2447 phen,
425 2395 803 2436 adhortationem
823 2394 964 2434 habui
995 2405 1101 2433 cum
1129 2404 1303 2444 magna
1332 2393 1540 2432 omnium
1562 2392 1898 2443 aedificatione,

256 2467 333 2507 cui
358 2467 518 2519 plures
545 2465 902 2518 quadringentis
919 2464 1133 2504 homines
1155 2464 1436 2514 intererant,
1471 2463 1638 2514 quibus
1659 2468 1900 2514 quantum-

255 2538 329 2578 vis
363 2538 629 2590 importune
662 2537 706 2577 id
738 2536 1074 2587 rogitantibus,
1111 2535 1168 2574 ob
1198 2534 1424 2585 temporis
1456 2534 1724 2584 angustiam
1753 2534 1900 2574 altero

363 2722 440 2750 Vox
455 2722 659 2749 Insulensis
675 2722 793 2749 addita
809 2725 860 2748 est
876 2721 908 2747 in
924 2727 987 2747 uno
1004 2727 1045 2746 ex
1061 2718 1272 2752 apographis
1288 2718 1330 2745 ad
1347 2717 1548 2752 marginem.
1571 2717 1679 2745 Estne
1702 2717 1755 2745 hic
1776 2718 1865 2745 alius
1882 2726 1899 2746 a

261 2770 416 2798 (kerardo
432 2770 702 2798 Doraracensu'

307 2818 322 2837 ἓ
355 2818 565 2852 primitias,
580 2825 636 2852 sc.,
653 2818 800 2852 primum
815 2824 961 2844 sacrum.
1419 2849 1424 2855 .

308 2865 322 2884 -“’
359 2865 429 2891 etsi
443 2865 622 2899 offertorio
639 2872 705 2891 non
719 2865 961 2896 adstaremus,
975 2871 1033 2898 sc.,
1050 2863 1114 2890 etsi
1130 2862 1305 2897 offertorii
1320 2866 1471 2896 tempore
1488 2869 1507 2889 a
1522 2861 1690 2895 fidelibus,
1705 2864 1741 2887 ut
1758 2867 1830 2887 mos
1846 2866 1893 2888 est

248 2912 285 2939 in
301 2912 738 2946 parochialibus.ecclesiis,
755 2913 872 2939 oblata
888 2919 951 2938 non
967 2911 1207 2945 reciperemus.
