2074 3179
306 125 377 160 οἳ)
822 125 1049 162 LirrERAE
1077 136 1435 170 QUADRJMESTRES

1022 651 1226 705 CXLV

376 877 597 915 Robertus
618 878 908 925 Clayssonius

423 943 545 980 Patri
562 943 732 992 Ignatio
752 944 805 982 de
825 944 1010 992 Loyola.

471 1009 666 1056 Parisiis,
687 1010 709 1046 4
728 1009 832 1048 Maii
855 1010 946 1048 1552
968 1011 993 1046 ¹.

1103 1168 1121 1198 ἢ.

1070 1202 1169 1243 IHS

381 1362 547 1403 Gratia
570 1362 761 1404 Domini
782 1363 870 1404 Dei
892 1366 1042 1406 nostri
1064 1366 1174 1419 Jesu
1197 1366 1371 1406 Christi
1389 1367 1592 1407 abundet
1610 1367 1656 1406 in
1675 1367 1843 1407 animis
1866 1379 1945 1407 no-

302 1434 426 1474 stris.
452 1434 619 1475 Amen.

380 1504 481 1545 Κάρ
505 1505 551 1546 in
573 1505 759 1547 Christo
781 1506 935 1548 Pater.

379 1576 621 1617 Scribendi
644 1577 887 1623 facultate.
912 1579 1060 1618 morbi
1082 1580 1384 1631 necessitate,
1411 1579 1537 1620 Patri
1565 1580 1806 1632 Baptistae
1827 1580 1840 1599 ‘²
1862 1592 1940 1621 ne-

299 1654 436 1698 gata,
466 1660 542 1697 ea,
573 1660 691 1700 quae
718 1661 804 1689 nos
840 1650 1166 1701 circumstant,
1204 1651 1394 1702 negotia
1429 1651 1478 1691 P.
1512 1651 1564 1691 T.
1597 1652 1943 1692 transcribendi

301 1731 467 1759 munus
489 1731 654 1760 sacrae
677 1720 969 1761 obedientiae
991 1721 1193 1773 impulsu
1214 1722 1413 1773 suscepi.
1439 1722 1661 1774 Acceptis
1683 1723 1851 1763 litteris
1870 1735 1937 1763 ro-

299 1791 452 1830 manis
480 1791 628 1843 pridie
656 1791 888 1832 Calendas
924 1792 1123 1844 Aprilis,
1160 1793 1327 1845 quibus
1356 1806 1634 1851 prosperum
1662 1794 1712 1834 Ρ.
1742 1794 1938 1834 Everar-

298 1860 342 1901 di
381 1861 394 1879 ³
429 1874 535 1902 cum
570 1874 654 1902 suo
690 1862 914 1903 comitatu
950 1863 1204 1904 adventum
1232 1863 1429 1904 Romam
1460 1876 1606 1916 usque
1642 1865 1934 1917 significatis,

298 1933 419 1973 R.du>·
446 1933 495 1974 P.
521 1934 732 1986 Baptista
752 1945 863 1974 mox
884 1933 1146 1986 respondit,
1178 1935 1402 1975 certiores
1431 1947 1515 1975 vos
1545 1935 1724 1976 faciens
1755 1948 1804 1976 se
1834 1949 1941 1976 cum

298 2005 463 2045 litteris
487 2005 811 2056 Obedientiae,
837 2005 1089 2045 accedente
1110 2005 1479 2058 RmiJEpiscopi
1500 2004 1514 2024 4
1535 2007 1750 2058 consiliO,
1775 2007 1833 2047 ad
1853 2019 1942 2047 vos

297 2077 529 2117 dimisisse
556 2077 604 2117 P.
637 2076 896 2117 Oliverium
927 2074 940 2094 ὅ
964 2088 1071 2117 cum
1100 2077 1297 2117 duorum
1324 2077 1523 2117 fratrum
1550 2078 1789 2129 sodalitio,
1824 2090 1940 2130 quos

298 2149 554 2189 incolumes
581 2147 780 2188 Romam
808 2154 916 2188 ante
945 2147 1064 2188 festa
1092 2148 1341 2188 Paschalia
1373 2150 1646 2200 pervenisse
1677 2161 1935 2201 speramus.

298 2219 345 2260 P.
370 2220 582 2272 Baptista
603 2219 819 2270 proxima
846 2219 1151 2271 responsione
1173 2220 1370 2272 singulis
1391 2220 1651 2261 litterarum
1674 2227 1939 2262 vestrarum

296 2291 507 2331 articulis
541 2291 782 2331 satisfecit.
821 2290 1019 2343 Scripsit
1054 2291 1178 2331 enim
1208 2303 1257 2331 se
1292 2292 1526 2332 neminem
1559 2292 1634 2332 hic
1663 2292 1856 2343 habere,
1887 2300 1937 2333 ut

296 2363 397 2414 ipsa
419 2362 484 2403 rei
508 2362 683 2402 veritas
704 2362 922 2414 loquitur,
947 2362 1025 2413 qui
1052 2363 1356 2402 oeconomiae
1378 2363 1566 2414 negotio
1590 2369 1633 2403 et
1663 2375 1817 2404 rerum
1850 2348 1936 2415 spi-

296 2434 535 2474 ritualium
557 2432 950 2473 administrationi
980 2433 1171 2484 praefici
1194 2439 1353 2484 queat,
1378 2440 1427 2474 ut
1450 2446 1533 2474 sua
1556 2434 1659 2474 vice
1682 2433 1812 2485 fungi
1835 2446 1935 2486 pos-

353 2568 359 2587 ¹
401 2568 630 2602 ,autographa
645 2568 678 2596 in
696 2568 774 2596 folio
791 2568 890 2596 unico
905 2576 936 2596 n.
956 2568 1014 2595 136.

349 2616 361 2634 ²
404 2615 436 2642 P.
452 2615 598 2648 joannes
614 2616 772 2651 Baptista
788 2616 903 2650 Viola,
920 2616 1096 2644 Sociorum
1113 2615 1254 2643 Parisiis
1269 2616 1464 2650 degentium
1481 2616 1652 2651 Superior.

351 2663 364 2680 Γ·
404 2663 439 2689 Ρ.
456 2663 611 2690 Evcrard
620 2672 656 2690 us
672 2663 734 2690 Mei
746 2664 917 2691 curianus.

353 2711 362 2730 '⁶
401 2710 689 2738 Claramontanus
704 2711 903 2746 Episcopus,
921 2711 1121 2738 Guiliclmus
1137 2711 1178 2738 du
1196 2712 1289 2738 Prat.

349 2758 362 2775 Γ·
402 2758 437 2784 Ρ.
454 2758 625 2786 Oliverius
639 2758 995 2786 Manareus.—“Sexta
1011 2765 1087 2793 post
1108 2759 1236 2792 <Patris
1261 2759 1431 2786 Everardi
1454 2760 1711 2793 profectionem)
1733 2759 1937 2794 septimana,

296 2804 357 2831 hoc
374 2810 435 2838 est,
452 2806 559 2833 medio
576 2806 748 2833 februario
764 2806 829 2833 1551
847 2806 938 2839 (1552.
955 2805 1042 2832 Vide
1058 2813 1162 2840 supra
1177 2814 1255 2840 pag.
1270 2806 1332 2840 541,
1349 2811 1416 2834 not.
1434 2807 1469 2841 1),
1488 2814 1563 2834 cum
1582 2808 1653 2842 jam
1675 2808 1735 2834 sub
1759 2807 1936 2841 disciplina

296 2852 455 2885 religiosa
471 2861 531 2887 per
552 2854 569 2879 8
588 2853 728 2880 circiter
751 2861 884 2881 menses
907 2858 1067 2881 versatus
1091 2861 1210 2886 essem,
1236 2854 1394 2881 similiter
1418 2848 1450 2881 in
1475 2855 1603 2882 Urbem
1624 2855 1744 2882 missus
1767 2862 1838 2881 sum
1860 2862 1936 2882 cum

298 2898 503 2935 Hieronymo
520 2901 739 2935 Calvam-llo,
757 2901 1006 2936 Codiguolano,
1022 2906 1056 2929 et
1071 2901 1202 2928 Renato
1219 2900 1388 2935 Fuseuer,
1406 2901 1592 2930 Turonensi
1618 2902 1747 2935 Galla„
1764 2901 1814 2928 De
1831 2903 1936 2929 rebus

298 2946 485 2973 soca-latis
499 2947 586 2981 Jcsn
605 2948 889 2975 Commentam'ns
908 2947 1057 2975 oliverii
1072 2948 1251 2979 Mmmrci,
1266 2955 1344 2983 pag.
1360 2949 1404 2981 65,
1422 2948 1448 2982 ξ.
1463 2949 1489 2976 7.
