2074 3179
259 127 306 161 4‘;
323 130 331 161 5
802 126 1026 162 LirrssaAE
1054 137 1412 169 QUADRIMESTRES

259 224 392 263 multi
412 224 620 274 veniunt,
644 230 864 275 paratum
886 235 943 263 ex
964 223 1054 263 illis
1074 223 1188 275 ipsis
1204 223 1569 264 declamatorem
1590 224 1832 275 habemus,
1852 232 1895 264 et

259 295 379 334 sicut
401 295 543 335 latine
564 295 809 345 hactenus,
833 295 897 334 ita
918 306 1043 334 nunc
1064 294 1350 345 germanice,
1371 301 1420 335 ut
1438 295 1774 335 concionentur
1791 295 1895 335 effe-

259 366 431 415 cimus;
456 378 546 417 qua
570 366 757 416 quidem
777 365 1115 405 exercitatione
1138 377 1198 405 an
1220 366 1308 405 sibi
1329 367 1481 416 magis
1503 366 1590 418 ipsi
1611 366 1896 418 profecerint

258 449 399 488 quam
421 437 557 477 nobis
578 429 873 477 satisfaciant
895 437 1019 476 haud
1046 436 1182 477 facile
1215 437 1428 477 dixerim.
1462 437 1598 478 Certe
1627 437 1685 478 ad
1714 437 1895 477 concis:-

257 508 401 548 nandi
424 520 591 548 munus
613 508 701 547 hac
724 508 906 548 ratione
935 508 1211 559 praeparari
1232 507 1466 558 videntur,
1489 514 1539 548 ut
1559 509 1598 548 si
1618 515 1819 560 pergant
1850 509 1894 548 in

258 579 346 619 hoc
375 580 603 629 instituto,
635 579 793 630 juvari
820 579 1021 619 fortasse
1051 591 1132 630 per
1159 579 1301 618 hosce
1330 579 1568 619 ministros
1595 580 1897 630 germanicae

257 651 437 702 possint
471 651 713 700 ecclesiae,
744 651 790 690 in
827 651 997 702 quibus
1028 650 1139 690 boni
1174 657 1217 690 et
1249 651 1327 690 fidi
1363 651 1724 691 concionatores
1759 663 1898 702 quam

256 722 460 762 maxime
506 722 848 762 desiderantur.
889 721 1120 762 Absoluta
1160 734 1301 773 porro
1342 722 1706 773 declamatione,
1757 734 1896 772 quam

255 793 373 844 dixi,
410 793 602 833 flectunt
637 793 794 833 cuncti
829 804 1005 844 genua,
1044 793 1122 844 qui
1150 805 1435 843 convenere,
1469 793 1707 833 Christum
1736 804 1895 844 preca-

255 865 361 904 turi.
386 864 505 904 Tum
527 864 737 916 praelegi
765 875 985 904 curamus
1007 865 1110 916 pias
1139 865 1314 916 aliquot
1344 864 1655 916 precationes,
1688 864 1747 904 ad
1779 876 1896 916 quas

254 935 539 988 respondent
560 936 624 976 1111
640 936 864 976 vicissim.
886 935 1002 976 Sunt
1020 936 1109 976 hae
1125 936 1422 988 precationes
1438 948 1522 987 pro
1539 947 1763 976 successu
1778 935 1893 976 Con-

254 1007 347 1046 cilii
364 1007 641 1057 Tridentini,
665 1019 750 1059 pro
769 1019 885 1058 pace
902 1007 1157 1057 Ecclesiae,
1177 1019 1262 1058 pro
1278 1007 1526 1048 haeresum
1543 1008 1894 1058 exstirpatione3

256 1078 467 1118 succedit
488 1078 674 1118 demum
694 1079 884 1118 letania.
908 1077 1140 1118 Mirantur
1157 1077 1260 1129 jure
1288 1079 1495 1119 nonnulli
1517 1079 1594 1129 qui
1614 1078 1694 1119 fiat
1715 1084 1765 1119 ut
1786 1078 1895 1119 Ger—

253 1150 382 1190 mani
406 1150 744 1201 adolescentes,
771 1156 909 1202 atque
932 1150 1073 1190 etiam
1095 1150 1266 1190 artium
1292 1150 1523 1201 Magistri,
1549 1149 1608 1190 ad
1634 1149 1723 1189 hoc
1756 1150 1896 1201 pieta-

255 1221 316 1261 tis
337 1221 616 1261 exercitium
636 1222 711 1261 vel
733 1221 854 1261 ultro
876 1221 1121 1272 accedant,
1143 1221 1329 1273 quando
1352 1222 1397 1261 in
1415 1222 1599 1273 templis
1619 1232 1756 1261 orare
1773 1232 1896 1260 nunc

254 1293 349 1333 fere
371 1292 639 1344 pudendum
660 1292 859 1333 videtur.
885 1291 976 1334 Sed
1002 1299 1046 1333 et
1074 1293 1120 1333 in
1151 1293 1371 1343 ecclesia,
1395 1293 1472 1333 ubi
1500 1293 1795 1344 vespertinas
1819 1292 1894 1332 de-

259 1370 454 1405 cantant
487 1365 650 1404 laudes
684 1364 895 1415 studiosi,
932 1376 1112 1404 morem
1133 1364 1347 1404 eumdem
1374 1364 1599 1416 precandi
1620 1369 1892 1415 sequuntur,

262 1442 518 1487 praeeunte
539 1447 632 1476 uno
653 1442 925 1475 nostrorum
949 1447 1004 1475 ac
1026 1441 1273 1487 praesente
1304 1436 1447 1475 totius
1470 1434 1655 1485 collegii
1676 1434 1892 1474 Rectore.

252 1507 413 1559 Neque
440 1507 563 1547 istud
584 1508 734 1547 solum
756 1507 880 1559 apud
901 1507 1136 1547 studiosos
1163 1507 1534 1558 impetravimus,
1559 1518 1723 1546 verum
1752 1506 1891 1546 etiam

254 1580 469 1619 omnibus
499 1579 910 1619 concionatoribus
938 1585 988 1619 ut
1016 1579 1074 1619 ad
1101 1578 1392 1630 precandum
1419 1578 1725 1618 exhortentur
1754 1589 1891 1628 popu-

254 1652 371 1701 lum,
410 1650 512 1690 Deo
540 1650 672 1700 duce,
711 1650 1047 1701 persuasimus.
1079 1650 1226 1700 Igitur
1261 1650 1463 1701 receptis
1492 1649 1650 1689 verbis
1685 1654 1892 1694 utuntur,

253 1722 478 1774 flexisque
517 1722 739 1773 genibus,
773 1721 965 1762 Domini
1005 1722 1326 1773 precationem
1365 1722 1531 1761 recitat
1570 1720 1891 1760 concionator.

253 1794 405 1833 Deum
435 1794 631 1845 quisque
663 1799 800 1844 rogat
830 1800 873 1833 et
901 1793 1179 1833 nominatim
1208 1793 1394 1844 quidem
1421 1804 1505 1843 pro
1534 1792 1758 1841 Concilio,
1790 1791 1893 1843 Epi-

252 1866 423 1917 scopis,
448 1865 752 1916 Imperatore,
776 1864 1072 1916 Principibus
1094 1870 1138 1904 et
1162 1876 1246 1916 pro
1269 1876 1384 1916 pace
1406 1864 1562 1903 etiarn.
1587 1863 1750 1903 Nullus
1777 1862 1892 1902 adeo

252 1943 322 1976 est
344 1937 491 1976 festus
514 1936 635 1986 dieS,
660 1936 824 1976 concio
846 1937 994 1986 nulla,
1020 1936 1131 1987 quin
1152 1936 1361 1987 precatio
1390 1936 1569 1975 isthaec
1602 1935 1795 1974 iteretur
1815 1945 1892 1985 pu—

251 2008 383 2048 blice.
408 2007 675 2059 Numquam
692 2007 767 2047 hic
784 2019 887 2048 esse
906 2013 1212 2059 conspectum
1228 2007 1462 2047 affirmant
1478 2013 1527 2046 ut
1544 2006 1892 2046 sacratissimae

251 2080 579 2119 Eucharistiae
602 2085 951 2119 sacramentum
973 2080 1131 2131 plures
1155 2091 1295 2130 quam
1325 2079 1412 2118 hoc
1441 2078 1622 2118 Natalis
1643 2077 1817 2118 Christi
1832 2076 1891 2116 fe-

250 2158 322 2190 sto
347 2156 573 2202 peterent,
608 2150 887 2202 praesertim
913 2150 1205 2202 professores
1228 2162 1320 2190 una
1345 2161 1450 2190 cum
1470 2149 1706 2199 studiosis,
1737 2148 1814 2200 qui
1831 2159 1890 2187 no

249 2222 359 2261 stris
377 2234 400 2261 e
418 2221 634 2261 manibus
650 2233 820 2273 panem
837 2222 967 2261 illum
988 2233 1100 2261 vere
1119 2222 1370 2261 coelestem
1392 2231 1633 2272 accepere.
1657 2218 1734 2260 Sic
1752 2219 1887 2271 enirn,

249 2305 392 2344 quam
414 2299 552 2333 antea
575 2293 895 2343 declaravere,
928 2292 1282 2343 comprobatam
1303 2293 1494 2332 voluere
1517 2303 1650 2331 suam
1670 2302 1783 2341 erga
1805 2302 1890 2330 nos

248 2365 640 2414 benevolentiam,
664 2364 802 2405 fidem
823 2370 867 2404 et
889 2375 1096 2404 amorem
1123 2364 1425 2414 singularem.
1456 2363 1590 2404 Unde
1619 2362 1734 2402 nihil
1754 2362 1890 2402 mira-

246 2436 400 2476 bimur
422 2436 460 2475 si
482 2442 695 2476 nostrum
718 2435 977 2475 discessum
1000 2435 1252 2487 aliquando
1273 2434 1427 2475 ferant
1454 2433 1734 2485 aegerrime,
1768 2433 1889 2484 quod

246 2507 449 2547 retinere
469 2518 556 2546 nos
578 2518 635 2546 ex
658 2506 812 2546 animo
832 2506 1021 2558 cupiant
1043 2506 1266 2546 universi.

329 2577 642 2618 Germanicae
665 2577 917 2618 conciones
940 2589 1088 2628 meae,
1116 2589 1232 2629 quas
1252 2577 1385 2619 festis
1413 2577 1574 2617 diebus
1597 2575 1891 2616 continenter

246 2661 525 2701 prosequor,
550 2661 644 2689 non
666 2649 817 2689 solum
844 2660 970 2689 nunc
1002 2649 1327 2700 intelliguntur
1358 2649 1527 2699 magis,
1558 2659 1723 2688 verum
1750 2647 1889 2687 etiam

245 2728 289 2760 et
325 2721 586 2772 probantur
615 2732 670 2760 eo
700 2720 971 2771 studiosius,
1002 2719 1125 2771 quod
1160 2731 1413 2760 numeroso
1446 2731 1630 2771 semper
1657 2718 1889 2759 auditorio

245 2792 548 2842 decorentur,
573 2798 621 2831 ut
643 2792 832 2843 plenum
862 2791 1023 2832 videre
1052 2792 1275 2843 templum
1302 2792 1455 2841 liceat,
1487 2791 1574 2831 etsi
1602 2791 1650 2830 in
1678 2796 1888 2830 extrema

245 2863 453 2903 civitatis
471 2870 606 2914 parte
629 2862 783 2913 situm,
804 2869 847 2903 et
871 2862 997 2914 quod
1015 2862 1212 2902 adeatur
1228 2863 1316 2903 hoc
1334 2863 1638 2914 frigidissimo
1660 2867 1885 2911 tempore,

244 2935 369 2986 quod
391 2935 458 2974 eis
480 2946 572 2974 non
594 2946 760 2986 parum
785 2933 1134 2975 incommodum
1155 2935 1365 2985 videtur,
1390 2933 1668 2986 praesertim
1691 2943 1797 2972 cum
1814 2930 1889 2970 die
