2074 3179
191 149 263 187 382
705 150 931 187 LITTERAE
959 161 1316 193 QUADmMEsTREs

193 247 349 287 omnia
368 248 630 299 perducere
652 252 800 287 curat.
825 245 891 286 Ibi
915 257 1039 286 nunc
1060 245 1199 287 Pater
1218 247 1433 289 Bautista
1454 260 1560 288 cum
1588 249 1691 289 aliis
1722 249 1829 289 duo-

195 320 281 359 bus
303 320 453 359 adest.
477 320 655 360 Eodem
677 318 912 358 credimus
933 324 1112 368 septem
1127 319 1203 358 vel
1221 325 1326 359 octo
1348 332 1406 359 ex
1422 320 1498 360 hic
1518 321 1828 371 manentibus,

194 391 270 430 vel
291 391 330 430 si
351 391 509 441 plures
529 389 736 439 licuerit,
760 388 1026 429 mittendos.
1050 388 1188 429 Pater
1209 389 1423 430 Bautista
1450 390 1512 430 ibi
1539 391 1832 431 concionabi-

193 469 282 512 tur;
307 461 446 501 Pater
466 453 963 501 vero‘lNlaximilianus
991 460 1265 500 dialecticae
1295 472 1485 501 cursum
1511 462 1830 513 interpretabi-

194 540 269 574 tur
307 534 415 574 illuc
453 534 690 583 cuntibus,
729 532 1138 584 conscientiaeque
1180 533 1321 572 etiam
1360 533 1499 572 dubia
1537 534 1833 573 occurrentia

193 606 481 657 explanabit.
511 605 800 656 Theologiae
830 605 956 644 enim
983 616 1173 645 cursum
1201 604 1387 644 audivit
1410 604 1660 656 integrum.
1697 604 1834 645 Pater

194 677 427 726 Bautista,
459 682 707 727 postquam
730 676 838 715 hinc
860 675 1098 726 discessit,
1123 675 1285 715 diebus
1307 675 1552 715 dominicis
1572 675 1619 715 in
1640 674 1737 726 ejus
1757 688 1816 728 po

195 748 290 799 puli
312 749 483 799 templo
512 748 768 798 praecipuo
799 747 1105 787 concionatus
1128 753 1217 797 est,
1241 758 1514 798 summaque
1535 746 1608 787 X.i
1636 748 1813 787 clemen

193 820 258 859 tia
280 820 498 859 videntur
519 819 720 858 multum
741 818 1002 870 profecisse
1025 819 1170 858 cives.

276 890 429 941 Quum
451 890 603 930 adhuc
624 893 872 929 manerent
892 889 1143 940 nundinae,
1162 890 1414 941 inquisitor
1431 890 1619 941 quidam
1637 889 1835 929 Valliso—

194 963 274 1002 leti
292 974 346 1002 eo
365 973 413 1001 se
432 962 642 1012 contulit,
656 961 873 1001 librarios
890 961 1224 1012 voluminaque
1241 961 1382 1001 etiam
1398 962 1621 1001 nonnulla
1638 960 1836 1000 visurus

195 1033 406 1073 haeresis
428 1038 661 1084 suspecta,
686 1033 1003 1084 populumque
1025 1038 1175 1072 totum
1196 1032 1243 1072 in
1272 1032 1443 1083 templo
1471 1032 1676 1072 maximo
1703 1031 1837 1083 jungi

195 1104 468 1156 imperavit,
490 1110 534 1144 et
555 1116 581 1144 a
609 1103 747 1144 Patre
779 1103 994 1144 Bautista
1021 1115 1114 1143 non
1141 1104 1304 1155 parvis
1326 1103 1602 1154 efflagitavit
1622 1104 1839 1155 precibus

187 1182 242 1216 -ut
270 1176 332 1216 ibi
360 1176 736 1216 concionaretur.
771 1175 1058 1216 Concionem
1085 1175 1248 1215 habuit
1275 1181 1406 1215 tanta
1439 1186 1546 1215 cum
1573 1175 1838 1215 auditorum

195 1248 335 1287 turba
356 1253 406 1287 ut
427 1259 513 1299 par
535 1247 638 1287 Visa
662 1258 919 1298 numquam
938 1247 1093 1298 fuerit,
1118 1247 1470 1298 incredibilique
1487 1247 1627 1286 etiam
1649 1246 1839 1298 spiritus

196 1318 381 1369 ardore,
406 1319 623 1359 concioni
644 1318 734 1358 fine
753 1318 850 1370 jam
872 1319 1107 1370 imposito,
1131 1318 1187 1358 de
1208 1318 1375 1369 gratiis
1397 1319 1579 1358 locutus
1601 1323 1684 1368 est,
1719 1329 1836 1369 quas

196 1390 297 1431 Deo
324 1391 606 1430 tenebantur
636 1401 802 1441 agere,
840 1401 947 1430 cum
975 1401 1081 1430 eum
1116 1390 1344 1430 haberent
1378 1389 1722 1441 Inquisitorem,
1758 1389 1837 1440 qui

196 1467 328 1502 tanta
351 1473 465 1502 cura
487 1461 545 1501 ab
567 1461 622 1501 iis
645 1473 782 1501 omne
803 1461 1015 1501 haeresis
1035 1472 1185 1512 genus
1214 1461 1437 1501 radicitus
1465 1461 1669 1501 avellere
1699 1471 1836 1500 cona—

196 1539 325 1574 retur
359 1533 594 1584 librosque
627 1533 769 1573 etiam
798 1533 1088 1584 perscrutari
1123 1539 1171 1573 ut
1206 1533 1272 1573 sic
1301 1533 1560 1573 christiano
1597 1531 1837 1571 commodo

197 1605 380 1645 mederi
407 1605 568 1656 possit.
605 1604 903 1644 Rescivimus
944 1604 1002 1644 ad
1038 1605 1156 1644 haec
1190 1604 1531 1644 Domim‘eauos
1566 1602 1839 1653 monachos,

197 1688 303 1717 cum
324 1676 597 1717 timuissent
617 1675 950 1728 Inquisitorem
972 1676 1032 1716 ad
1052 1676 1099 1715 id
1119 1676 1188 1715 rei
1214 1676 1424 1726 venisse,
1454 1675 1670 1726 precibus
1701 1674 1838 1714 ratio-

196 1749 424 1800 nibusque
446 1748 504 1788 ab
525 1760 580 1788 eo
602 1748 648 1788 id
669 1759 813 1788 unum
836 1747 1132 1788 contendisse
1160 1752 1210 1787 ut
1238 1747 1326 1799 ipsi
1356 1759 1459 1787 eam
1486 1747 1709 1786 haberent
1736 1756 1837 1785 con-

197 1820 392 1871 cionem,
415 1818 685 1871 objicientes
710 1819 769 1859 ad
792 1831 841 1859 se
862 1819 1017 1870 potius
1039 1830 1179 1871 quam
1203 1819 1262 1859 ad
1283 1820 1404 1859 ullos
1425 1819 1542 1859 alios
1570 1818 1625 1858 de
1646 1817 1841 1869 Inquisi-

198 1892 336 1932 tionis
371 1891 570 1943 fideique
597 1891 738 1931 rebus
771 1902 913 1942 agere
940 1896 1176 1942 spectare;
1214 1890 1381 1942 quibus
1408 1900 1687 1941 responsum
1714 1889 1836 1928 hunc

198 1963 303 2014 (sie)
325 1963 541 2015 praebuit
560 1962 837 2014 inquisitor:
867 1962 1272 2012 concionatorem,
1302 1973 1439 2013 quem
1467 1961 1565 2013 ipse
1593 1960 1840 2001 constitue-

198 2042 293 2086 rat,
330 2047 426 2075 non
452 2035 607 2075 minus
644 2034 859 2074 doctrina
888 2045 1029 2086 quam
1056 2033 1369 2074 sanctimonia
1397 2045 1499 2073 esse
1526 2032 1839 2084 praeclarum;

198 2107 393 2158 proinde
414 2118 472 2146 ne
494 2106 571 2146 illa
595 2106 651 2145 de
671 2117 722 2145 re
733 2105 846 2157 jam
867 2104 1125 2157 ullafieret
1145 2105 1335 2156 mentio,
1360 2116 1415 2144 ac
1438 2105 1502 2144 ita
1525 2103 1665 2144 Pater
1686 2102 1840 2154 Bapti-

200 2185 272 2218 sta
294 2178 603 2218 concionatus
625 2183 709 2218 est.

281 2249 369 2300 Qui
391 2256 550 2290 autem
571 2249 647 2289 hic
670 2248 989 2289 Salmanticae
1011 2253 1222 2298 manent,
1247 2258 1409 2287 omnes
1436 2246 1484 2287 in
1510 2246 1679 2298 spiritu
1708 2245 1841 2298 profi-

202 2321 344 2372 ciunt,
363 2322 558 2361 multum
575 2326 736 2361 mutuo
754 2332 804 2360 se
821 2331 983 2360 omnes
1001 2331 1056 2359 ac
1073 2319 1280 2359 maximo
1296 2324 1644 2370 prosequuntur
1663 2329 1840 2368 amore;

201 2404 364 2433 omnes
385 2391 634 2432 naturales
655 2404 767 2432 suas
787 2392 1056 2431 voluntates
1077 2402 1134 2430 ac
1155 2389 1404 2442 appetitus,
1428 2401 1522 2429 non
1543 2389 1693 2429 solum
1720 2388 1843 2428 intra

201 2464 485 2504 domesticos
506 2464 724 2516 parietes,
755 2474 922 2503 verum
948 2468 992 2502 et
1018 2462 1248 2512 exterius,
1280 2461 1319 2501 si
1345 2472 1429 2513 per
1457 2460 1646 2501 Patrem
1672 2459 1840 2500 Docto-

202 2547 301 2576 rem
321 2536 503 2586 liceret,
528 2535 779 2586 refrenare
800 2533 1081 2585 omninoque
1102 2533 1378 2584 extinguere
1400 2538 1649 2572 conantur:
1673 2535 1844 2571 curant

203 2607 345 2647 etiam
379 2619 519 2647 suam
553 2617 715 2646 omues
743 2604 1137 2654 humiliationem,
1158 2603 1424 2644 voluntatis
1443 2607 1670 2654 propriae
1689 2602 1843 2642 extin-

204 2679 420 2719 ctionem:
441 2684 676 2731 superque
703 2678 816 2718 haec
844 2677 1003 2718 omnia
1032 2677 1079 2718 in
1106 2677 1246 2717 rebus
1273 2675 1487 2716 omnibus
1516 2686 1747 2714 summam
1774 2686 1844 2714 as-

202 2751 334 2802 sequi
355 2751 684 2791 obedientiam:
708 2750 905 2802 quisque
931 2749 1107 2799 corrigi
1135 2760 1191 2789 ac
1219 2759 1329 2788 suos
1356 2747 1398 2787 ei
1419 2746 1614 2787 enodari
1635 2745 1845 2786 defectus

203 2823 407 2863 maxime
429 2823 576 2874 cupit,
600 2827 651 2862 ut
670 2822 718 2862 in
745 2821 912 2861 melius
940 2825 1096 2861 vertat
1123 2830 1292 2860 mores.
1325 2817 1588 2869 Unicuique
1616 2822 1724 2857 sunt
1748 2815 1845 2868 jam

205 2893 422 2945 orationi,
460 2893 640 2944 studiis,
677 2891 1104 2942 certaminibusque
1137 2890 1420 2931 constitutae
1453 2888 1612 2939 horae;
1651 2887 1845 2940 quisque

205 2965 403 3016 singulis
424 2965 700 3017 septimanis
727 2963 1057 3004 conclusiones
1084 2961 1343 3014 componit,
1375 2971 1548 3012 easque
1575 2959 1772 3000 sustinet
1801 2964 1845 2999 et
