2074 3179
874 126 958 163 AN.
990 125 1080 163 1552
1726 128 1801 165 6159

164 235 252 263 nae
274 223 280 241 ¹
302 224 467 264 institit
479 224 635 264 multis
653 224 869 275 precibus
886 230 931 263 ut
945 224 1217 264 concIonari
1234 224 1400 263 vellem
1414 225 1460 263 in
1477 225 1678 275 quodam
1692 226 1793 265 loco

165 295 353 345 publico
380 293 602 336 Coloniae
633 295 793 336 diebus
821 294 1066 335 dominicis
1095 301 1139 334 et
1169 293 1372 344 festivis;
1404 295 1526 345 quod
1554 295 1794 346 hucusque

166 365 255 405 feci
277 372 335 416 et,
360 377 513 418 spero,
538 378 643 406 cum
665 365 834 406 fructu.

242 437 346 489 Jam
377 437 517 477 etiam
545 437 591 477 in
623 438 713 477 alio
741 438 842 477 loco
870 436 1042 486 incipio
1070 435 1361 486 concionari,
1391 435 1451 475 ad
1478 435 1567 475 hoc
1589 437 1793 476 maxime

164 514 358 558 rogatus
387 520 414 548 a
442 508 532 548 loci
566 508 687 548 illius
715 508 988 549 rectoribus.
1019 505 1157 546 Pater
1178 506 1419 546 Arnoldus
1454 508 1636 558 supplet
1665 507 1793 547 vices

165 589 293 618 meas
314 579 360 618 in
380 580 483 619 loco
504 579 596 630 illo,
621 579 743 631 quod
760 578 854 630 jam
882 578 1108 630 relinquo.
1140 577 1291 617 Habet
1312 577 1482 617 bonam
1502 578 1706 628 gratiam
1729 577 1790 617 di-

164 649 299 689 cendi
321 656 365 689 et
383 650 577 690 libenter
600 662 704 690 eum
725 650 932 690 audiunt.

242 720 278 761 C
282 720 599 761 onfessionum
619 732 841 761 numerus
862 726 1060 771 augetur
1084 720 1131 759 in
1152 719 1264 759 dies.

241 791 345 831 Istis
372 793 608 832 mensibus
638 792 767 832 multi
798 791 921 843 apud
949 803 1034 831 nos
1067 791 1254 831 fuerunt
1285 790 1331 830 in
1360 789 1597 830 exercitiis
1618 802 1790 841 magno

162 874 267 902 cum
290 862 458 903 fructu.

242 932 515 973 Confratres
545 946 704 974 omnes
737 934 983 985 diligenter
1018 938 1222 972 tractant
1258 943 1342 971 sua
1377 931 1547 971 studia.
1585 931 1790 982 Singulis

160 1004 306 1044 sextis
337 1004 464 1044 feriis
492 1005 658 1056 aliquis
686 1005 810 1045 domi
836 1010 1024 1044 nostrae
1054 1003 1194 1043 habet
1222 1003 1481 1043 orationem
1510 1003 1789 1043 declamato-

159 1074 293 1125 riam,
319 1075 378 1114 ad
399 1087 538 1126 quam
559 1076 690 1116 multi
710 1076 923 1116 extranei
943 1075 1198 1115 adveniunt
1218 1085 1304 1113 nec
1321 1085 1471 1125 parvo
1489 1085 1595 1113 cum
1616 1073 1785 1114 fructu.

237 1145 410 1196 Magna
433 1152 503 1186 est
522 1147 657 1186 nobis
678 1147 751 1186 hic
779 1158 884 1198 spes
905 1145 1113 1196 collegii,
1135 1144 1175 1185 si
1194 1144 1454 1195 Episcopus
1475 1156 1700 1195 praesens
1722 1156 1789 1184 es—

157 1223 240 1256 set.
266 1216 441 1256 Omnes
462 1216 518 1257 de
548 1224 710 1258 nostra
741 1217 966 1268 parochia
996 1217 1112 1256 bene
1138 1215 1300 1255 favent
1327 1215 1482 1266 nobiS‚
1512 1215 1724 1255 similiter
1745 1222 1790 1255 ct

157 1294 316 1327 noster
337 1292 511 1339 pastor,
531 1294 576 1327 et
596 1287 815 1328 Decanus
832 1286 1239 1337 Noviomagensis,
1261 1284 1596 1336 Suffraganeus
1611 1292 1788 1336 noster,

158 1357 379 1398 Decanus
407 1359 575 1398 summi
606 1359 766 1408 templi
792 1365 835 1398 et
862 1358 1018 1409 plures
1053 1356 1150 1407 alii,
1176 1367 1293 1407 quos
1322 1367 1484 1396 omnes
1513 1356 1789 1396 commendo

159 1429 375 1480 precibus
395 1429 444 1470 P.
463 1429 522 1470 V.
547 1441 654 1470 cum
673 1436 772 1469 tota
794 1435 954 1469 nostra
975 1428 1166 1468 familia.

235 1499 360 1540 Bene
380 1501 537 1540 valeat
556 1499 605 1541 P.
633 1500 689 1540 V.
714 1501 760 1540 in
780 1500 862 1540 X.⁰
884 1510 1082 1550 semper.

238 1571 352 1610 1552.
377 1571 553 1612 'Ultima
575 1570 700 1623 Maji.

235 1640 288 1682 R.
313 1641 372 1681 V.
397 1653 563 1682 servus
584 1642 631 1681 in
652 1641 868 1689 Domino,

1059 1784 1342 1823 LEONARDUS
1364 1782 1564 1822 KEssEL.

208 1916 218 1936 ¹
260 1915 425 1943 Lucanae
440 1916 611 1943 scribebat
628 1915 764 1943 Polanci
780 1916 956 1944 librarius,
971 1915 1002 1941 in
1021 1914 1141 1941 Clzron.
1159 1920 1181 1940 t.
1198 1920 1232 1947 11,
1251 1915 1328 1947 pag.
1343 1913 1405 1939 583.
