2074 3179
278 152 354 188 <586
801 153 1027 191 LITTERAE
1053 142 1412 198 QUADRIMESTRES

282 250 342 290 tis
364 260 391 289 a
411 249 618 291 Doctore
639 251 716 290 illo
738 251 919 303 habita,
945 253 1044 304 qui,
1078 259 1127 293 ut
1159 254 1297 305 solet,
1331 255 1503 296 acriter
1532 268 1588 296 ac
1615 268 1816 297 nervose
1847 270 1923 298 res

280 326 471 361 nostras
492 333 654 362 coram
675 322 798 362 omni
823 323 1055 364 auditorio
1077 329 1255 365 tutatus
1277 332 1369 376 est,
1394 327 1595 378 ingenue
1616 327 1783 379 fatens,
1803 340 1924 380 quae

282 392 482 433 hominis
499 398 569 433 est
589 393 833 446 modestia,
853 405 902 434 se
920 395 1092 435 calceis
1110 395 1310 437 Adriani
1327 397 1639 439 dissolvendis
1661 398 1920 452 indignum,

281 470 420 515 atque
441 464 487 504 id
510 465 760 505 occasione
782 464 978 516 injuriae
1001 478 1149 518 nuper
1169 467 1346 520 illatae,
1381 469 1437 509 ob
1466 481 1607 521 quam
1633 470 1922 521 singularem

281 534 416 586 hujus
437 536 505 575 rei
525 542 744 577 auctores
766 538 1083 578 calamitatem
1104 550 1295 580 manere
1325 540 1592 592 suspicatur
1621 540 1647 579 ¹.
1680 542 1769 582 Tot
1797 554 1921 583 com-

278 607 578 648 municarunt
598 608 684 648 sub
705 607 846 648 finem
862 609 1034 650 Missae
1051 615 1101 650 ut
1117 611 1209 650 tria
1225 612 1394 662 pocula
1414 612 1511 652 vini
1528 613 1759 653 exhausta
1780 614 1873 654 sint
1888 613 1918 665 ²,
1950 660 1953 663 ,

278 690 384 718 cum
401 684 558 719 tamen
578 680 766 720 nonnisi
786 691 957 720 novem
974 687 1053 721 aut
1070 681 1246 732 decem,
1264 683 1566 734 praecedenti
1584 683 1657 724 die
1674 683 1919 736 confessis,

278 750 535 790 indicatum
556 756 694 791 esset.
713 750 771 791 Et
789 752 913 803 quod
933 752 1147 792 miraculi
1166 753 1272 793 loco
1294 753 1457 794 haberi
1479 760 1652 806 posset,
1673 766 1921 796 consecra-

278 821 345 862 vit
367 821 505 862 Pater
527 822 645 862 citra
668 823 850 862 numeri
871 822 1103 863 delectum
1123 824 1283 864 nescio
1306 830 1418 876 quot
1438 824 1633 876 hostias,
1658 826 1847 877 quibus,
1873 834 1923 867 ut

277 899 472 933 eventus
493 893 670 944 docuit,
694 906 780 934 nec
801 894 1012 946 pluribus
1033 907 1119 935 nec
1147 895 1450 947 paucioribus
1481 908 1598 948 opus
1626 896 1781 938 fuerit.
1815 898 1921 939 Hoc

275 964 497 1004 nimirum
526 971 595 1005 est
631 965 756 1017 quod
788 965 1020 1006 dubitanti
1054 966 1443 1018 superfuturaene
1475 979 1536 1008 an
1571 967 1817 1009 defuturae
1854 981 1920 1010 es-

276 1042 399 1085 sent,
432 1037 556 1076 intus
585 1037 944 1088 suggerebatur:
974 1037 1044 1078 Tu
1072 1049 1266 1078 securus
1295 1044 1415 1090 cst03
1446 1039 1506 1079 ad
1532 1040 1920 1091 perpendiculum

271 1119 365 1159 ego
387 1109 499 1148 novi
519 1108 598 1161 qui
618 1114 822 1160 quotque
844 1120 917 1149 me
939 1109 1176 1160 gustaturi
1197 1110 1307 1149 sint.

357 1180 459 1219 Huc
477 1180 660 1220 accedit
677 1180 800 1232 quod
815 1180 934 1220 duae
950 1180 1122 1221 viduae
1138 1180 1524 1234 Antuerpienses,
1539 1182 1693 1223 Patris
1710 1195 1917 1236 sorores,

274 1253 322 1291 in
339 1251 436 1291 dies
455 1252 871 1303 communicanteS,
892 1252 1048 1293 omnia
1064 1264 1149 1292 sua
1166 1252 1212 1292 in
1228 1265 1488 1305 pauperum
1505 1254 1715 1294 subsidia
1735 1254 1919 1307 Deique

275 1324 449 1363 cultum
472 1329 737 1375 erogantes,
762 1323 872 1363 solis
892 1323 1080 1375 pietatis
1103 1324 1323 1376 operibus
1343 1325 1575 1374 intentae,
1600 1325 1803 1377 denique
1823 1338 1916 1367 mo—

275 1395 506 1435 nasticam
528 1394 682 1446 potius
704 1406 844 1446 quam
866 1396 1159 1435 saecularem
1179 1395 1326 1435 vitam
1347 1395 1586 1446 ducentes,
1607 1397 1814 1448 supremi
1830 1410 1918 1438 nu-

274 1467 411 1507 minis
429 1467 632 1518 stimulo,
652 1467 712 1507 ob
728 1466 903 1506 nullam
919 1472 1098 1507 certam
1115 1478 1323 1518 causam,
1344 1468 1426 1508 sed
1446 1467 1709 1508 futurorum
1725 1481 1920 1520 prorsus

274 1539 489 1589 ignarae,
516 1538 606 1578 huc
634 1538 859 1578 advolare
886 1543 1082 1578 coactae
1109 1545 1237 1590 sunt,
1263 1551 1318 1579 ac
1344 1545 1443 1579 tum
1464 1540 1607 1580 solari
1635 1546 1735 1580 tum
1764 1542 1922 1582 lunari

274 1610 346 1650 die
369 1610 640 1650 venerabile
662 1621 834 1661 corpus
857 1609 1031 1650 Christi
1052 1622 1144 1650 una
1166 1610 1412 1651 nobiscum
1432 1610 1769 1663 degustarunt,
1795 1624 1851 1652 ac
1873 1613 1919 1653 in

273 1681 477 1721 Domino
506 1681 720 1731 gavisae,
744 1693 794 1721 se
822 1681 1010 1721 domum
1032 1681 1096 1721 ita
1124 1688 1422 1733 receperunt.

353 1753 505 1793 Mater
536 1751 549 1769 ·“·
576 1752 676 1804 ejus
700 1753 965 1804 hospitalis,
998 1753 1075 1793 ubi
1103 1753 1221 1793 haec
1247 1753 1520 1794 solemnitas
1551 1754 1794 1794 celebrata
1831 1761 1916 1804 est,

270 1825 484 1875 graviter
517 1836 543 1864 a
571 1825 729 1864 multis
750 1824 987 1864 mensibus
1009 1825 1312 1876 decumbens,
1336 1826 1464 1865 vires
1487 1826 1815 1867 Eucharistiae
1847 1839 1917 1867 sa-

272 1902 513 1937 cramento
531 1896 745 1945 munivit,
765 1907 885 1947 quae
901 1896 1034 1954 nobis
1049 1896 1202 1947 magis
1218 1897 1463 1948 magisque
1480 1908 1665 1949 semper
1687 1898 1914 1950 afficitur,

271 1969 390 2010 adeo
421 1974 469 2009 ut
504 1974 602 2008 tota
645 1967 834 2015 civitas,
871 1967 920 2007 fit
961 1967 1084 2007 enim
1123 1968 1286 2007 mulier
1324 1968 1447 2019 apud
1493 1980 1656 2009 omnes
1696 1970 1913 2021 maximi,

269 2053 364 2082 non
407 2041 522 2081 satis
561 2040 755 2080 miretur
796 2039 1051 2091 quomodO,
1094 2051 1201 2079 cum
1241 2046 1380 2080 antea
1420 2040 1767 2092 sapientissima
1798 2040 1915 2092 judi-

268 2119 378 2153 cata
408 2112 486 2162 sit,
513 2111 609 2163 jam
637 2123 663 2151 a
695 2110 946 2151 Societatis
972 2109 1196 2151 fratribus
1223 2111 1384 2151 seduci
1414 2124 1463 2151 se
1487 2112 1745 2163 permittat.
1778 2112 1916 2153 Hanc

269 2185 395 2224 enim
432 2195 572 2234 saepe
610 2182 884 2233 admodum,
921 2182 1198 2233 praesertim
1224 2194 1283 2222 ex
1311 2194 1401 2234 quo
1428 2189 1526 2223 tam
1558 2183 1820 2235 periculose
1852 2185 1914 2224 la-

272 2256 431 2304 borat,
474 2254 670 2294 visitare
709 2254 955 2293 consuevit
995 2253 1154 2304 Pater,
1197 2254 1317 2294 sicut
1357 2260 1401 2294 et
1442 2254 1584 2294 alium
1622 2255 1801 2295 bonum
1848 2267 1914 2296 se-

272 2338 379 2367 nem
411 2326 672 2374 hominem,
711 2324 842 2376 cujus
871 2325 1050 2365 duobus
1080 2325 1214 2365 annis
1245 2325 1562 2365 confessarius
1596 2326 1804 2377 exstitit,
1839 2327 1916 2367 cui

269 2411 378 2439 cum
416 2397 709 2438 familiariter
749 2397 804 2437 de
841 2408 980 2437 cruce
1014 2396 1204 2437 Domini
1239 2397 1507 2449 nuperrime
1547 2398 1911 2449 colloqueretur,

269 2471 338 2511 sic
373 2469 597 2510 divinitus
633 2468 900 2508 ordinatum
934 2474 1004 2508 est
1031 2473 1102 2518 ut,
1140 2467 1405 2519 confessus,
1441 2469 1605 2519 paucis
1639 2474 1745 2520 post
1781 2468 1913 2510 horis

325 2645 334 2665 ¹
377 2644 560 2672 Doctorem
574 2643 673 2677 hunc,
690 2642 729 2670 de
745 2649 808 2677 quo
823 2642 872 2670 ita
887 2642 1037 2676 loquitur
1060 2641 1199 2677 Sylvius
1222 2649 1262 2669 ac
1284 2642 1310 2669 si
1336 2642 1487 2676 Ignatii),
1513 2642 1723 2676 proindeque
1750 2642 1911 2678 Polanco‚

271 2693 467 2720 notissimus
482 2695 581 2725 esset,
598 2691 773 2719 Ruardum
788 2690 924 2725 Tapper
938 2690 1039 2718 fuisse
1056 2690 1130 2725 quis
1145 2689 1384 2728 facilqcredet.
1401 2690 1567 2716 Attamen
1580 2689 1759 2722 Polancus,
1775 2689 1912 2723 Clzron„

272 2746 294 2768 ι.
312 2748 351 2774 ῐῐ,
367 2748 445 2775 pag.
461 2739 529 2774 589,
552 2747 583 2766 n.
605 2739 673 2773 1101,
699 2739 738 2765 de
763 2745 801 2765 eo
822 2741 999 2772 tamquam
1022 2738 1085 2766 sibi
1109 2738 1224 2772 ignoto
1248 2737 1313 2764 ait:
1339 2737 1560 2764 “concionem
1583 2737 1730 2764 habente
1757 2736 1913 2765 Doctore

272 2789 454 2822 quodanz„.

326 2836 339 2855 Ξ
377 2835 480 2863 Forte
496 2843 575 2862 usus
591 2835 648 2862 illo
663 2838 816 2869 tempore
831 2833 977 2861 Lovanii
993 2834 1125 2861 serebat
1138 2837 1192 2868 ut,
1210 2841 1273 2868 quo
1289 2833 1422 2863 facilius
1446 2840 1582 2861 sacram
1596 2831 1746 2860 hostiam
1767 2831 1914 2866 degluti-

273 2887 365 2917 rent,
383 2884 451 2911 vini
468 2883 612 2911 haustus
627 2882 956 2910 communicantibus
971 2882 1162 2909 offerretur.

326 2932 339 2950 3
377 2932 545 2959 Polancus
570 2932 602 2959 in
623 2938 702 2958 mss.
723 2930 828 2958 habet
852 2929 1039 2964 Mr.,quod
1062 2937 1138 2963 nos,
1162 2929 1482 2964 pe1·pe1·am,uthic
1505 2932 1667 2963 apparet,
1691 2927 1911 2962 interpretati

273 2987 398 3013 sumus,
415 2980 492 3008 dum
507 2980 589 3008 illud
605 2987 688 3014 opus
703 2979 878 3011 edidimus,
894 2978 1078 3012 Magister.
1093 2978 1180 3005 Vide
1197 2977 1332 3010 chron„
1347 2979 1366 3005 1.
1384 2985 1410 3006 c.
