2074 3179
858 191 893 227 A
905 202 941 227 N.
974 191 1053 226 1331
1708 192 1777 228 2013

836 641 1082 693 LXXIV

213 868 259 905 Ρ.
282 869 580 917 Hieronymus
600 869 764 906 Natalis

260 934 381 971 Patri
399 934 568 981 Ignatio
588 935 642 971 de
660 934 843 982 Loyola.

306 998 523 1044 Messana,
544 1007 566 1033 o
585 999 783 1045 Januarii
803 999 890 1036 1551
914 1000 938 1034 ¹.

218 1348 381 1388 Gratia
410 1357 453 1388 et
481 1360 574 1399 pax
604 1349 660 1388 D.
691 1348 744 1388 N.
777 1349 887 1402 Jesu
921 1349 1028 1401 Xpi.
1059 1351 1117 1390 sit
1151 1362 1357 1402 semper,
1397 1350 1695 1390 confirmetur
1729 1359 1774 1390 et

139 1426 368 1469 augeatur
389 1419 435 1458 in
457 1419 674 1459 cordibus
695 1420 883 1460 nostris.
905 1420 1072 1460 Arnen.

220 1490 409 1530 Gratias
431 1502 522 1541 ago
543 1490 643 1530 Deo
666 1497 709 1530 et
728 1490 857 1531 Patri
877 1490 950 1531 D.i
977 1491 1037 1531 nst
1062 1492 1172 1545 Jesu
1193 1492 1366 1532 Christi
1388 1493 1513 1544 quod
1533 1492 1682 1532 dulcis
1703 1498 1772 1532 est

139 1561 272 1601 nobis
293 1573 475 1613 semper
496 1562 686 1613 spiritus
708 1568 899 1602 sanctae
921 1562 1225 1603 obedientiae.
1251 1562 1367 1603 Illud
1388 1569 1546 1603 tamen
1567 1564 1772 1603 animum

139 1639 349 1672 nostru-m
370 1633 590 1683 solicitat,
616 1633 692 1673 ubi
712 1633 775 1673 40
796 1645 954 1674 mense
976 1634 1274 1675 scribendum
1296 1640 1386 1685 est,
1418 1635 1541 1686 quod
1568 1646 1770 1686 quoquo-

140 1714 302 1743 versus
323 1705 485 1744 oculos
503 1703 733 1755 injicimus
750 1710 888 1756 atque
904 1711 1091 1745 nostras
1108 1705 1316 1746 actiones
1337 1705 1769 1755 animadvertimus,

135 1774 245 1826 Jesu
266 1774 408 1825 bone,
436 1781 662 1826 quantum
684 1775 881 1815 inertiae
903 1782 992 1825 est,
1016 1782 1241 1827 quantum
1261 1777 1599 1817 somnolentiae
1620 1783 1664 1816 et
1685 1782 1769 1816 ste-

135 1845 321 1885 rilitatis
342 1846 534 1897 ubique!
559 1846 719 1897 Itaque
740 1846 882 1897 pudet
903 1859 1009 1897 nos,
1034 1847 1172 1887 Pater
1200 1848 1246 1887 in
1272 1847 1357 1888 X.⁰
1380 1848 1491 1900 Jesu
1521 1848 1771 1888 observan-

135 1916 299 1964 disse,
329 1917 492 1968 pudet,
520 1918 731 1969 inquam,
762 1918 888 1957 vitae
917 1924 1128 1967 nostrae,
1159 1931 1215 1958 ac
1243 1918 1384 1959 nichil
1418 1925 1488 1959 est
1522 1918 1647 1959 aliud
1675 1918 1770 1958 fere

135 1987 257 2038 quod
278 1989 542 2028 consoletur
565 1994 777 2028 nostrum
806 1988 958 2028 bonae
987 1990 1245 2030 voluntatis
1276 1990 1502 2041 animum,
1532 1990 1622 2029 nisi
1648 1989 1771 2041 quod

134 2070 216 2109 spe
237 2058 440 2098 melioris
460 2059 640 2099 fructus
662 2059 708 2099 in
734 2058 921 2099 Christo
949 2060 1204 2111 superioris
1231 2061 1455 2112 temporis
1485 2061 1769 2111 poenitentia

134 2128 415 2169 desiderium
436 2136 647 2170 nostrum
669 2130 875 2176 exacuit,
902 2136 1039 2182 atque
1061 2131 1354 2182 propositum
1380 2131 1506 2172 vitae
1534 2131 1676 2171 totius
1706 2131 1767 2171 in-

133 2201 382 2240 novandae
403 2201 633 2241 accendit.

213 2270 289 2311 Ad
310 2272 497 2311 scholas
519 2278 704 2312 nostras
724 2272 822 2312 fere
839 2273 982 2313 nichil
998 2279 1082 2321 est,
1108 2274 1231 2325 quod
1248 2274 1320 2313 his
1341 2274 1367 2313 4
1386 2274 1622 2314 mensibus
1638 2285 1769 2325 prae-

135 2349 206 2382 ter
240 2342 531 2393 superiorum
566 2349 828 2394 temporum
858 2345 1243 2385 consuetudinem
1264 2345 1539 2396 accesserit,
1564 2352 1768 2396 praeter-

135 2424 273 2464 quam
296 2412 417 2464 quod
438 2413 485 2453 in
507 2420 675 2465 quarta
696 2415 866 2465 classe,
896 2415 943 2454 in
973 2427 1063 2467 qua
1092 2422 1373 2456 enarrantur
1399 2416 1582 2456 litterae
1611 2416 1769 2456 huma-

133 2483 313 2535 niores,
337 2485 554 2524 constitui
577 2492 626 2524 ut
646 2496 821 2536 graeca
842 2486 997 2525 latinis
1019 2486 1428 2538 conjungerentur.
1452 2487 1612 2539 Itaque
1633 2499 1768 2527 enar-

134 2560 207 2594 rat
234 2555 458 2605 magister
481 2555 684 2595 Annibal
704 2556 718 2574 ²
746 2555 1002 2597 Homerum
1029 2565 1073 2597 et
1100 2558 1374 2609 Virgilium,
1404 2557 1769 2610 Aristophanem

135 2632 179 2665 et
200 2625 252 2664 T.
275 2625 476 2676 Livium,
501 2626 694 2666 alternis
715 2627 875 2667 diebus
895 2627 1043 2677 binos,
1065 2640 1236 2680 magna
1255 2641 1362 2669 cum
1377 2630 1576 2670 utilitate
1594 2630 1768 2670 audito—

133 2707 250 2736 rum.
269 2695 433 2737 Studia
452 2704 606 2737 autem
625 2698 779 2737 omnia
795 2698 993 2739 feliciter
1009 2705 1053 2739 et
1074 2700 1365 2740 auditoribus
1382 2700 1552 2741 cedunt
1573 2706 1618 2741 et
1638 2712 1768 2752 prae-

134 2768 415 2818 ceptoribus.
440 2768 763 2809 Observantur
785 2770 1146 2810 consuetudines
1167 2772 1287 2822 piae,
1307 2770 1402 2822 jam
1426 2772 1530 2812 inde
1553 2783 1580 2811 a
1601 2772 1768 2823 princi-

189 2950 198 2969 ¹
239 2951 401 2979 Historia
417 2953 531 2984 varia,
549 2954 613 2980 vol.
630 2961 650 2987 1,
667 2953 723 2980 fol.
739 2953 868 2981 201-203.

189 2998 202 3016 2'
242 2998 390 3026 Annibal
406 2999 445 3026 de
460 3000 640 3028 Coum-010.
