2074 3179
227 161 294 197 184
734 163 961 201 LITTERAE
987 175 1346 208 QUADRmsssTREs

303 257 530 299 Curatum
550 264 619 300 est
641 260 782 300 etiam
803 261 850 300 in
871 261 959 300 hac
982 260 1172 301 civitate
1194 263 1435 314 negotium
1456 264 1758 316 pupillorum,
1782 266 1859 317 qui

224 329 298 369 hic
320 329 494 381 absque
515 331 609 370 ulla
631 338 763 371 erant
794 331 1184 383 congregatione,
1215 344 1302 373 nec
1334 340 1433 374 erat
1461 335 1539 386 qui
1567 336 1751 376 illorum
1780 337 1856 377 ali-

223 411 362 451 quam
381 413 544 441 curam
565 408 764 452 gereret.
785 401 942 452 Quare
963 403 1087 442 bulla
1109 404 1359 444 erectionis
1376 405 1510 457 hujus
1528 408 1855 458 congregatio-

222 472 294 512 nis
323 473 561 524 publicata
590 481 680 517 est,
714 473 1017 524 praedicante
1048 474 1123 514 illa
1155 475 1390 516 dominica
1420 476 1559 517 Patre
1590 478 1780 530 Laynez
1810 480 1856 520 in

222 555 384 583 eorum
404 545 623 595 gratiam;
652 544 726 584 cui
746 545 1085 596 praedicationi
1115 557 1221 586 curn
1254 546 1499 588 interesset
1520 549 1717 589 Prorex
1743 557 1857 590 tota-

222 627 310 666 que
332 615 522 661 civitas,
546 601 721 656 factum
743 622 812 655 est
833 623 882 656 ut
904 616 960 656 de
986 616 1225 668 Pro-regis
1251 618 1496 669 mandam,
1528 620 1732 661 civitatis
1763 622 1858 662 dux

222 692 267 726 et
287 686 478 738 quidam
501 687 624 726 alius
640 698 699 727 ex
721 687 985 738 praecipuis
1008 688 1240 728 nobilibus
1262 689 1487 740 plurimos
1507 691 1731 742 primates
1753 704 1857 733 con-

223 758 435 798 venirent
458 765 501 797 et
523 757 716 809 nobiles,
740 758 849 798 huic
870 765 920 799 ut
949 759 1243 800 sociarentur
1263 759 1562 801 fraternitati.
1587 762 1719 803 Unde
1750 763 1858 804 huic

222 840 271 868 se.
292 829 573 869 addixerunt
594 829 936 882 quinquaginta
958 830 1048 870 viri
1069 831 1264 882 egregii;
1288 831 1572 884 quidamque
1593 833 1760 874 nobilis
1781 846 1858 874 an-

220 901 301 940 nui
321 901 529 941 redditus
550 901 745 952 triginta
768 902 953 953 uncias,
985 902 1031 942 id
1059 909 1149 953 est,
1183 909 1368 943 scutata
1400 905 1702 955 septuaginta
1731 906 1858 957 quin-

222 984 310 1023 que
343 971 368 1020 ¹,
403 973 503 1012 istis
538 973 763 1024 orphanis
796 973 1006 1025 reliquit:
1044 974 1121 1025 qui
1156 974 1297 1014 etiam
1327 975 1525 1026 collegio
1552 981 1715 1016 nostro
1743 976 1860 1017 duas

220 1043 413 1084 dederat
434 1043 618 1095 domos,
643 1055 763 1096 quae
785 1045 982 1096 singulis
1005 1045 1140 1085 annis
1160 1046 1375 1086 locantur
1397 1052 1583 1087 centum
1610 1048 1775 1088 unciis.

300 1115 385 1155 His
405 1116 689 1166 generaliter
709 1122 816 1156 sunt
838 1117 1101 1169 perstricta,
1126 1129 1245 1168 quae
1266 1129 1349 1169 per
1369 1119 1574 1169 gratiam
1594 1118 1682 1159 Dei
1704 1119 1779 1159 hic
1801 1119 1860 1160 ad

220 1185 308 1226 Dei
327 1187 529 1238 gloriam
558 1193 694 1238 gesta
725 1193 852 1238 sunt,
887 1188 1072 1228 omissis
1103 1188 1288 1228 interim
1319 1189 1702 1240 particularibus,
1738 1201 1859 1243 quae

219 1258 424 1309 quotidie
459 1257 574 1298 fiunt
607 1259 751 1299 multa
788 1271 870 1310 per
905 1259 1138 1311 colloquia
1174 1258 1413 1312 Pro-regis
1455 1267 1500 1301 et
1535 1260 1856 1313 Pro-reginae,

218 1329 339 1370 unde
360 1330 491 1371 multi
513 1329 812 1382 adjuvantur.
836 1330 907 1371 De
928 1331 1144 1371 omnibus
1171 1331 1386 1372 laudetur
1416 1332 1565 1384 Deus,
1597 1333 1675 1385 qui
1703 1334 1857 1374 omnia

219 1402 265 1442 in
291 1402 506 1442 omnibus
534 1408 770 1453 operatur,
805 1403 1031 1454 nobisque
1050 1409 1354 1454 augmentum
1380 1405 1562 1455 gratiae
1596 1411 1640 1445 et
1666 1405 1858 1457 spiritus

218 1479 444 1524 praestet,
469 1480 517 1514 ut
549 1474 742 1514 servitio
771 1486 855 1514 suo
883 1474 1090 1526 quotidie
1116 1474 1376 1515 ferventius
1404 1475 1674 1516 insistamus
1704 1488 1856 1518 suum·

217 1557 305 1596 que
327 1545 553 1586 honorem
576 1552 621 1585 et
641 1546 844 1596 gloriam
862 1557 1046 1597 semper
1068 1546 1113 1585 in
1136 1546 1352 1586 omnibus
1370 1558 1666 1598 quaeramus.
1686 1547 1854 1588 Amen.

296 1616 516 1656 Panormi
542 1617 588 1655 15
609 1616 855 1657 Februarii
882 1617 996 1657 1550.

269 1801 280 1821 ¹
319 1801 436 1829 Verba
451 1802 545 1829 haec:
563 1802 599 1828 id
615 1804 678 1834 est,
692 1804 833 1829 scutata
850 1804 1079 1837 septuaginta
1105 1804 1272 1837 quinque!
1293 1804 1326 1830 in
1349 1804 1512 1838 margine,
1537 1804 1594 1831 sed
1618 1804 1791 1831 contextui
1807 1804 1855 1831 in-

214 1850 368 1883 serenda,
383 1850 520 1884 scripsit
534 1849 711 1877 Polancus.
