2074 3179
290 119 363 156 274
812 124 1040 161 LITTERAE
1068 136 1428 168 QUADMMESTRES

980 560 1230 614 LXXVI

352 768 401 805 P.
425 768 656 817 Sylvester
675 769 903 808 Landinus

402 834 523 872 Patri
540 834 712 882 Ignatio
733 834 786 873 de
807 835 990 884 Loyola.

447 900 629 947 Mutina,
651 900 674 937 9
693 900 949 939 Martii‘1551
974 902 998 936 ¹.

1080 1075 1099 1108 ’θ

1051 1112 1149 1153 IHS

761 1252 813 1280 Ex
829 1252 955 1281 litteris
971 1253 1086 1281 Patris
1102 1253 1273 1289 Sylvestri
1288 1254 1443 1282 Landini.

357 1361 525 1402 Gratia
547 1366 591 1402 et
612 1373 730 1412 pax,
750 1367 837 1402 etc.

352 1432 522 1473 Paucis
543 1432 748 1473 referam
769 1432 1049 1473 Paternitati
1069 1432 1198 1473 Tuae
1219 1432 1273 1473 R.
1292 1465 1300 1481 ,
1324 1433 1436 1485 quid
1457 1434 1716 1485 spiritualis
1733 1433 1913 1474 fructus

268 1517 353 1557 per
374 1504 462 1544 Dei
483 1504 688 1555 gratiam
709 1504 956 1544 collectum
976 1504 1115 1545 fuerit
1144 1504 1218 1544 his
1246 1505 1294 1545 in
1320 1504 1457 1556 loeis,
1492 1505 1539 1545 in
1567 1505 1733 1557 quibus
1754 1517 1911 1546 versa-

270 1583 344 1616 tus
379 1587 502 1626 sum,
545 1587 603 1615 ex
644 1575 937 1626 obedientiae
976 1582 1171 1616 sanctae
1204 1576 1519 1628 praescripto,
1562 1588 1681 1628 quae
1716 1576 1892 1616 referre

269 1647 395 1699 quod
422 1646 602 1687 exactis
630 1646 703 1686 his
729 1646 982 1697 mensibus,
1014 1652 1268 1698 antequam
1291 1646 1520 1687 Mutinam
1548 1647 1770 1698 redirem,
1800 1648 1909 1688 scri-

266 1718 470 1759 bendum
489 1718 665 1769 fuerat,
690 1723 798 1758 ante
820 1717 910 1758 hoc
931 1718 1145 1758 ultimum
1165 1718 1509 1770 quadrimestre
1530 1717 1743 1770 injunxit.

345 1790 554 1830 Primum
588 1789 926 1829 monasterium
961 1788 1179 1841 CasoIae,
1209 1801 1295 1841 pro
1329 1789 1593 1841 virginibus
1623 1791 1909 1842 pauperibus

264 1867 496 1912 erectum,
532 1861 797 1901 absolutum
833 1861 1021 1901 omnino
1053 1860 1139 1901 fuit
1174 1872 1280 1901 cum
1312 1861 1513 1902 ecclesia
1548 1866 1592 1901 et
1625 1861 1830 1902 claustro
1862 1868 1906 1902 et

264 1933 412 1973 muris
446 1932 658 1984 insuper,
688 1943 772 1984 per
799 1931 1024 1971 ambitum
1055 1938 1242 1972 centum
1269 1937 1314 1972 et
1336 1932 1584 1983 sexaginta
1615 1933 1832 1973 ulnarum
1863 1939 1907 1973 et

264 2004 489 2055 amplius,
529 2003 796 2054 obseptum,
834 2014 929 2043 non
964 2003 1164 2054 exiguae
1195 2003 1471 2053 altitudinis;
1506 2003 1716 2054 virgines
1748 2004 1902 2055 etiam,

264 2086 436 2115 novem
456 2086 673 2125 numero,
710 2074 862 2126 primo
890 2074 937 2114 in
964 2074 1182 2125 ingressu
1211 2074 1343 2125 (nam
1370 2075 1489 2115 aliae
1516 2081 1624 2115 sunt
1653 2075 1903 2127 subsequu-

262 2146 355 2197 tae)
378 2145 551 2186 ibidem
584 2145 946 2197 collocavimus;
980 2146 1135 2185 omnia
1166 2157 1236 2186 ex.
1255 2146 1534 2186 auctoritate
1556 2146 1777 2198 Episcopi
1798 2152 1905 2186 acta

261 2218 463 2259 fuerunt.
489 2217 587 2258 Nec
614 2229 728 2257 sane
755 2217 1107 2269 persecutiones
1138 2217 1385 2258 defuerunt
1411 2218 1584 2258 multae
1613 2230 1639 2258 a
1667 2217 1904 2269 primariis

261 2290 352 2330 loci
387 2289 524 2340 Viris,
555 2289 633 2341 qui
660 2289 748 2329 sibi
780 2288 1034 2340 impetrare
1066 2289 1342 2329 monasterii
1368 2289 1632 2341 patrocinia
1664 2289 1899 2339 volebant3

261 2361 340 2412 qui
374 2367 532 2401 tamen
561 2360 680 2400 inter
707 2360 810 2400 illos
839 2365 941 2400 erat
967 2360 1248 2411 praecipuus
1277 2359 1375 2412 jam
1407 2361 1504 2401 vita
1536 2360 1722 2401 functus
1744 2365 1833 2411 est;
1858 2366 1902 2400 et

261 2439 367 2483 post
404 2432 531 2472 illam
559 2431 816 2471 excitatam
840 2431 1238 2483 persecutionem,
1276 2442 1462 2483 semper
1496 2431 1700 2472 deterius
1735 2431 1897 2482 valuit,

261 2504 412 2543 donec
451 2503 573 2543 diem
612 2502 725 2542 obiit
764 2507 1039 2542 extremum.
1082 2502 1303 2553 Ignoscat
1342 2503 1406 2543 illi
1445 2502 1688 2544 Dominus.
1733 2502 1901 2543 Omnia

315 2676 323 2694 1
365 2674 615 2709 Apographum
640 2673 769 2701 Romae
795 2674 999 2708 confectum,
1016 2678 1053 2702 ut
1069 2675 1102 2702 in
1126 2674 1311 2703 Societatis
1332 2675 1447 2703 domos
1470 2676 1682 2709 mitteretur,
1708 2676 1739 2703 in
1765 2676 1843 2703 folio
1867 2675 1902 2703 48

260 2757 388 2785 codicis
398 2757 597 2793 papyracei,
607 2757 661 2784 eui
673 2757 705 2784 in
715 2757 825 2792 prima
838 2758 964 2792 pagina
976 2761 1028 2785 cst
1039 2765 1182 2792 sequens
1193 2759 1380 2793 inscriptio:
1395 2758 1477 2786 IHS.
1494 2759 1497 2792 Ι
1515 2758 1588 2786 Hoc
1599 2758 1688 2786 libro
1700 2759 1863 2785 coutinen
1881 2758 1885 2791 Ι

260 2808 320 2831 tur
334 2805 420 2833 Irae.
441 2805 488 2832 ad
509 2805 712 2841 aedificatio
729 2805 732 2838 Ι
751 2812 831 2832 nem
853 2806 1078 2839 pertinentes
1100 2806 1173 2833 z'ncz'
1189 2806 1193 2839 1
1208 2807 1340 2840 pz'endo
1355 2807 1396 2834 ab
1414 2813 1506 2833 anno
1525 2806 1619 2833 1551.
1641 2805 1737 2834 Hunc
1749 2806 1898 2833 codicem

259 2853 379 2880 deinde
409 2852 472 2880 hoc
502 2852 598 2879 modo
629 2852 902 2886 designabimus:
938 2852 1017 2880 Cod.
1051 2853 1129 2880 1551.
1142 2868 1176 2872 —
1190 2853 1364 2881 Habemus
1392 2854 1497 2881 etiam
1526 2857 1559 2880 ct
1592 2853 1684 2880 aliud
1711 2853 1897 2887 exemplar,

261 2908 362 2927 manu
386 2899 420 2927 P.
444 2899 584 2933 Joannis
606 2899 755 2934 Philippi
780 2899 861 2927 Vito
886 2900 1025 2935 factum,
1042 2901 1074 2928 in
1098 2901 1224 2936 duplici
1249 2901 1345 2936 folio,
1371 2901 1422 2929 cui
1438 2901 1517 2929 olim
1533 2904 1632 2928 erant
1647 2909 1700 2929 nn.
1713 2900 1765 2928 287
1787 2903 1820 2927 et
1835 2900 1897 2933 288,

257 2955 346 2974 nunc
362 2951 476 2974 autem
488 2947 523 2974 92
537 2950 569 2974 et
584 2947 628 2975 93.
