2074 3179
904 199 986 235 AN.
1018 197 1103 235 1551
1743 195 1812 233 431

186 297 559 350 aegrotantibus,
584 296 706 348 quod
727 297 772 336 in
808 295 1007 346 collegio
1034 301 1190 334 tamen
1217 293 1328 333 nulli
1354 292 1721 344 permitteretur)
1753 291 1812 331 ad

185 381 289 409 eam
310 367 472 420 inquit:
495 367 604 416 quid
624 367 698 406 hic
716 373 765 406 tu
780 367 981 417 quaeris,
1003 365 1155 405 soror?
1173 364 1282 416 quid
1299 363 1389 403 vis?
1407 363 1559 403 adhuc
1577 363 1623 402 in
1640 362 1815 402 mundo

187 440 255 480 es?
277 438 387 490 quid
402 438 582 478 tardas?
598 449 753 477 nonne
769 437 902 477 vides
918 447 991 476 me
1008 435 1104 476 fere
1124 435 1472 486 consumptum?
1488 433 1568 473 vix
1585 432 1699 472 mihi
1716 432 1815 471 dies

186 522 306 550 unus
325 510 450 549 vitae
471 516 698 561 superest;
720 519 941 560 propera,
965 507 1155 557 festina,
1181 517 1315 547 curre
1338 505 1397 545 ad
1418 504 1677 545 Christum:
1707 503 1816 554 quid

188 582 303 622 mihi
324 580 596 632 respondes?
617 580 720 620 Non
740 579 889 631 potuit
911 579 989 618 illa
1010 578 1166 618 facere
1188 577 1298 629 quin
1318 576 1608 628 promitteret
1637 586 1685 614 se
1715 585 1814 613 coe-

189 652 377 693 nobium
412 651 746 702 ingressuram.
776 649 1068 690 Mirabantur
1096 660 1257 688 ornnes
1283 646 1600 687 fortitudinem
1628 645 1811 693 infirmi,

190 723 267 775 qui
301 723 497 762 aderant
530 734 589 762 ex
623 721 905 767 domesticis;
944 720 1009 760 ita
1045 720 1167 760 enim
1200 719 1475 770 loquebatur
1511 728 1566 757 ac
1601 717 1639 756 si
1675 727 1821 755 sanus

190 795 378 834 omnino
400 793 576 843 fuisset,
610 804 716 832 cum
736 798 891 832 tamen
912 790 1137 842 postridie
1154 790 1272 830 hora
1289 789 1468 829 decima
1486 788 1545 827 ad
1561 786 1818 826 Dominum

189 866 338 905 laetus
359 864 649 914 migraverit.
668 862 945 903 Benedictus
966 861 1108 911 Deus,
1139 861 1216 911 qui
1243 872 1322 900 eos
1353 860 1399 899 in
1427 864 1574 898 morte
1606 863 1818 905 coronat,

191 947 306 987 quos
328 935 373 974 in
394 935 492 974 vita
514 935 669 984 gratia
691 946 774 974 sua
796 932 1081 981 muniverat,
1114 938 1163 971 ut
1185 930 1475 971 corroborati
1503 939 1820 981 quoscumque

191 1007 393 1046 hostium
415 1006 614 1056 impetus
635 1005 957 1056 reprimerent.

271 1076 404 1128 Quod
426 1076 485 1116 ad
506 1088 590 1115 nos
613 1076 789 1125 attinet,
811 1076 889 1126 qui
910 1076 957 1115 in
974 1075 1171 1126 collegio
1189 1086 1362 1124 sumus,
1387 1072 1659 1113 curavimus
1680 1082 1822 1122 quam

191 1147 392 1187 maxime
413 1147 649 1198 potuimus
670 1152 719 1186 ut
739 1157 997 1197 pauperum
1024 1145 1380 1185 necessitatibus
1406 1143 1453 1183 in
1480 1144 1568 1182 hac
1596 1147 1727 1182 tanta
1754 1141 1824 1180 rei

189 1217 521 1258 frumentariae
542 1217 699 1268 inopia
713 1216 868 1268 (quam
884 1228 1060 1266 omnes,
1079 1216 1219 1256 etiam
1236 1214 1416 1264 divites,
1438 1212 1705 1262 senserunt)
1719 1211 1821 1252 sub-

192 1289 444 1339 veniretur,
468 1293 538 1328 est
559 1294 716 1328 autem
732 1288 967 1338 egentium
984 1288 1060 1327 hic
1077 1287 1282 1327 maxima
1300 1285 1562 1335 multitudo,
1581 1284 1683 1336 quis
1700 1283 1823 1323 enim

192 1360 368 1400 diceret
390 1365 500 1411 quot
526 1358 717 1410 viduae,
742 1366 852 1410 quot
874 1359 1014 1398 etiam
1034 1358 1124 1398 viri
1154 1369 1288 1398 senes
1316 1363 1360 1397 et
1388 1356 1560 1396 infirmi
1588 1354 1827 1406 reperian-

193 1438 281 1482 tur,
306 1436 520 1482 quatuor‚
544 1442 647 1481 sex,
671 1436 715 1470 et
736 1430 875 1470 etiam
896 1441 1065 1470 novem
1090 1429 1195 1469 filiis
1223 1428 1397 1478 onusti,
1428 1427 1504 1478 qui
1534 1426 1648 1466 nulli
1674 1425 1825 1465 labori

193 1502 250 1542 ob
272 1508 474 1542 aetatem
488 1501 657 1552 adhuc,
675 1507 862 1553 praeter
877 1512 1018 1552 quam
1033 1500 1235 1552 panibus
1253 1498 1567 1547 absumendis,
1588 1497 1685 1548 apti
1698 1497 1825 1536 sunt?

195 1573 255 1613 Ut
277 1573 332 1613 de
354 1573 510 1612 multis
530 1579 734 1623 taceam,
759 1572 927 1624 quibus
952 1571 1194 1623 provisum
1215 1576 1306 1618 est,
1338 1569 1436 1609 scio
1455 1568 1552 1620 jam
1579 1567 1828 1607 defecisset

197 1643 391 1694 familia,
424 1643 502 1683 ubi
527 1655 698 1683 novem
724 1643 957 1694 degebant
982 1653 1235 1694 personae,
1271 1640 1361 1680 nisi
1387 1638 1695 1690 eleemosynis
1723 1649 1827 1678 eam

197 1714 545 1754 curavissemus
568 1714 835 1754 sustentari.

276 1785 361 1825 His
378 1784 537 1825 diebus
556 1797 661 1825 cum
676 1785 751 1825 hic
769 1784 953 1825 adesset
970 1783 1149 1835 classis,
1167 1782 1352 1833 Rhegii,
1372 1793 1490 1833 quae
1507 1781 1677 1821 civitas
1695 1779 1828 1820 Cala-

199 1857 327 1897 briae
348 1856 455 1896 hinc
477 1862 582 1896 octo
603 1856 877 1896 milliaribus
898 1856 1043 1905 abest,
1068 1854 1271 1906 quadam
1291 1859 1427 1893 nocte
1449 1851 1660 1902 contigit,
1685 1856 1734 1890 ut
1753 1861 1829 1890 ac-

199 1927 350 1967 censis
371 1927 656 1978 pulveribus,
680 1927 874 1977 triginta
890 1926 965 1966 vel
982 1925 1295 1977 quadraginta
1312 1923 1538 1973 homines,
1560 1922 1637 1974 qui
1655 1920 1827 1961 ibidem

198 1998 395 2047 fuerant,
421 1998 486 2037 ita
506 1998 890 2037 comburerentur
910 2003 960 2037 ut
982 2009 1009 2037 a
1028 1997 1189 2048 planta
1209 1995 1340 2046 pedis
1357 2006 1503 2046 usque
1523 1993 1583 2033 ad
1603 1992 1831 2032 verticem

197 2069 363 2120 capitis
385 2069 431 2108 in
452 2069 518 2108 eis
538 2080 632 2108 non
653 2074 775 2108 esset
794 2068 987 2108 sanitas.
1010 2068 1171 2118 Itaque
1186 2066 1368 2117 Rhegio
1385 2064 1652 2105 Messanam
1669 2063 1729 2103 ad
1746 2063 1826 2102 ho-

198 2140 362 2191 spitale
384 2139 577 2190 triginta
597 2151 655 2179 ex
676 2139 764 2179 illis
786 2139 912 2179 ducti
933 2138 1139 2184 suerunt,
1164 2149 1223 2177 ex
1252 2147 1451 2188 quorum
1479 2134 1699 2175 carnibus
1721 2145 1830 2173 cum

201 2211 401 2262 undique
421 2222 606 2250 vermes
628 2210 922 2260 scaturirent,
947 2215 1102 2249 tantus
1123 2208 1228 2248 inde
1244 2207 1396 2247 foetor
1412 2206 1660 2246 emanabat
1680 2210 1730 2244 ut
1746 2215 1828 2244 eos

202 2282 322 2322 ferre
342 2281 425 2322 vix
445 2281 638 2333 quisque
655 2287 827 2332 posset;
847 2292 1044 2331 cumque
1060 2284 1311 2331 propterea
1327 2279 1521 2317 multum
1537 2282 1828 2328 paterentur,

202 2353 326 2404 quod
359 2353 573 2392 deessent
605 2352 682 2403 qui
718 2352 914 2392 libenter
947 2357 991 2391 et
1025 2351 1258 2402 patienter
1287 2349 1375 2389 illis
1410 2348 1712 2397 inservirent,
1749 2357 1833 2386 eos

202 2424 250 2464 Ρ.
274 2423 507 2464 Antonius
532 2422 540 2441 ¹
564 2422 722 2462 invisit
744 2428 882 2474 atque
903 2423 1172 2462 consolatus
1193 2426 1277 2461 est.

283 2494 483 2535 Eosdem
516 2505 604 2544 ego
634 2499 795 2545 postea
816 2505 898 2545 per
926 2493 1201 2533 concionem
1229 2491 1401 2543 populo
1430 2488 1755 2530 commendavi
1781 2494 1831 2528 ut

205 2578 295 2618 qua
316 2570 507 2618 possent
528 2565 708 2604 ratione
729 2564 795 2604 eis
816 2564 1157 2604 subveniretur.
1182 2562 1372 2603 Gratias
1394 2572 1485 2612 ago
1516 2560 1719 2600 Domino
1750 2570 1830 2598 no-

204 2644 300 2677 stro
322 2637 433 2690 Jesu
454 2635 656 2686 Christo,
680 2634 907 2687 siquidem
934 2634 1176 2675 audientes
1198 2633 1476 2673 audiverunt
1504 2638 1547 2671 et
1575 2630 1833 2680 intelligen-

205 2714 273 2748 tes
294 2708 639 2757 intellexerunt3
665 2706 742 2746 alii
767 2717 966 2757 namque
995 2705 1219 2756 gallinas,
1253 2703 1569 2744 confectiones
1597 2701 1690 2749 alii,
1720 2712 1833 2740 non-

204 2778 315 2818 nulli
345 2778 583 2828 camisias,
616 2788 796 2828 pannos
826 2776 972 2817 lineos
999 2782 1137 2827 atque
1166 2774 1388 2827 pecunias
1417 2773 1697 2813 obtulerunt:
1734 2777 1833 2811 turn

205 2861 286 2889 eos
308 2857 350 2890 et
373 2849 463 2889 viri
484 2855 527 2888 et
548 2848 779 2897 mulieres,
803 2853 847 2888 et
869 2847 974 2887 illae
1002 2846 1188 2898 quidem
1215 2845 1412 2894 nobiles,
1443 2849 1573 2883 tanta
1603 2842 1834 2882 charitate

265 3008 273 3028 ί
317 3007 348 3035 Ρ.
365 3008 532 3034 Antonius
549 3007 670 3034 Vinck.
