2074 3179
937 128 1019 165 AN.
1051 127 1143 165 1552
1783 127 1855 164 567

307 227 543 267 Habemus
564 226 700 266 modo
722 226 767 265 in
787 225 1022 266 exercitiis
1043 224 1289 276 quemdam
1317 223 1583 274 hispanum,
1609 224 1761 263 virum
1783 235 1852 263 sa-

228 299 286 338 tis
307 298 494 339 doctum
513 303 572 347 et,
596 297 635 337 si
656 308 825 348 corpus
846 303 1042 347 specteS,
1066 296 1299 346 integrum
1321 294 1565 345 virumque
1587 305 1699 345 prae
1721 306 1770 333 se
1792 294 1851 333 fe-

227 375 419 409 rentem.
438 368 564 408 Intra
581 368 698 408 duos
714 375 794 407 aut
809 373 904 407 tres
921 367 1033 417 dies,
1053 366 1154 406 Deo
1172 366 1370 415 volente,
1387 365 1640 405 absolverit
1654 364 1853 414 primam

226 439 580 480 hebdomadam.
614 437 779 479 Socius
807 449 989 490 quoque
1018 436 1173 488 hujus,
1204 443 1450 488 postquam
1478 435 1553 475 hic
1582 435 1852 484 absolverit,

227 510 343 550 dixit
363 522 413 550 se
434 510 493 550 ad
514 510 677 550 eadem
698 509 922 549 exercitia
944 515 1207 548 venturum.
1231 507 1436 558 Uterque
1459 505 1556 557 jam
1590 506 1647 546 ab
1680 506 1852 557 aliquot

225 581 462 621 mensibus
483 580 670 631 saepius
689 586 758 619 est
779 580 913 619 nobis
935 578 1191 628 confessus,
1215 585 1259 618 et
1286 577 1666 627 communicavit,
1691 584 1735 617 et
1758 578 1852 617 ani-

225 663 351 691 mum
372 651 511 691 habet
533 651 592 690 ad
614 650 914 691 Societatem.

303 722 386 762 Est
406 728 450 761 et
470 722 691 762 sacerdos
713 721 916 773 quidam,
941 720 1166 771 magister
1185 719 1469 772 paedagogii
1492 730 1573 759 seu
1597 720 1784 770 collegii
1806 720 1852 759 il—

224 794 326 844 lius,
350 793 470 833 unde
490 792 660 832 fratres
681 791 814 843 ejecti
835 798 941 832 sunt
962 797 1006 831 et
1027 791 1147 831 unde
1169 791 1270 831 istis
1290 790 1526 831 mensibus
1548 802 1733 830 omnem
1755 792 1854 842 spi-

224 864 438 904 ritualem
459 862 682 915 praedam
703 862 933 902 Dominus
953 862 1087 902 nobis
1107 861 1248 902 dedit.
1271 862 1360 902 Hic
1382 873 1566 913 quoque
1594 862 1721 913 cupit
1748 868 1853 913 post

225 936 345 975 hanc
368 934 709 974 hebdomadam
729 934 889 974 venire
912 933 970 973 ad
991 933 1232 973 exercitia.

301 1004 534 1046 Numerus
555 1005 875 1045 confitentium
896 1010 1094 1055 augetur
1124 1010 1168 1044 et
1193 1015 1393 1055 magnus
1415 1003 1595 1044 fructus
1616 1004 1665 1044 fit
1699 1004 1745 1044 in
1774 1016 1852 1055 po-

223 1077 352 1128 pulo;
395 1076 457 1116 ita
498 1082 547 1115 ut
581 1087 717 1115 rarus
755 1075 835 1126 sit,
873 1075 1013 1115 immo
1046 1081 1090 1114 et
1122 1074 1258 1114 valde
1292 1086 1449 1125 rarus,
1487 1075 1565 1126 qui
1600 1086 1710 1115 raro
1747 1087 1852 1115 con-

225 1147 425 1187 fiteatur.

301 1217 501 1268 Quidam
536 1217 714 1257 Doctor
743 1217 1022 1267 theologiae,
1052 1228 1251 1267 magnus
1272 1217 1451 1257 amicus
1471 1223 1649 1267 noster,
1674 1217 1730 1257 de
1760 1229 1852 1268 quo

224 1289 411 1340 saepius
432 1288 613 1339 scripsi,
637 1295 681 1328 et
703 1288 780 1339 qui
805 1294 849 1328 et
871 1288 930 1328 ad
951 1287 999 1328 Ρ.
1023 1287 1082 1327 V.
1109 1299 1215 1327 cum
1233 1288 1396 1328 ultimo
1412 1293 1551 1339 posta
1567 1288 1768 1340 scripsit,
1788 1288 1849 1327 di-

223 1365 325 1400 ctus
359 1358 589 1399 Dominus
622 1358 862 1399 Adrianus
897 1358 1089 1408 Schoer,
1122 1358 1198 1398 hic
1233 1359 1541 1399 concionatur
1575 1364 1761 1399 strenue
1796 1371 1849 1398 ea

222 1442 341 1482 quae
376 1431 436 1470 ad
468 1430 757 1482 frequentem
792 1429 1155 1479 confessionem,
1192 1436 1509 1481 contemptum
1543 1430 1722 1481 mundi,
1760 1436 1847 1470 etc.

223 1508 456 1553 spectant;
481 1508 525 1542 et
552 1501 617 1541 ita
643 1512 730 1541 nos
757 1507 917 1541 mutuo
941 1500 1162 1552 juvamus
1192 1500 1239 1540 in
1268 1500 1470 1541 Domino
1498 1507 1543 1541 et
1573 1512 1772 1551 magnus
1801 1501 1848 1541 fit

223 1572 416 1623 fructus,
435 1573 500 1612 ita
515 1579 565 1612 ut
580 1574 724 1624 Vulgo
741 1572 938 1612 dicatur:
958 1583 1158 1623 magnus
1172 1571 1412 1612 Adrianus
1429 1578 1474 1612 et
1489 1584 1665 1623 parvus
1682 1571 1845 1612 Adria-

222 1655 310 1684 nus
340 1649 507 1694 regunt
532 1649 680 1683 toturn
708 1643 986 1683 Lovanium.
1016 1642 1206 1683 Dictum
1233 1643 1487 1683 Doctorem
1517 1654 1740 1694 magnum
1769 1655 1847 1683 vo—

225 1720 349 1765 cant,
375 1715 484 1766 quia
505 1725 623 1765 pene
645 1715 797 1766 capite
819 1713 967 1766 major
988 1725 1061 1754 me
1084 1720 1167 1754 est.

303 1785 415 1825 Heri
443 1785 690 1836 quemdam
716 1784 859 1825 filium
887 1784 1194 1825 confessionis
1220 1786 1348 1835 misi,
1378 1785 1537 1825 insciis
1561 1785 1847 1837 parentibus,

223 1856 300 1906 qui
322 1856 549 1895 hactenus
570 1867 676 1895 eum
696 1855 919 1907 impedire
940 1861 1193 1907 tentarunt,
1214 1856 1273 1896 ad
1289 1856 1590 1897 Carthusiam
1607 1855 1847 1896 Colonien-

224 1938 337 1977 sem3
367 1927 449 1967 sed
471 1928 623 1967 nullae
649 1927 754 1967 inde
782 1926 935 1967 adhuc
965 1934 1073 1967 sunt
1102 1933 1294 1968 exortae
1322 1927 1594 1978 tragoediae
1614 1939 1699 1967 nec
1730 1928 1848 1968 veri-

223 1997 373 2037 simile
396 2003 464 2037 est
485 1998 763 2038 exorituras.

301 2068 386 2108 His
405 2069 562 2108 valeat
583 2068 630 2108 in
650 2068 851 2109 Domino
871 2069 983 2121 Jesu
1002 2069 1050 2109 P.
1076 2069 1135 2110 V.
1160 2075 1204 2109 et
1224 2081 1310 2109 nos
1326 2069 1423 2109 suis
1440 2070 1727 2110 orationibus
1744 2081 1847 2109 san-

221 2139 401 2190 ctisque
422 2139 665 2179 sacrificiis
686 2140 1039 2180 commendatos
1059 2140 1232 2180 habere
1253 2140 1483 2191 dignetur.

301 2209 504 2261 Raptim.
527 2210 742 2260 Lovanii‚
765 2210 790 2250 2
810 2210 989 2262 Aprilis
1010 2222 1132 2250 anno
1158 2210 1273 2250 1552.

302 2280 355 2320 R.
380 2280 438 2321 V.
464 2292 629 2321 servus
651 2281 697 2321 in
718 2280 938 2332 Domino,

1200 2423 1444 2467 ADRIANUS
1464 2423 1685 2464 ADRIANI.

1322 2514 1376 2540 Ab
1397 2512 1598 2546 Antuerpia.

298 2705 669 2757 Superscrz'ptio:
697 2707 799 2748 R.d0
830 2708 877 2748 in
905 2709 987 2749 X.0
1024 2709 1153 2750 Patri
1188 2709 1307 2750 Dno.
1342 2710 1524 2761 Ignatio
1559 2711 1615 2751 de
1645 2710 1843 2762 Loyola,

218 2775 492 2828 Praeposito
514 2777 733 2818 Generali
755 2778 1003 2820 Societatis
1023 2780 1148 2833 Jesu,
1168 2780 1360 2821 Romae.

297 2846 360 2886 Et
380 2858 524 2886 manu
545 2847 595 2899 s.
618 2848 709 2889 Ph.
728 2849 845 2889 Vz'to:
870 2850 983 2890 1552.
1008 2850 1068 2891 Di
1087 2850 1314 2892 Lovanio.
1351 2851 1412 2891 Di
1440 2851 1589 2903 Mgro.
1614 2852 1841 2893 Adriano.

299 2917 421 2957 Delli
440 2918 465 2958 2
486 2918 528 2958 d’
553 2918 714 2971 Aprile
739 2919 853 2961 1552.
