2074 3179
868 175 951 212 Ax.
980 175 1074 212 1552
1713 179 1779 215 641

152 271 317 310 fuerat.
339 270 464 311 Laus
485 277 528 311 et
558 270 708 312 honor
733 271 834 312 Deo
866 271 1189 323 omnipotenti,
1223 271 1355 324 cujus
1384 272 1526 312 solius
1553 273 1694 313 ductu
1727 285 1782 314 ac

152 341 339 381 numine
356 340 444 381 hoc
460 341 524 381 ita
541 342 752 382 evenisse
770 342 977 382 declarat
999 342 1138 382 etiam
1154 342 1330 383 factum
1347 342 1610 384 adversarii
1630 343 1781 394 hujus,

149 412 230 463 qui
249 412 296 452 in
317 423 506 452 carcere
526 413 714 463 roganti
735 413 814 452 uni
833 424 891 453 ex
912 413 1136 453 connexis
1157 413 1280 465 quod
1306 413 1394 453 sibi
1421 414 1604 454 consilii
1634 414 1781 463 daret,

151 493 202 522 se
232 482 356 522 enim
389 482 544 522 odium
579 483 624 523 in
653 483 900 535 quemdam
930 495 1169 534 exercere,
1200 484 1319 524 velle
1346 489 1501 524 tamen
1533 485 1784 526 communi-

153 564 262 593 care
283 559 327 593 et
347 551 563 604 injuriam
585 554 872 603 condonare,
896 554 1059 606 paucis
1081 560 1189 594 ante
1211 555 1371 595 diebus
1394 567 1499 595 cum
1520 556 1786 608 respondis-

154 629 222 664 set
243 624 435 664 laudare
453 635 501 664 se
518 624 793 675 institutum,
812 625 1059 676 multisque
1077 631 1199 665 esset
1220 625 1434 665 hortatus
1456 632 1505 666 ut
1523 626 1644 677 quod
1661 627 1783 677 cogi-

154 700 274 735 taret
294 694 557 746 perficeret,
582 707 636 735 eo
658 695 890 746 digresso,
916 695 975 735 ad
995 706 1044 735 se
1066 707 1323 736 conversus
1344 703 1388 736 et
1411 708 1460 736 se
1481 697 1782 748 compellans,

156 767 289 815 heuS,
322 773 392 817 tn,
423 766 591 818 inquit,
616 767 693 818 qui
715 767 793 806 alii
820 773 916 807 tam
941 767 1086 818 probe
1111 767 1233 807 nosti
1263 768 1508 808 consilium
1536 768 1670 818 dare,
1704 780 1788 809 cur

156 849 251 877 non
273 843 316 877 et
337 837 475 877 saluti
495 844 602 878 tuae
623 839 878 890 prospicis?
900 838 977 888 Et,
1011 838 1083 878 his
1109 839 1265 889 dictiS,
1297 840 1459 879 statuit
1486 839 1700 880 confiteri
1732 852 1787 880 ac

157 909 229 948 die
251 920 426 948 coenae
446 908 635 949 Domini
656 909 1040 960 communicavit,
1065 915 1276 950 statuens
1297 910 1421 961 apud
1443 922 1491 950 se
1522 910 1569 950 in
1596 922 1788 951 carcere

155 979 296 1029 mori,
320 980 445 1030 quod
465 991 549 1019 nos
571 992 628 1019 ex
650 980 794 1031 ipsius
816 991 897 1020 ore
919 980 1204 1032 accepimus,
1229 980 1276 1020 in
1302 987 1606 1032 peccatorum
1633 982 1787 1033 poeni<

155 1049 362 1096 tentiam,
382 1051 421 1090 si
443 1049 529 1090 Dei
550 1051 768 1090 voluntas
789 1051 854 1091 ita
876 1051 1017 1091 ferret
1038 1057 1081 1091 et
1101 1051 1372 1092 Ansaloniis
1393 1052 1649 1092 videretur.
1668 1051 1789 1092 Nam

147 1120 279 1171 quod
302 1120 361 1160 ad
382 1132 431 1160 se
453 1121 684 1171 attineret,
709 1122 862 1161 omnia
883 1133 932 1161 se
954 1122 1042 1161 illis
1064 1122 1308 1173 ignoscere
1330 1134 1651 1175 quaecumque
1673 1123 1719 1163 in
1741 1135 1791 1163 se

152 1191 513 1231 commisissent.
537 1191 639 1231 Hoc
662 1192 817 1232 animo
839 1204 944 1232 cum
966 1199 1088 1233 esset
1115 1199 1158 1233 et
1186 1199 1369 1233 noctem
1399 1193 1496 1245 ejus
1526 1194 1616 1234 diei
1642 1200 1789 1234 totam

156 1261 382 1312 legendae
405 1273 459 1301 ac
488 1262 785 1302 meditandae
812 1262 1049 1303 Passionis
1076 1263 1264 1303 Domini
1291 1264 1450 1304 Nostri
1474 1265 1586 1318 Jesu
1614 1264 1789 1305 Christi

156 1344 248 1372 non
270 1332 369 1372 sine
391 1332 528 1372 etiam
552 1333 710 1373 multis
729 1333 951 1385 lacrymis
972 1334 1302 1386 transegisset,
1327 1334 1503 1375 factum
1534 1335 1711 1376 interea
1742 1342 1791 1376 ut

155 1403 228 1443 die
251 1403 438 1443 veneris
464 1404 686 1443 nuncium
715 1405 1020 1445 laetissimum
1047 1406 1281 1457 acceperit
1310 1406 1618 1447 Ansalonium
1648 1407 1689 1447 ei
1715 1419 1789 1459 pe-

156 1476 376 1525 percisse.
400 1474 496 1514 Vix
513 1474 646 1525 juvat
668 1475 725 1514 ab
747 1475 836 1515 hoc
857 1475 1102 1516 Ansalonii
1122 1476 1246 1517 facto
1269 1477 1531 1527 discedere;
1561 1478 1646 1528 ita,
1676 1478 1791 1518 mihi

157 1544 315 1595 crede,
354 1545 557 1585 omnium
592 1552 860 1586 nostrorum
888 1547 1093 1586 animum
1124 1548 1199 1586 illa
1229 1548 1326 1587 dies
1355 1548 1529 1588 laetitia
1556 1548 1713 1588 affecit
1743 1549 1789 1588 in

158 1615 380 1667 Domino;
403 1616 484 1656 sed
504 1623 662 1656 tamen
683 1616 741 1656 ad
762 1617 873 1668 alia,
900 1617 998 1657 istis
1020 1617 1220 1658 fortasse
1241 1618 1384 1658 nihilo
1407 1619 1609 1670 minora,
1640 1625 1790 1660 trans-

158 1687 360 1728 eundum
382 1694 463 1727 est.

238 1758 371 1798 Alius
407 1759 479 1798 vir
510 1758 700 1810 quidam
732 1759 920 1805 nobilis,
954 1772 1151 1811 quorum
1181 1773 1300 1801 unus
1336 1761 1377 1801 ei
1404 1761 1640 1813 pollicem,
1675 1763 1792 1802 alter

155 1828 365 1879 ejusdem
386 1841 550 1869 manus
569 1830 782 1879 indicem,
802 1831 967 1871 tertius
984 1831 1181 1882 digitum
1197 1832 1400 1872 medium
1417 1833 1608 1872 alterius
1625 1845 1791 1873 manus

156 1901 541 1950 abtruncaverat,
567 1901 664 1950 alii,
688 1907 820 1941 erant
842 1903 964 1942 enim
986 1903 1160 1954 plures,
1185 1915 1277 1942 una
1300 1915 1406 1943 cum
1427 1904 1497 1943 his
1517 1904 1664 1943 tribus
1685 1915 1790 1943 eum

157 1971 372 2011 occidere
393 1982 531 2022 saepe
554 1972 709 2011 conati
729 1972 928 2023 fuerant,
947 1972 1070 2013 hunc
1088 1973 1160 2013 die
1182 1974 1341 2024 magni
1363 1974 1544 2014 sabbati
1561 1973 1791 2014 Dominus

158 2054 242 2082 sua
264 2042 508 2082 clementia
531 2042 577 2081 in
599 2053 764 2082 manus
787 2043 979 2083 adduxit
1001 2044 1136 2084 unius
1157 2057 1215 2084 ex
1236 2044 1346 2084 RfflS
1364 2044 1578 2085 Patribus
1600 2046 1787 2094 nostris,

157 2114 233 2153 cui
262 2125 367 2153 cum
395 2113 624 2164 coepisset
651 2113 884 2164 confiteri,
916 2115 1003 2154 etsi
1030 2115 1158 2154 initio
1192 2116 1467 2166 imparatior
1498 2117 1788 2167 accessisset,

160 2185 296 2235 paulo
318 2190 423 2236 post
443 2190 599 2223 tamen
619 2184 683 2223 ita
705 2183 800 2235 ejus
823 2185 1004 2225 animus
1027 2186 1238 2237 incaluit,
1263 2194 1332 2236 ut,
1357 2187 1403 2226 in
1430 2187 1690 2228 uberrimas
1722 2199 1792 2228 so-

160 2258 282 2296 lutus
304 2257 553 2306 lacrymas,
574 2255 679 2294 odia
697 2266 745 2294 se
763 2255 1079 2307 depositurum
1101 2264 1145 2297 et
1163 2269 1482 2310 quaecumque
1499 2259 1638 2299 vellet
1654 2259 1792 2299 Pater

158 2326 394 2366 facturum
415 2337 527 2365 vero
555 2332 860 2377 promptoque
892 2327 1047 2366 animo
1078 2329 1359 2379 promiserit.
1392 2329 1605 2369 Perfecta
1638 2330 1794 2381 itaque

162 2398 284 2437 hunc
304 2397 350 2436 in
371 2396 558 2436 modum
580 2395 886 2448 confessione,
908 2399 1137 2438 accersito
1154 2399 1337 2440 notario
1356 2406 1400 2440 et
1418 2401 1630 2451 testibus,
1650 2401 1794 2441 libere

160 2468 375 2508 omnibus
405 2467 623 2518 quicquid
649 2467 696 2507 in
730 2479 779 2507 se
806 2469 1146 2510 commisissent
1174 2471 1476 2511 condonavit.
1514 2471 1796 2512 Adversarii

162 2539 332 2590 partim
370 2538 615 2578 Messanae
655 2544 808 2590 erant,
846 2540 1015 2590 partim
1051 2541 1097 2580 in
1132 2542 1270 2581 exilio
1309 2542 1541 2593 degebant
1564 2575 1571 2592 ,
1610 2543 1698 2582 hac
1735 2555 1795 2583 ex

160 2621 320 2660 causa3
359 2609 600 2660 praecipui
635 2609 754 2650 inter
788 2610 872 2650 hos
908 2617 1040 2651 erant
1075 2612 1165 2652 duo
1200 2612 1395 2664 fratres,
1437 2625 1634 2665 quorum
1673 2615 1793 2654 alter

163 2681 427 2730 Messanae,
466 2681 579 2719 alter
617 2680 724 2719 alibi
757 2681 803 2720 in
837 2681 1026 2722 exilium
1060 2684 1221 2734 pulsus
1252 2684 1457 2724 vivebat.
1488 2685 1544 2725 Et
1573 2685 1632 2725 ad
1667 2685 1791 2725 hunc

161 2751 345 2803 quidem
373 2751 488 2791 satis
521 2762 615 2790 non
650 2750 657 2768 ¹
687 2751 771 2791 fuit
805 2753 1029 2803 scriptam
1063 2754 1244 2794 misisse
1281 2756 1624 2804 remissionem,
1664 2757 1792 2796 illum

158 2828 337 2872 nutem,
361 2821 621 2872 quaesitum
644 2822 690 2860 in
712 2822 824 2862 urbe
845 2829 889 2862 ct
910 2823 1169 2874 inventum,
1202 2836 1374 2876 magno
1405 2827 1592 2877 pietatis
1624 2827 1793 2868 affectu

227 2934 236 2953 ¹
277 2934 449 2961 Particula
465 2934 549 2961 haec
566 2941 633 2960 uon
649 2934 714 2960 alia
730 2935 772 2961 ab
789 2935 966 2961 Annibalis
982 2943 1082 2962 manu
1099 2936 1186 2963 intra
1203 2937 1309 2964 lineas
1324 2938 1441 2966 addita
1457 2942 1518 2973 est,
1535 2940 1592 2966 sed
1608 2940 1800 2967 redundare

164 2982 310 3008 videtur.

355 3040 405 3077 Τ.
438 3052 461 3076 1.
1565 3061 1602 3091 41
