2074 3179
173 84 244 117 Boi)
682 82 907 119 Li‘r'sERAE
942 94 1300 126 QUADRJMESTREs

173 180 248 229 let,
272 179 487 230 quodque
509 180 661 230 magis
682 180 851 219 mirum
868 186 952 229 est,
972 180 1138 220 unicus
1157 181 1246 221 illis
1267 188 1382 232 erat,
1403 188 1447 222 et
1464 188 1647 233 tempus
1664 183 1813 234 profe-

176 250 344 290 ctionis
381 251 428 290 in
470 261 668 301 regnum
709 257 805 290 tam
844 257 1098 302 remotum,
1136 258 1326 304 propter
1373 261 1554 294 aestum
1606 254 1814 294 validum

174 322 348 362 mensis
367 322 495 375 Julii,
519 333 685 374 parum
708 328 1035 373 opportunum.
1067 322 1256 363 Accidit
1277 331 1434 364 autem
1461 331 1511 364 ut
1539 337 1645 365 cum
1674 325 1813 366 matri
1862 369 1874 373 ,,

173 404 286 432 suae
312 394 614 446 valediceret,
637 394 852 434 omnibus
874 395 1104 445 flentibus,
1130 406 1245 445 puer
1266 406 1431 435 serena
1450 396 1603 436 fronte
1625 403 1669 437 et
1692 397 1814 436 laeta

174 460 458 517 discederetj
496 474 540 507 et
576 455 681 507 cum
714 473 866 506 mater
899 466 1019 506 inter
1041 465 1200 506 fletum
1221 466 1431 506 subirata
1459 467 1501 506 ei
1530 468 1725 508 diceret:
1753 468 1815 507 “O

175 545 285 576 caro
313 537 440 577 Cm'm
466 537 501 577 ¹!
517 544 654 589 putas
676 550 748 578 me
764 550 857 578 non
874 549 975 577 esse
993 543 1191 577 matrem
1207 543 1350 588 tuam,
1376 538 1455 589 qui
1471 543 1566 578 tam
1583 539 1698 579 duro
1717 551 1814 579 cor-

175 607 230 646 de
253 619 279 648 a
302 620 375 648 me
397 609 642 649 discedere
662 610 845 660 potes?‚⁷
869 608 1127 660 Respondit
1148 620 1264 660 puer
1294 608 1534 649 discedere
1564 621 1613 649 se
1640 616 1690 650 ut
1716 610 1815 651 Deo

172 679 425 729 perfectius
452 680 727 731 inserviret,
761 680 870 732 quid
899 691 1012 731 ergo
1041 691 1213 720 causae
1241 685 1365 720 esset
1401 681 1650 731 quominus
1677 676 1813 721 hilari

174 756 296 790 esset
319 751 503 791 animo?
526 752 653 792 Idem
674 758 831 792 autem
853 752 1048 791 veniens
1071 751 1260 791 domum
1283 758 1516 802 nostram,
1541 759 1586 792 et
1608 764 1635 792 a
1663 752 1813 792 fratri-

175 822 258 861 bus
280 822 602 873 spiritualibus
623 824 885 874 discedens,
910 823 1109 863 ubertim
1131 823 1285 874 flevit,
1309 829 1359 863 ut
1379 829 1476 863 tam
1497 823 1553 863 de
1575 829 1714 863 exuto
1735 824 1813 864 hu-

172 904 311 932 mano
337 893 508 934 affectu
531 906 671 946 quam
695 895 750 934 de
779 895 1010 946 spirituali
1025 894 1186 935 induto
1208 906 1370 934 omnes
1391 895 1436 934 in
1460 895 1816 935 admirationem

174 965 472 1005 converterit.

252 1034 323 1075 De
342 1036 419 1076 via
440 1037 730 1089 scripserunt
751 1037 873 1089 quod
894 1038 1011 1078 bene
1033 1044 1077 1078 et
1098 1037 1295 1078 feliciter
1312 1038 1398 1077 iter
1423 1038 1660 1077 succedat.
1686 1038 1816 1077 Haec

172 1114 328 1150 tamen
349 1109 522 1149 civitas
543 1121 716 1160 magna
739 1109 1061 1150 consolatione
1083 1115 1127 1149 et
1148 1109 1379 1161 spirituali
1399 1109 1600 1149 utilitate
1621 1120 1703 1160 per
1720 1109 1818 1149 Ma-

171 1183 308 1231 gistri
328 1182 523 1222 Mironis
545 1181 803 1221 discessum
824 1181 1012 1232 privata
1034 1186 1117 1220 est.
1143 1179 1312 1220 Omnia
1334 1187 1512 1229 tamen,
1542 1192 1661 1231 quae
1689 1180 1818 1220 Deus

172 1254 395 1305 disponit,
419 1253 613 1294 meliora
635 1253 974 1293 existimamus.

251 1326 512 1377 Coeperam
534 1336 621 1376 ego
644 1325 908 1365 doctrinam
936 1325 1246 1365 christianam
1272 1325 1509 1376 explicare
1540 1331 1585 1365 et
1612 1325 1814 1377 quinque

171 1399 245 1437 vel
273 1409 356 1438 sex
382 1397 607 1438 lectiones
634 1398 982 1449 praelegeram3
1012 1397 1094 1437 sed
1125 1403 1256 1437 tanta
1286 1397 1549 1437 confluebat
1577 1397 1816 1437 hominum

172 1468 418 1509 multitudo
439 1474 488 1509 ut
519 1469 678 1509 vetula
700 1467 931 1520 quaedam
953 1480 1011 1508 ex
1032 1468 1356 1520 oppressione,
1388 1480 1528 1520 quam
1558 1480 1699 1519 passa
1728 1474 1813 1518 est,

172 1546 334 1591 postea
350 1547 536 1580 mortua
553 1539 707 1591 fuerit,
727 1540 820 1580 alia
838 1551 952 1579 vero
970 1539 1239 1580 exanimata
1258 1539 1610 1591 aliquantisper,
1631 1545 1675 1579 et
1696 1538 1815 1579 duae

172 1611 230 1652 ad
252 1611 467 1652 abortum
488 1612 773 1663 compulsae.
796 1610 907 1651 Inde
934 1611 1089 1650 visum
1118 1616 1188 1651 est
1218 1610 1374 1650 multis
1402 1622 1485 1662 per
1511 1616 1661 1650 totum
1693 1611 1815 1650 hunc

170 1695 378 1724 inensem
399 1683 601 1734 Augusti
629 1683 854 1723 lectiones
885 1682 1262 1723 intermittendas
1289 1688 1334 1722 et
1361 1683 1447 1722 sub
1476 1682 1615 1722 finem
1641 1682 1816 1722 mensis

171 1755 492 1800 resumendas.

232 1892 243 1911 ¹
283 1891 338 1919 Ita
352 1891 407 1918 hic
423 1899 525 1918 manu
539 1891 680 1926 propria
695 1891 875 1925 Polancus,
890 1891 945 1926 qui
967 1891 1000 1918 in
1017 1890 1153 1923 Clzron.l
1175 1891 1196 1918 l.
1219 1898 1263 1926 c.,
1287 1891 1485 1926 scripserat:
1511 1900 1528 1919 o
1549 1898 1630 1919 caro
1653 1891 1745 1919 cain.
1771 1891 1816 1917 Et

174 1947 292 1967 sensus
306 1939 361 1966 hic
378 1946 449 1966 esse
465 1938 614 1967 videtur:
630 1947 647 1965 0
664 1942 712 1971 ln,
727 1939 788 1973 qui
809 1940 979 1966 naturam
1005 1940 1038 1965 et
1063 1939 1216 1966 indolem
1240 1938 1371 1966 habere
1395 1939 1532 1966 videris
1557 1946 1623 1966 non
1648 1938 1732 1966 Abel
1755 1939 1817 1965 sed

174 1987 281 2016 Cain!
