2074 3179
916 147 998 184 AN.
1031 148 1121 184 1547
1763 148 1813 185 29

180 245 320 293 illam,
347 250 597 295 antequam
618 243 799 283 litterae
821 242 920 283 Pat.
944 242 1003 281 V.
1029 243 1105 282 diu
1126 248 1426 293 exspectatae
1449 243 1507 282 ad
1533 255 1618 281 nos
1648 255 1806 294 perve-

180 315 370 365 nissent,
395 315 568 354 factam
588 314 745 354 fuisse.
770 314 826 354 Et
847 325 954 360 non,
979 319 1028 353 ut
1049 313 1240 364 opinor,
1275 313 1372 352 sine
1400 324 1573 364 magna
1602 313 1797 354 fratrum

178 386 375 426 utilitate
397 391 441 425 et
468 386 670 436 proximi
692 384 1034 435 aedificatione,
1072 390 1115 424 et
1136 384 1279 424 totius
1302 384 1549 424 Societatis
1572 384 1804 424 conforta-

177 457 315 496 tione.
341 456 476 507 Quod
497 463 651 496 autem
672 467 948 507 responsum
969 455 1067 495 Pat.
1092 455 1150 495 V.
1175 466 1269 495 non
1290 455 1690 506 exspectaverint,
1716 455 1802 495 hoc

178 528 243 567 rei
263 527 437 567 factum
459 533 529 567 est
551 528 810 578 exigentia,
842 533 890 567 ut
918 538 976 566 ex
1004 526 1321 577 superioribus
1348 526 1514 565 litteris
1544 537 1570 565 a
1599 537 1670 565 me
1698 527 1808 565 scri-

178 599 268 648 ptis
288 599 421 649 plene
444 598 501 638 V.
526 599 578 638 R.
604 599 767 649 opinor
791 598 1089 638 intellexisse.
1114 597 1214 637 Hoc
1241 604 1397 636 tamen
1426 596 1611 636 interim
1631 607 1808 647 negare

177 668 536 720 haudquaquam
557 680 761 720 possum,
792 669 830 708 si
859 668 967 720 quid
998 669 1040 707 in
1072 668 1160 707 hac
1189 667 1536 707 cohabitatione
1563 673 1809 718 peccatum

177 746 260 785 est,
285 740 372 779 hoc
394 740 519 789 mihi,
544 752 636 779 non
658 739 806 789 alteri,
830 751 932 779 esse
956 738 1302 790 imputandum,
1335 744 1472 789 atque
1500 738 1641 778 etiam
1673 749 1807 778 omne

175 818 420 861 peccatum
440 811 487 851 in
507 823 580 851 me
601 822 744 850 unum
763 811 959 850 libenter
981 809 1170 860 recipiO,
1191 809 1448 850 humillime
1467 809 1594 848 Patri
1613 820 1686 848 me
1704 809 1807 848 sub-

177 882 362 921 mittens
379 882 739 922 clementissimo
757 881 1101 932 corrigendum.
1121 880 1345 920 Attamen
1362 880 1400 919 si
1419 891 1561 919 causa
1579 886 1623 919 et
1642 880 1809 919 modus

178 952 314 1004 hujus
336 952 709 1003 cohabitationis,
734 952 861 992 Patri
880 958 1041 991 nostro
1063 951 1223 1003 gregis
1245 952 1316 992 sui
1339 951 1717 1001 vigilantissimo,
1743 951 1806 990 in-

177 1023 331 1063 dicata
352 1023 518 1073 forent,
542 1035 634 1063 non
655 1023 812 1063 dubito
834 1023 945 1074 quin
963 1022 1138 1063 factum
1156 1023 1434 1074 probaretur
1451 1022 1669 1062 maxime.
1689 1021 1810 1061 Nam

176 1095 268 1145 illo,
293 1106 383 1145 quo
406 1099 564 1143 antea,
588 1105 777 1134 manere
798 1094 950 1142 modo,
972 1095 1059 1134 hoc
1074 1094 1174 1134 fieri
1191 1106 1283 1134 non
1299 1094 1464 1145 potuit,
1489 1100 1587 1133 tum
1603 1093 1701 1132 sine
1718 1092 1807 1132 fra-

178 1174 301 1206 trum
321 1165 613 1213 detrimentO,
637 1172 735 1205 tum
756 1166 897 1205 totius
919 1165 1166 1205 Societatis
1187 1165 1434 1216 vituperio.
1459 1164 1638 1204 Deinde
1667 1164 1803 1203 etiam

177 1247 269 1275 non
289 1235 377 1274 nisi
398 1247 578 1275 summa
606 1236 886 1276 discretione
914 1243 958 1276 et
986 1236 1282 1287 providentia
1312 1236 1433 1275 hanc
1461 1247 1561 1275 rem
1592 1241 1699 1274 sunt
1729 1245 1809 1285 ag-

175 1306 340 1357 gressi.
377 1306 532 1346 Primo
569 1307 690 1347 enim
725 1307 1015 1358 singulorum
1047 1308 1353 1358 conditiones,
1387 1318 1555 1357 moreS,
1590 1314 1633 1345 et
1664 1306 1811 1345 vitam

174 1377 577 1417 examinaverunt.
602 1377 781 1418 Deinde
802 1377 911 1429 quid
933 1378 1181 1418 Societatis
1203 1384 1246 1418 et
1268 1377 1376 1429 quid
1399 1389 1492 1417 non
1515 1383 1638 1417 esset
1660 1377 1810 1417 consi-

180 1448 396 1488 derantes
418 1454 461 1488 et
483 1449 703 1488 attentius
724 1450 1064 1499 examinantes,
1087 1450 1275 1500 regulas
1306 1448 1532 1500 quasdam
1560 1448 1810 1488 constitue-

178 1525 306 1569 runt,
344 1518 510 1570 quibus
544 1519 750 1559 defectus
779 1520 1042 1571 aliquorum
1073 1520 1441 1569 corrigerentur,
1472 1519 1671 1558 aliorum
1696 1529 1810 1558 vero

178 1589 582 1640 praevenirentur:
601 1601 716 1641 quas
734 1589 921 1642 quidem
937 1591 1125 1641 regulas
1142 1590 1465 1642 praesentibus
1482 1589 1652 1629 litteris
1668 1589 1811 1629 inclu-

179 1661 339 1711 simus,
364 1667 413 1701 ut
434 1660 640 1701 animum
660 1661 859 1701 fratrum
881 1661 961 1701 Ra
980 1661 1025 1701 V
1033 1661 1063 1698 ,ἢ
1085 1666 1328 1711 agnoscat,
1353 1667 1397 1700 et
1421 1660 1529 1711 quid
1550 1660 1598 1699 in
1618 1660 1690 1699 his
1712 1671 1809 1700 cor-

178 1731 283 1782 rigi,
308 1738 351 1771 et
366 1737 612 1783 praeterea
630 1732 874 1772 observari
890 1733 1001 1772 velit
1020 1732 1234 1772 insinuet.
1254 1731 1385 1783 Ipsos
1402 1731 1524 1771 enim
1542 1731 1600 1770 ad
1618 1731 1815 1782 quaevis

178 1801 417 1842 subeunda
446 1803 649 1843 inveniet
676 1803 1015 1854 paratissimos.
1046 1803 1146 1853 Ego
1175 1808 1330 1842 autem
1358 1802 1524 1842 videns
1555 1813 1654 1841 rem
1682 1807 1812 1841 tanto

178 1873 499 1913 moderamine
520 1874 788 1925 procedere,
813 1886 907 1914 non
923 1885 1114 1925 possum
1132 1886 1225 1913 non
1242 1874 1297 1913 de
1315 1873 1469 1913 fructu
1486 1873 1685 1912 fratrum
1700 1883 1812 1923 gau-

176 1943 299 1995 dere,
319 1943 520 1984 Domino
542 1931 719 1984 scilicet
740 1945 1012 1985 mirabiliter
1031 1945 1077 1984 in
1098 1945 1165 1984 eis
1186 1950 1424 1995 operante,
1448 1950 1493 1983 et
1514 1944 1560 1983 in
1580 1944 1651 1983 his
1672 1943 1811 1994 parti-

176 2015 261 2055 bus
282 2014 564 2056 Societatem
585 2022 796 2056 nostram
818 2016 1091 2056 mirabiliter
1113 2015 1421 2055 confortante.
1448 2015 1582 2065 Quod
1610 2026 1716 2054 cum
1747 2015 1809 2054 ita

178 2087 252 2135 sit,
277 2092 321 2126 et
342 2086 409 2126 rei
431 2087 709 2137 necessitas,
741 2099 860 2138 quae
890 2099 983 2126 non
1011 2087 1099 2127 nisi
1129 2086 1283 2137 gratia
1311 2086 1399 2126 Dei
1428 2086 1512 2125 fuit
1540 2085 1807 2136 singularis,

179 2158 456 2197 concludere
477 2157 600 2197 istud
622 2158 914 2209 compulerit,
940 2157 1121 2197 confido
1145 2158 1333 2197 omnino
1351 2156 1488 2196 Pat.m
1510 2156 1608 2196 V.11¹
1630 2156 1676 2195 in
1697 2156 1810 2206 opti·

179 2240 304 2268 mam
323 2234 505 2280 partem
526 2228 663 2279 istud,
688 2229 907 2280 quicquid
929 2235 1012 2279 est,
1038 2235 1361 2280 accepturum:
1394 2234 1531 2279 atque
1562 2227 1811 2279 pecuniam

179 2310 393 2350 omnem,
425 2310 564 2350 quam
590 2311 649 2339 ex
675 2311 778 2340 meo
806 2300 962 2351 recepi
990 2306 1034 2340 et
1060 2306 1338 2351 recepturus
1374 2310 1476 2339 sum
1510 2298 1808 2350 patrimoniO,

179 2370 268 2410 illis
291 2370 586 2410 donaturum.

257 2441 453 2490 Deinde,
478 2447 528 2481 ut
554 2440 727 2493 aliquid
754 2442 905 2482 adhuc
935 2442 990 2482 de
1011 2442 1234 2482 fratribus
1262 2442 1337 2481 hic
1366 2440 1672 2481 existentibus
1701 2440 1812 2479 scri-

176 2512 301 2562 bam,
326 2512 445 2552 sciat
474 2512 613 2552 Rev.a
641 2512 721 2552 Vs*
750 2513 906 2553 omnia
934 2514 1007 2553 hic
1037 2513 1190 2553 adhuc
1219 2512 1618 2553 ordinatissimum
1638 2510 1810 2550 habere

176 2593 495 2634 progressum,
519 2584 798 2635 praesertim
819 2596 924 2624 cum
944 2596 1082 2624 nemo
1099 2585 1158 2625 sit
1180 2585 1260 2636 qui
1276 2595 1360 2624 suo
1378 2582 1582 2623 confidat
1604 2581 1806 2632 ingenio,

175 2653 256 2693 sed
290 2655 483 2705 quisque
518 2654 717 2694 fratrum
744 2655 938 2694 consilio
968 2656 1087 2706 agit,
1119 2656 1158 2695 si
1185 2654 1295 2707 quid
1321 2660 1448 2705 agat.
1477 2654 1535 2693 Et
1568 2658 1617 2692 ut
1645 2652 1807 2703 paucis

177 2724 468 2765 conditiones
486 2725 691 2765 omnium
708 2725 783 2765 hic
801 2726 1190 2766 commorantium
1203 2726 1478 2777 exprimam,
1494 2724 1617 2763 scias
1630 2735 1805 2769 omnes,

178 2801 403 2846 quotquot
425 2796 472 2835 in
491 2795 563 2835 his
584 2796 794 2847 partibus
815 2802 927 2837 vota
949 2796 1198 2837 Societatis
1219 2797 1404 2846 habent,
1429 2807 1531 2835 esse
1547 2794 1691 2843 viros,
1711 2800 1807 2833 tum

177 2867 277 2906 vita
294 2871 392 2906 tum
413 2866 625 2907 doctrina
646 2868 937 2918 praeclaros,
957 2880 1042 2908 nec
1059 2869 1308 2919 quisquam
1325 2866 1585 2906 admittitur
1603 2865 1692 2904 nisi
1709 2876 1805 2915 spe-

177 2937 356 2977 cialiter
379 2937 438 2976 ad
467 2944 677 2977 nostram
704 2937 987 2979 Societatem
1015 2951 1041 2978 a
1069 2939 1270 2979 Domino
1300 2943 1497 2979 vocatus
1524 2936 1802 2975 inveniatur.
