2074 3179
913 175 994 211 Ax.
1028 174 1114 210 1551
1757 173 1828 210 377

275 273 433 314 Multis
454 272 601 323 signis
621 271 756 312 facile
777 271 1069 322 dignoscitur
1090 277 1271 322 patrem
1291 269 1546 310 Doctorem
1574 281 1825 320 omnesque

196 346 338 385 etiam
367 343 537 384 fratres
559 343 616 382 ab
638 342 815 383 eisdem
843 342 1072 383 nobilibus
1093 342 1298 382 maximo
1330 340 1461 390 diligi
1489 351 1662 380 amore.
1693 339 1823 390 Quod

198 417 314 456 inter
336 415 440 454 illos
457 414 632 466 passim
649 413 890 465 jactitatur
920 413 1009 453 hoc
1032 418 1121 453 est:
1139 413 1289 452 nullos
1317 411 1497 451 civitati
1525 411 1629 462 plus
1657 410 1826 451 afferre

196 485 429 526 commodi
445 486 751 537 utilitatisque
775 496 914 536 quam
937 496 1036 534 nos,
1056 496 1161 524 cum
1178 490 1335 523 tamen
1347 493 1522 533 graves
1537 482 1649 521 nulli
1666 482 1824 521 simus.

275 557 563 597 llflanentium
591 556 757 596 deinde
784 557 830 596 in
857 567 1048 596 carcere
1077 561 1274 606 peccata
1308 552 1536 603 audimus,
1573 564 1827 604 corumque

196 627 473 680 praesertim
496 627 573 678 qui
591 626 685 678 jam
706 627 845 667 morti
868 632 975 666 sunt
997 625 1317 675 condemnati,
1347 624 1470 675 quod
1491 624 1538 663 in
1565 635 1670 663 eam
1698 623 1826 662 venit

197 699 597 749 consuetudinem,
623 703 672 738 ut
704 698 1087 749 quotiescumque
1115 696 1233 747 quis,
1264 695 1320 736 ob
1353 694 1603 735 commissa
1630 694 1823 743 scelera,

196 771 386 822 capitali
415 770 643 821 supplicio
672 769 942 809 afficiendus
977 768 1050 816 sit,
1084 779 1169 808 nos
1196 767 1354 807 statim
1379 777 1603 806 vocemur
1637 765 1696 804 ad
1723 776 1824 816 pec-

196 849 302 882 cata
326 841 743 882 condemnatorum
764 839 1010 889 audienda,
1036 850 1208 890 eosque
1230 837 1289 877 ad
1314 838 1469 877 locum
1490 848 1635 886 usque
1657 836 1824 887 suppli-

195 914 267 953 cio
291 913 574 952 destinatum
596 911 887 951 comitandos
909 916 953 950 et
973 910 1033 950 ad
1049 910 1165 949 bene
1186 908 1479 949 moriendum
1494 906 1823 958 disponendos,

196 985 245 1024 In
262 984 450 1035 judiciis
472 989 571 1023 tum
592 981 926 1031 saecularibus,
958 986 1054 1021 tum
1076 979 1423 1030 ecclesiasticis,
1447 978 1653 1018 maxima
1674 977 1827 1018 Patris

195 1055 417 1094 Doctoris
444 1053 734 1104 fratrumque
755 1052 952 1092 habetur
974 1051 1108 1091 ratio.
1141 1050 1258 1091 Cum
1286 1051 1341 1090 de
1376 1049 1637 1090 interdictis
1670 1049 1824 1088 simili-

195 1126 372 1176 busque
404 1124 544 1164 rebus
580 1124 700 1163 inter
732 1135 833 1163 sese
861 1122 1107 1172 dissident,
1138 1122 1321 1162 Patrem
1353 1121 1608 1161 Doctorem
1634 1119 1731 1171 ejus
1759 1120 1825 1160 rei

195 1202 383 1236 sumunt
406 1195 632 1235 arbitrum
659 1193 849 1245 ejusque
872 1193 1118 1233 consilium
1140 1193 1290 1244 sequi,
1320 1205 1376 1232 ac
1398 1191 1456 1232 ad
1484 1192 1658 1232 Christi
1686 1192 1826 1232 hono-

194 1278 293 1307 rem
327 1265 588 1317 spectantia
616 1270 873 1316 praestare,
902 1276 995 1304 non
1022 1275 1188 1315 parum
1216 1264 1520 1304 delectantur.
1554 1264 1626 1303 Ex
1653 1263 1827 1303 nostris

197 1337 518 1378 sacerdotibus
541 1337 731 1388 quidam
752 1336 1000 1387 diligenter
1022 1341 1247 1375 curarunt
1268 1347 1440 1375 uxores
1462 1335 1657 1386 aliquas,
1683 1347 1710 1374 a
1732 1334 1830 1374 suis

198 1408 469 1460 repudiatas
502 1408 639 1458 viris,
676 1407 882 1447 maxima
921 1418 1028 1446 cum
1067 1406 1321 1446 concordia
1356 1418 1564 1457 paceque
1599 1405 1665 1446 eis
1700 1405 1828 1445 resti-

198 1486 342 1520 tuere.

278 1551 320 1591 A
355 1550 628 1602 Methymna
658 1550 730 1590 del
759 1549 936 1601 Campo
968 1549 1140 1589 acriter
1168 1548 1402 1588 instarunt
1435 1554 1484 1588 ut
1510 1547 1650 1588 Pater
1677 1548 1830 1599 Bapti-

197 1628 269 1661 sta
306 1621 331 1672 ¹,
369 1622 588 1661 nundinis
621 1621 909 1673 praeteritis,
948 1632 1002 1660 eo
1034 1619 1409 1671 proficisceretur
1446 1619 1826 1659 concionaturus.

197 1693 297 1733 Hoc
324 1692 488 1744 majori
520 1704 631 1732 cura
663 1698 925 1743 conatuque
955 1703 1095 1743 quam
1127 1703 1287 1731 omnes
1316 1691 1544 1742 expetivit
1571 1690 1829 1730 Rodericus

197 1765 252 1804 de
282 1764 497 1814 Duefias,
528 1764 607 1815 qui
636 1764 777 1803 etiam
806 1774 891 1815 pro
923 1761 1047 1802 virili
1078 1768 1274 1802 conatus
1306 1768 1375 1802 est
1413 1768 1462 1801 ut
1490 1761 1551 1801 ibi
1579 1760 1828 1801 Societatis

196 1835 446 1886 collegium
467 1835 690 1885 erigatur,
715 1834 839 1885 quod
861 1845 966 1874 cum
989 1833 1038 1873 P.
1063 1833 1348 1873 Provinciali
1378 1833 1494 1883 egit,
1526 1832 1731 1884 seipsum
1753 1832 1827 1872 do-

195 1906 291 1946 mui
323 1906 591 1945 neccssaria
620 1905 1026 1957 suppeditaturum
1060 1904 1352 1955 promittens.
1390 1903 1438 1944 P.
1477 1903 1785 1943 Provincialis
1818 1902 1832 1920 ²

196 1989 289 2017 una
310 1989 414 2017 cum
435 1976 574 2017 Patre
594 1976 850 2016 Francisco
873 1976 928 2015 de
951 1974 1112 2026 Borja,
1146 1975 1244 2026 ejus
1274 1975 1362 2014 hac
1393 1975 1449 2014 de
1478 1986 1527 2014 re
1557 1980 1688 2014 tanta
1716 1986 1830 2014 cura

196 2053 240 2087 et
261 2049 358 2088 zelo
377 2047 621 2087 charitatis
638 2052 883 2098 perspecto
902 2052 1125 2097 tantaque
1143 2046 1357 2096 utilitate,
1378 2057 1496 2097 quae
1516 2046 1578 2086 ibi
1599 2058 1657 2085 ex
1673 2044 1825 2085 Socie-

197 2125 291 2158 tate
312 2130 533 2158 emanare
554 2118 725 2170 poterit
747 2117 878 2168 (cum
899 2116 1101 2168 undique
1121 2117 1354 2168 gentium,
1379 2117 1694 2156 nundinarum
1722 2127 1828 2156 cau-

197 2202 270 2240 sa,
295 2201 349 2229 eo
371 2190 503 2229 multi
524 2201 573 2229 se
596 2188 876 2239 conferant),
912 2189 957 2229 id
991 2188 1126 2228 facile
1148 2188 1404 2237 concessit;
1425 2186 1613 2239 jamque
1636 2186 1824 2227 domum

199 2261 244 2300 in
271 2260 463 2300 civitate
492 2260 796 2312 praecipuam
832 2259 971 2299 habet
999 2265 1216 2311 paratam
1254 2259 1553 2310 maximaque
1591 2270 1696 2298 cum
1731 2258 1827 2298 dili-

195 2331 355 2382 gentia
390 2331 658 2371 necessaria
693 2331 848 2371 omnia
876 2336 1023 2370 curat.
1054 2330 1120 2370 Ibi
1150 2342 1274 2370 nunc
1302 2329 1440 2370 Pater
1474 2330 1686 2380 Baptista
1722 2341 1829 2370 cum

199 2403 300 2442 aliis
331 2402 510 2442 duobus
541 2402 740 2442 habitat:
775 2402 938 2442 eodem
969 2401 1201 2441 credimus
1230 2407 1408 2452 septem
1433 2401 1510 2440 vel
1537 2406 1641 2441 octo
1666 2413 1725 2441 ex
1752 2401 1828 2441 hic

198 2474 512 2524 manentibus,
543 2474 618 2513 vel
648 2474 686 2513 si
718 2474 873 2525 plures
903 2473 1104 2523 licuerit,
1139 2472 1404 2512 mittendos.
1439 2473 1489 2513 P.
1527 2472 1739 2524 Baptista
1767 2473 1831 2512 ibi

198 2545 572 2585 concionabitur:
595 2544 645 2584 P.
673 2556 784 2584 vero
805 2544 1154 2584 Maximilianus
1182 2544 1477 2584 dialecticam
1505 2544 1827 2596 interpretabi-

196 2622 272 2656 tur
310 2616 418 2656 illuc
457 2616 685 2666 euntibus,
728 2615 1136 2667 conscientiaeque
1176 2615 1317 2655 etiam
1352 2615 1492 2655 dubia
1532 2615 1827 2655 occurrentia

198 2686 482 2738 explanabit.
525 2686 810 2737 Theologiae
841 2687 963 2726 enim
998 2697 1187 2726 cursum
1212 2685 1310 2737 jam
1336 2686 1571 2737 integrum
1606 2686 1825 2725 absolvit.

199 2756 246 2796 P.
272 2757 503 2808 Baptista,
527 2763 773 2808 postquam
795 2757 902 2797 hinc
924 2757 1160 2807 discessit,
1195 2757 1358 2797 diebus
1388 2757 1634 2797 dominicis
1655 2757 1701 2796 in
1729 2755 1828 2808 ejus

255 2941 263 2960 ¹
306 2940 341 2967 P.
358 2940 505 2973 joannes
521 2941 679 2976 Baptista
695 2941 857 2970 Sanchez.

255 2989 269 3006 ”-·
308 2988 343 3014 Ρ.
359 2988 526 3016 Antonius
541 2990 580 3016 de
597 2989 719 3016 Araoz.
