2074 3179
231 114 304 151 510
741 116 968 153 LITTERAE
994 127 1351 159 QUADRIMESTRES

959 570 1148 626 CXXI

299 797 346 834 Ρ.
368 797 563 845 joannes
584 799 848 837 Pelletarius

347 863 468 901 Patri
486 863 658 911 Ignatio
678 864 731 902 de
749 865 935 913 Loyola.

394 928 617 975 Ferraria,
643 930 688 967 10
705 930 905 977 Januarii
925 931 1017 969 1552
1035 932 1059 967 ¹.

871 1108 993 1185 1HS÷
1005 1144 1221 1185 MARIA.

305 1285 423 1326 Cum
444 1298 502 1327 ex
520 1288 735 1328 omnibus
752 1287 849 1328 fere
866 1288 993 1328 orbis
1014 1289 1216 1340 sedibus,
1237 1289 1283 1329 in
1300 1289 1467 1340 quibus
1483 1289 1549 1328 tui
1571 1288 1723 1340 sparsi
1740 1294 1861 1339 sunt,

223 1357 283 1397 ad
304 1364 349 1398 te
374 1358 559 1399 litterae
588 1359 902 1411 perferantur,
936 1361 1230 1401 observande
1256 1361 1409 1407 Pater,
1441 1361 1606 1412 quibus
1636 1366 1863 1411 quantum

221 1440 393 1481 operae
414 1431 462 1470 in
482 1443 567 1471 suo
588 1431 784 1484 quisque
805 1444 998 1473 munere
1019 1433 1229 1483 collocet,
1250 1439 1516 1484 quantaque
1538 1431 1784 1472 sedulitate
1807 1444 1861 1471 ac

221 1501 377 1541 studio
398 1513 564 1543 sacrae
583 1503 692 1556 Jesu
725 1502 977 1544 Societatis
997 1516 1168 1544 nomen
1189 1504 1426 1555 operibus.
1456 1502 1686 1554 majorum
1713 1514 1858 1552 more,

220 1578 433 1624 exornet,
458 1580 613 1614 certus
634 1574 870 1615 reddaris:
898 1575 1064 1615 merito
1087 1575 1293 1615 animum
1314 1581 1445 1615 tuum
1466 1575 1640 1614 subiret
1661 1573 1861 1614 admira-

219 1644 284 1683 tio
307 1645 346 1684 si
368 1645 423 1685 de
456 1657 619 1686 eorum
639 1647 805 1697 gestis,
831 1658 948 1698 quos
967 1646 1237 1687 Ferrariam
1269 1659 1294 1686 a
1323 1653 1366 1686 te
1395 1646 1625 1697 ablegasti
1654 1657 1736 1686 sex
1763 1644 1861 1696 jam

220 1716 401 1756 exactis
422 1717 683 1768 mensibus,
707 1717 822 1758 nihil
845 1719 903 1758 ad
928 1717 1261 1758 Paternitatem
1291 1717 1439 1757 Tuam
1472 1717 1857 1768 perscriberetur.

222 1786 357 1839 Quod
379 1800 493 1828 sane
509 1800 596 1828 nec
618 1788 701 1828 tibi
718 1788 989 1840 jucundum,
1014 1801 1101 1829 nec
1123 1790 1213 1829 illis
1233 1789 1558 1836 honorificum,
1578 1800 1664 1828 nec
1686 1788 1757 1838 iis,
1782 1787 1860 1839 qui

219 1858 394 1900 Christi
414 1859 553 1900 rebus
573 1872 798 1912 prospere
820 1861 1070 1901 fluentibus
1100 1861 1307 1900 recreari
1335 1861 1583 1912 plurimum
1610 1867 1656 1900 et
1686 1860 1746 1899 ad
1777 1871 1861 1899 eas

216 1930 576 1981 pertractandas
599 1932 793 1972 accendi
816 1932 1014 1972 aliorum
1036 1933 1250 1984 exemplo
1278 1943 1587 1981 consuevere,
1617 1931 1728 1971 utile
1758 1931 1856 1970 sore

218 2003 513 2043 crediderim.
536 2003 671 2044 Unde
692 2003 816 2044 enim
836 2015 982 2055 prope
1004 2004 1190 2043 divinus
1211 2008 1317 2044 tuus
1340 2003 1523 2044 animus
1548 2002 1727 2042 laetitia
1756 2013 1857 2053 per—

219 2073 440 2125 funditur,
465 2075 556 2114 nisi
577 2086 684 2115 cum
715 2075 869 2126 audis,
900 2076 1067 2127 quibus
1094 2081 1138 2115 te
1166 2075 1347 2115 suffecit
1377 2087 1512 2115 suum
1540 2076 1587 2114 in
1608 2075 1762 2114 locum
1783 2085 1855 2113 su—

216 2157 406 2196 premus
426 2146 698 2198 imperator,
718 2147 902 2199 milites,
928 2148 1017 2199 ipsi
1034 2147 1208 2199 tibique
1229 2147 1372 2187 semel
1394 2146 1553 2186 datam
1574 2146 1711 2186 fidem
1726 2146 1854 2185 nullo

215 2223 353 2269 pacto
376 2218 597 2270 frangere
619 2224 758 2270 atque
779 2220 975 2270 violare,
1007 2231 1093 2260 nec
1123 2230 1329 2271 unquam
1361 2230 1387 2258 a
1414 2217 1649 2270 praesidio
1678 2229 1733 2257 ac
1764 2223 1852 2257 sta-

214 2289 340 2329 tione
361 2288 622 2340 discedere,
648 2291 872 2331 excubias
894 2301 1057 2342 agere,
1080 2291 1239 2331 hostes
1261 2301 1352 2341 qua
1373 2297 1569 2341 possunt
1588 2288 1851 2339 vigilantia,

214 2361 379 2412 armis,
410 2361 612 2411 viribus,
641 2363 939 2413 propulsare,
971 2372 1267 2413 oppugnare,
1298 2372 1592 2412 expugnare,
1623 2371 1856 2399 memores

211 2432 334 2472 illius
368 2432 493 2484 quod
526 2433 747 2484 singulis,
785 2433 864 2484 qui
896 2433 1005 2473 huic
1038 2432 1230 2473 militiae
1264 2444 1433 2472 nomen
1461 2431 1644 2482 dedere,
1678 2430 1852 2471 dictum

213 2504 365 2544 ausim
397 2515 633 2545 asserere:
663 2508 714 2544 tu
736 2516 849 2544 vero
878 2504 1060 2555 vigila,
1088 2504 1138 2544 in
1166 2503 1381 2544 omnibus
1407 2502 1594 2549 labora,
1621 2507 1742 2553 opus
1762 2501 1853 2551 fae

219 2575 572 2626 evangelistae,
593 2575 911 2616 ministerium
939 2579 1073 2616 tuum
1099 2575 1264 2627 imples
1291 2582 1335 2615 et
1364 2575 1502 2614 illius:
1535 2573 1700 2613 labora
1727 2573 1849 2612 sieut

214 2647 363 2687 bouus
390 2647 525 2687 miles
553 2647 734 2687 Christi
749 2647 871 2699 Jesu
898 2658 953 2687 ae
981 2647 1161 2687 solicite
1190 2657 1306 2686 cura
1332 2645 1536 2696 teipsum
1560 2643 1852 2696 probabilem

210 2718 433 2759 exhibere
471 2719 570 2759 Deo
610 2718 884 2770 operarium
900 2751 911 2768 ‚
950 2717 1354 2768 inconfusibilem,
1394 2720 1515 2756 recte
1563 2718 1850 2755 tractantem

264 2858 274 2877 ¹
316 2857 566 2891 Autographae
581 2857 718 2884 litterae
733 2861 810 2883 sunt
825 2856 858 2883 in
879 2855 1091 2891 quadruplici
1107 2855 1197 2887 solio,
1220 2855 1272 2882 cui
1296 2862 1349 2881 nn.
1364 2854 1456 2884 btv-520.
1474 2853 1696 2887 subscriptae
1712 2852 1847 2886 quidem

209 2908 288 2932 sunt
303 2912 323 2932 a
338 2904 373 2931 P.
388 2904 517 2937 Joanne
533 2903 730 2937 Pelletario,
746 2904 804 2930 sed
819 2910 938 2931 manus
952 2903 1090 2930 videtur
1104 2902 1244 2935 joannis
1259 2901 1434 2936 Baptistae
1453 2902 1491 2928 de
1508 2900 1596 2933 Jesu,
1614 2907 1633 2927 a
1649 2907 1725 2934 quo,
1745 2899 1773 2926 si
1789 2898 1850 2925 sti-

208 2955 278 2981 lum
293 2952 497 2985 consideres,
514 2951 686 2979 confectas
702 2952 838 2979 litteras
851 2951 1031 2986 judicabis.
