2074 3179
930 173 1012 210 AN.
1045 174 1130 209 1531
1780 176 1851 212 323

219 269 314 310 Nec
335 281 447 310 sane
464 270 557 309 ulla
573 281 632 309 ex
648 275 779 321 parte
797 269 1122 310 contemnendi
1139 275 1272 309 erant
1290 269 1504 320 permulti
1522 269 1720 320 illorum,
1742 282 1846 310 cum

222 340 340 380 inter
361 340 488 391 ipsos
508 339 698 391 quidam
718 352 745 379 a
767 340 927 380 decem
950 340 1104 389 annis,
1129 340 1317 391 quidam
1338 351 1364 378 a
1391 339 1580 390 viginti,
1612 341 1691 380 alii
1720 353 1746 380 a
1774 342 1849 380 tri-

218 411 363 460 ginta,
382 411 591 450 nonnulli
613 411 753 450 etiam
776 424 801 450 a
824 411 1136 462 quadraginta
1155 410 1355 450 confessi
1371 422 1464 449 non
1482 416 1651 450 essent.
1672 411 1713 450 A
1731 411 1850 451 festo

219 481 591 521 Resurrectionis
613 494 725 521 vero
747 482 805 522 ad
827 482 947 521 hunc
971 493 1114 533 usque
1132 481 1268 529 diem,
1288 486 1383 520 tam
1404 481 1535 520 multi
1556 492 1739 532 quoque
1757 482 1846 522 die-

217 553 301 592 bus
320 551 450 592 festis
472 552 531 592 ad
551 565 636 592 nos
658 553 983 603 confugerunt,
1008 552 1167 592 divina
1183 551 1520 601 misericordia,
1546 559 1593 591 ut
1615 558 1786 603 putem,
1811 554 1850 592 si

218 635 300 663 sex
321 635 528 663 essemus
557 624 827 664 sacerdotes
857 635 1033 665 <sumus
1061 630 1216 663 autem
1244 629 1338 662 tres
1367 628 1548 662 tantum
1576 634 1768 663 numero
1802 624 1843 663 in

217 694 513 745 praesentia),
537 695 750 734 omnibus
771 695 885 734 satis
907 695 1003 734 fore
1025 694 1148 746 quod
1169 699 1377 745 agerent.
1402 693 1536 744 Quod
1553 700 1709 734 autem
1725 694 1845 739 dico.

215 777 274 805 ex
294 777 348 805 eo
369 766 571 805 maxime
593 766 788 817 patebit,
814 766 935 817 quod
957 766 1034 817 qui
1055 766 1175 805 inter
1199 765 1375 816 primos
1398 765 1530 804 nobis
1559 765 1745 805 fuerunt
1777 766 1851 805 de-

215 836 327 885 voti,
351 836 608 888 quibusque
625 836 722 888 jam
743 836 883 877 fidere
904 848 1042 888 posse
1063 836 1278 876 videmur
1295 848 1387 876 non
1404 835 1696 876 discessuros
1719 848 1799 876 eos
1821 850 1845 876 a

216 918 329 946 vera
350 907 448 955 via,
480 919 571 958 quo
597 907 780 947 facilius
813 909 942 947 locus
971 914 1092 948 esset
1119 907 1190 947 his
1217 908 1293 958 qui
1324 907 1435 946 novi
1465 907 1700 957 venirent,
1732 907 1850 947 alios

217 977 304 1017 sibi
333 978 558 1029 probatae
593 978 657 1028 (ut
692 977 925 1027 novimus)
954 978 1059 1017 fidei
1084 978 1212 1017 viros
1240 977 1553 1021 confessarios
1585 978 1842 1028 elegerunt.

219 1048 457 1088 Venerunt
488 1054 642 1088 autem
677 1049 887 1100 quidam.
925 1055 968 1088 et
1002 1049 1280 1100 praesertim
1306 1055 1514 1099 tempore
1543 1048 1848 1100 quadragesi-

215 1130 338 1169 mae,
363 1124 458 1159 tam
479 1119 554 1170 pio
576 1119 729 1158 affecti
749 1130 863 1169 erga
885 1131 972 1158 nos
994 1119 1149 1159 animo
1173 1126 1240 1168 ut,
1266 1130 1372 1158 cum
1393 1130 1665 1159 vereremur
1684 1131 1742 1159 ne
1770 1131 1848 1159 ex-

215 1190 469 1240 spectando
491 1190 704 1229 molestia
725 1190 1018 1230 afficerentur
1043 1193 1150 1237 (non
1172 1191 1294 1229 enim
1321 1190 1532 1230 omnibus
1559 1190 1845 1241 respondere

213 1262 512 1311 poteramus),
536 1261 931 1312 suaderemusque
948 1267 997 1300 ut
1015 1261 1073 1300 ad
1093 1261 1209 1300 alios
1230 1261 1475 1311 religiosos
1496 1273 1545 1300 se
1563 1261 1844 1312 conferrent,

213 1331 536 1382 responderint
558 1343 606 1371 se
627 1344 923 1383 nequaquam
944 1331 989 1371 id
1010 1332 1232 1381 facturos,
1253 1332 1333 1371 sed
1351 1338 1575 1372 venturos
1592 1333 1746 1384 potius
1762 1345 1845 1384 per

214 1402 445 1452 integram
472 1402 835 1451 hebdomadam,
866 1414 892 1441 a
926 1415 1062 1442 mane
1095 1403 1153 1442 ad
1187 1414 1438 1454 vesperum
1472 1409 1844 1454 exspectaturos,

216 1473 364 1513 donec
386 1473 458 1512 his
484 1473 735 1513 confitendi
765 1473 966 1513 facultas
993 1472 1182 1513 daretur
1210 1486 1236 1513 a
1266 1474 1453 1513 nostris.
1485 1473 1841 1514 Communican-

215 1544 328 1584 tium
348 1545 519 1584 multus
540 1550 609 1584 est
630 1556 850 1584 numerus
873 1556 1070 1595 semper,
1095 1550 1139 1584 et
1159 1544 1248 1583 hoc
1270 1544 1388 1584 festo
1419 1544 1720 1585 Pentecostes
1746 1546 1845 1597 plu-

215 1626 291 1655 res
312 1615 525 1655 ducentis
545 1615 592 1655 in
613 1616 785 1666 templo
806 1621 967 1655 nostro
989 1615 1412 1655 communicarunt.

298 1685 428 1736 Quae
456 1698 569 1726 vero
598 1698 657 1726 ex
690 1686 761 1726 his
794 1685 1165 1726 confessionibus
1197 1692 1453 1737 sequantur
1479 1687 1624 1736 bona,
1657 1687 1850 1738 longum

214 1763 336 1796 esset
367 1768 611 1797 recensere
640 1757 703 1797 ita
733 1757 992 1808 sigillatim3
1015 1768 1290 1808 percurram
1311 1763 1466 1796 tamen
1490 1758 1720 1808 quaedam
1750 1758 1850 1798 bre-

215 1828 350 1867 viter.
380 1827 610 1868 Plurimas
637 1828 868 1879 virgines,
899 1834 942 1868 et
969 1828 1147 1868 nobiles
1177 1834 1222 1868 et
1252 1827 1486 1868 inferioris
1519 1829 1660 1869 etiam
1690 1830 1847 1880 sortis,

213 1898 401 1939 Christo
423 1910 472 1938 se
492 1910 634 1950 puras
656 1905 700 1938 et
724 1899 1049 1939 immaculatas
1077 1899 1384 1939 devoverunt.
1413 1898 1471 1938 Et
1494 1899 1662 1939 harum
1689 1905 1848 1940 tantus

212 1974 282 2009 est
302 1980 540 2019 numerUS,
561 1977 611 2009 ut
627 1968 803 2020 justum
824 1969 1174 2020 monasterium,
1198 1970 1239 2009 si
1258 1981 1381 2009 nunc
1402 1976 1735 2021 exstrueretur,
1765 1972 1845 2010 im-

212 2040 341 2090 plere
371 2040 567 2091 possint.
599 2039 757 2091 Neque
793 2040 1042 2091 quicquam
1071 2051 1152 2079 eas
1182 2046 1445 2079 remoratur
1474 2040 1533 2079 ad
1560 2042 1846 2081 monasteria

210 2109 535 2162 ingredienda,
560 2121 699 2161 quam
719 2111 844 2162 quod
865 2110 1111 2150 reformari
1133 2122 1187 2150 ea
1208 2110 1336 2161 prius
1357 2111 1542 2150 vellent.
1566 2110 1726 2162 Neque
1753 2118 1839 2152 ter-

209 2181 337 2231 tium,
357 2193 495 2232 quem
510 2187 696 2232 vocant,
717 2181 929 2221 ordinem
950 2181 1104 2221 subire
1120 2181 1298 2221 volunt.
1319 2179 1462 2232 Cujus
1479 2182 1546 2221 rei
1563 2181 1685 2222 hanc
1701 2194 1844 2223 unam

210 2251 409 2292 afferunt
431 2263 623 2292 causam
643 2253 888 2303 palamque
909 2252 1199 2303 praedicant,
1218 2253 1340 2292 nolle
1361 2264 1410 2292 se
1432 2252 1646 2304 impediri
1667 2254 1842 2305 quomi-

208 2334 310 2374 nus,
335 2333 440 2362 cum
459 2323 506 2362 in
527 2323 714 2363 saeculo
736 2323 924 2374 degant,
944 2322 1003 2363 ad
1023 2329 1208 2363 nostros
1231 2323 1320 2363 illis
1340 2323 1502 2363 venire
1523 2323 1674 2364 liceat.

287 2393 460 2434 Multae
487 2405 670 2445 quoque
696 2394 866 2434 viduae
895 2394 1232 2434 continentiam
1259 2399 1506 2434 voverunt.
1539 2394 1844 2446 Reliquarum

208 2464 350 2504 etiam
387 2464 633 2504 mulierum
671 2464 794 2504 bona
826 2476 960 2516 pars,
998 2465 1105 2505 licet
1140 2465 1438 2505 matrimonio
1473 2466 1717 2517 alligatae,
1755 2467 1843 2507 sibi

207 2542 363 2575 tamen
379 2535 437 2575 ab
458 2535 744 2575 ornamentis
760 2535 1005 2586 superfluis
1020 2541 1299 2588 temperant,
1319 2541 1363 2576 et
1380 2536 1689 2587 simpliciores
1705 2538 1842 2578 solito

206 2605 445 2656 incedunt,
468 2611 518 2646 ut
538 2605 674 2645 facile
696 2613 942 2657 appareat,
966 2618 1052 2647 nec
1075 2607 1358 2647 intrinsecus
1380 2618 1460 2646 eas
1476 2605 1574 2657 jam
1595 2619 1698 2648 esse
1718 2609 1841 2659 quod

205 2676 406 2717 suerunt.

284 2746 616 2788 Concubinarii
636 2747 767 2786 multi
788 2748 977 2788 omnino
1000 2748 1138 2788 divisi
1159 2739 1468 2800 disjunctique
1490 2754 1621 2788 sunt:
1650 2749 1840 2800 plurimi

204 2829 317 2857 vero
351 2817 647 2858 matrimonio
683 2818 886 2869 copulati
921 2819 1144 2860 invicem:
1181 2819 1500 2859 restitutiones
1534 2830 1627 2858 non
1660 2831 1839 2871 paucae

206 2888 372 2928 factae.
395 2886 444 2928 Si
463 2899 577 2927 vero
599 2888 742 2927 etiam
762 2888 821 2928 ad
843 2888 1100 2940 singularia
1128 2889 1504 2929 descendendum
1531 2894 1621 2940 est,
1652 2890 1840 2941 quidam

204 2959 443 3009 potionem
468 2958 638 2998 veneni
668 2969 727 2998 ex
755 2960 1003 3000 occasione
1030 2961 1164 3000 uxori
1196 2960 1536 3012 propinandam
1562 2958 1659 3010 jam
1691 2962 1840 3001 tribus
