2074 3179
886 151 968 188 AN.
1002 151 1090 188 1547
1760 151 1807 186 :37

179 253 435 292 litterarum
461 250 521 290 ad
547 256 591 290 te
618 249 730 290 dare
753 248 962 299 decrevi,
996 247 1162 299 quibus
1188 252 1232 286 te
1260 247 1392 286 brevi
1417 246 1621 286 facerem
1643 247 1805 286 certio-

177 334 275 363 rem
295 321 351 362 de
372 321 459 372 his,
483 333 601 373 quae
623 320 746 372 apud
767 331 852 360 nos
880 324 1121 370 geruntur.
1154 317 1414 368 Longiores
1441 317 1566 356 enim
1594 329 1620 356 a
1642 328 1714 356 me
1735 318 1805 357 lit—

178 401 302 434 teras
323 404 417 433 non
437 398 698 443 exspectes3
717 390 931 443 quamvis
949 390 1140 441 copiosa
1159 388 1272 429 mihi
1292 387 1567 439 proponitur
1587 388 1806 427 materies

177 463 430 513 scribendi,
453 469 500 503 at
521 469 647 503 certe
669 462 845 513 ingenii
865 461 955 501 mei
976 460 1198 512 parvitati
1224 459 1412 499 minime
1435 458 1805 498 accommodata.

257 535 465 575 Primum
485 535 639 586 itaque
668 534 785 574 scito
812 544 897 572 nos
929 531 1026 572 fere
1055 542 1216 571 omnes
1246 537 1373 571 recte
1399 530 1573 580 valere,
1603 535 1806 581 praeter-

176 618 319 658 quam
340 605 510 657 oppido
531 617 722 657 paucos,
747 615 944 656 quorum
965 602 1155 642 nomina
1176 600 1514 653 praetermitto;
1537 600 1664 640 nulla
1685 600 1807 640 enim

180 676 475 717 incommoda
495 675 761 716 valetudine
784 674 1013 715 laborant.
1045 674 1251 714 Litteras
1281 685 1308 712 a
1334 671 1394 712 M.
1418 671 1600 722 Ignatio
1629 670 1807 721 accepi-

179 760 281 788 mus
308 760 335 787 a
368 747 501 788 nobis
523 746 702 798 jamdiu
728 750 1049 798 exspectatas,
1082 755 1232 795 neque
1259 743 1411 783 minus
1433 742 1670 793 flagitatas
1689 739 1714 782 ¹.
1739 741 1807 780 In-

177 818 386 859 credibili
400 817 572 869 gaudio
589 828 748 858 sumus
765 816 932 866 affecti,
951 815 1118 867 quibus
1134 814 1366 866 perlectis,
1387 814 1595 854 omnium
1609 812 1808 852 fratrum

178 890 321 930 animi
341 901 485 940 usque
506 889 623 928 adeo
652 894 758 928 sunt
787 887 985 936 incitati,
1010 898 1117 926 cum
1144 885 1203 925 ad
1224 885 1485 925 litterarum
1514 883 1688 934 studia,
1712 889 1811 923 tum

178 961 236 1001 ad
257 962 455 1001 virtutes
476 959 802 1011 acquirendas,
827 964 875 998 ut
893 958 964 998 bis
985 957 1119 997 nobis
1140 958 1423 1007 legerentur,
1448 955 1586 1007 idque
1603 960 1652 995 ut
1669 955 1811 995 semel

178 1033 374 1083 singulis
401 1031 770 1072 hebdomadibus
796 1030 927 1069 fieret
953 1028 1086 1069 multi
1112 1028 1419 1079 postula1·ent;
1458 1038 1574 1078 quas
1608 1038 1665 1066 ne
1701 1026 1809 1065 obli-

179 1104 306 1144 vioni
335 1102 632 1143 traderentur
652 1101 859 1153 plerique
881 1100 1244 1151 descripserunt.
1278 1098 1438 1150 Neque
1460 1098 1649 1149 mirum,
1674 1098 1808 1149 siqui-

179 1175 283 1214 dem
306 1174 482 1223 omnia,
506 1185 625 1224 quae
652 1172 788 1212 nobis
818 1171 996 1211 lubrica
1024 1182 1079 1211 ac
1101 1169 1304 1210 difficilia
1332 1169 1526 1209 subinde
1546 1181 1809 1221 proponun-

179 1253 268 1295 tur,
292 1244 512 1296 perlectis
532 1244 604 1284 his
625 1243 812 1291 litteris,
835 1242 1006 1282 validis
1035 1241 1325 1292 argumentis
1353 1241 1688 1291 dissolvuntur,
1717 1240 1809 1280 ani-

178 1316 332 1368 mique
360 1315 418 1356 ad
446 1327 678 1355 summum
706 1320 801 1354 tam
828 1314 1055 1354 virtutum
1082 1324 1222 1364 quam
1255 1312 1516 1352 litterarum
1543 1311 1809 1363 petendum,

180 1387 332 1438 magis
354 1398 410 1426 ac
430 1386 581 1437 magis
602 1386 777 1425 virtute
798 1390 1032 1435 augentur
1053 1389 1097 1423 et
1118 1383 1470 1423 confirmantur.

256 1458 368 1498 Post
388 1463 519 1498 tuum
547 1469 574 1497 a
602 1457 736 1497 nobis
758 1456 1031 1506 discessum,
1057 1455 1291 1495 Antonius
1314 1454 1490 1495 Gomez
1511 1460 1555 1494 et
1577 1454 1813 1495 Gonzalus

178 1530 278 1570 Vaz
319 1540 480 1569 omnes
518 1528 616 1568 fere
652 1528 868 1567 civitates
903 1532 1043 1578 atque
1084 1526 1255 1578 oppida
1294 1526 1488 1566 finitima
1528 1525 1813 1566 monasterio

180 1600 340 1641 Sancti
359 1600 528 1640 Felicis
552 1599 837 1639 circuierunt
859 1609 1006 1650 usque
1028 1598 1088 1638 ad
1108 1603 1295 1649 portum
1314 1596 1343 1648 ²,
1368 1597 1604 1648 multaque
1631 1596 1765 1636 nobis
1787 1609 1814 1636 a

179 1683 227 1711 se
249 1676 404 1722 gesta,
431 1676 530 1710 tum
550 1670 873 1710 concionando
896 1675 995 1709 tum
1017 1668 1249 1708 audiendo
1272 1667 1613 1716 confessiones,
1642 1678 1725 1718 per
1747 1667 1814 1712 lit-

180 1750 306 1782 teras
332 1743 473 1782 latius
501 1742 800 1782 nunciarunt.
829 1740 890 1780 Hi
911 1752 1024 1780 sane
1046 1740 1305 1791 apostolico
1328 1751 1520 1779 munere
1540 1738 1812 1789 funguntur,

181 1813 351 1864 quippe
369 1813 447 1864 qui
463 1813 693 1861 civitates,
714 1812 899 1863 oppida,
916 1812 1066 1861 vicos,
1084 1811 1238 1861 villas,
1263 1822 1471 1862 campOS,
1497 1821 1640 1861 agros
1656 1820 1811 1860 quam-

180 1884 405 1934 plurimos
422 1889 746 1934 peragrantes,
771 1882 1081 1934 eleemosynis
1101 1882 1283 1932 vivunt,
1307 1882 1353 1921 in
1370 1881 1620 1932 hospitalia
1637 1893 1686 1921 se
1701 1880 1814 1921 reci-

182 1955 327 2007 piunt,
351 1955 633 2007 pauperibus
654 1954 983 2005 evangelizant
1012 1965 1066 1993 ac
1095 1953 1396 2004 subveniunt,
1427 1953 1646 1992 divitibus
1673 1951 1816 1991 libere

183 2027 448 2078 loquuntur,
473 2031 610 2078 atque
628 2025 825 2077 denique
848 2025 1015 2076 impios
1037 2037 1063 2064 a
1085 2024 1337 2064 sceleribus
1359 2024 1608 2074 deterrent,
1633 2023 1735 2074 pios
1757 2022 1817 2062 ad

184 2098 376 2138 meliora
394 2103 668 2149 provocant:
693 2097 803 2148 quid
818 2096 988 2148 plura?,
1007 2096 1168 2147 pigros
1190 2107 1217 2135 a
1238 2095 1417 2135 desidia
1435 2100 1655 2145 avocant,
1679 2094 1817 2134 fervi-

184 2169 267 2210 dos
302 2169 362 2210 ad
393 2169 685 2209 subeundam
714 2179 903 2208 crucem
938 2167 1160 2217 invitant,
1199 2178 1314 2218 quos
1345 2166 1433 2206 etsi
1467 2166 1620 2206 studio
1656 2176 1818 2205 omnes

183 2241 508 2293 prosequimur
540 2240 678 2291 longe
712 2245 869 2279 tamen
904 2250 1039 2278 secus
1077 2243 1147 2278 est
1169 2237 1198 2275 ³.
1229 2237 1371 2278 Orate
1406 2237 1549 2289 igitur
1579 2236 1741 2277 Patres
1761 2248 1818 2276 ac

184 2310 374 2353 Fratres
391 2311 657 2363 Dominum,
676 2317 726 2351 ut
741 2311 894 2351 mittat
911 2322 970 2350 ex
985 2310 1119 2350 nobis
1137 2310 1394 2361 operarios,
1414 2309 1500 2349 etsi
1515 2321 1609 2349 non
1626 2309 1816 2349 omnino

185 2383 351 2424 litteris
372 2382 675 2423 confirmatos
701 2382 777 2422 vel
802 2382 957 2433 aliquo
987 2381 1214 2421 virtutum
1240 2392 1413 2432 genere
1439 2381 1658 2421 munitos.
1696 2379 1818 2430 Quid

185 2455 308 2494 enim
327 2453 474 2504 nobis,
499 2453 577 2505 qui
600 2452 721 2493 hanc
742 2451 1022 2493 Societatem
1044 2452 1191 2492 divini
1213 2450 1412 2504 Spiritus
1440 2452 1597 2492 afflatu
1618 2451 1819 2502 ingressi

184 2537 358 2577 sumus,
383 2524 586 2565 deterius
613 2524 885 2575 contingere
904 2529 1084 2575 posset,
1108 2535 1250 2575 quam
1276 2524 1314 2563 si
1335 2523 1407 2563 his
1428 2523 1657 2574 angustiis
1676 2522 1813 2562 inter-

184 2597 316 2648 clusi,
353 2602 621 2637 nostrorum
653 2594 883 2646 majorum
916 2595 1117 2646 vestigia
1150 2595 1282 2646 sequi
1307 2605 1614 2646 nequeamus,
1644 2599 1811 2634 aetate-

184 2679 274 2719 que
304 2667 401 2718 J'am
435 2667 637 2707 confecti
670 2666 730 2706 ad
764 2666 940 2706 nullum
973 2665 1183 2706 laborem
1217 2672 1298 2706 aut
1331 2666 1589 2717 periculum
1627 2670 1818 2716 propter

241 2826 250 2845 ¹
291 2826 407 2854 Sermo
421 2830 473 2854 est
488 2826 528 2853 de
541 2825 669 2854 litteris
683 2826 726 2853 ab
747 2825 879 2860 Ignatio
903 2825 945 2852 ad
971 2825 1095 2852 fratres
1120 2825 1152 2852 in
1175 2825 1326 2860 Collegio
1351 2824 1618 2854 Conimbricensi
1641 2824 1817 2852 studentes

185 2875 277 2902 datis
293 2874 420 2902 Romae
437 2875 470 2901 17
483 2874 563 2908 Maji
578 2874 677 2909 hujus
693 2873 771 2900 anni
788 2873 866 2901 1547.

240 2922 253 2941 ⁵-'
291 2929 395 2955 usque
410 2921 452 2948 ad
466 2922 585 2949 urbem
597 2921 730 2955 Portus,
743 2921 887 2956 oporto.

241 2970 254 2988 ³
293 2969 357 3003 Sic;
373 2976 433 2996 nec
447 2969 653 2997 sententiam
669 2973 763 2997 certo
779 2969 943 3004 capimuS.
