2074 3179
896 180 978 216 AN.
1013 180 1100 216 1332
1746 180 1811 216 511

183 280 376 319 ’verbnm
399 278 659 318 veritatis?
687 278 815 329 Quae
833 290 938 318 curn
959 289 986 317 a
1004 278 1202 318 caeteris
1224 284 1389 317 exacte
1411 276 1536 326 fiant,
1560 289 1670 316 num
1691 278 1813 317 inde-

182 361 345 390 corum
369 349 609 389 videretur
631 350 847 401 omnique
868 349 1039 400 probro
1061 348 1252 399 dignum
1274 348 1313 388 si
1334 348 1390 387 ab
1414 348 1524 398 ipsis
1553 347 1664 387 50115
1686 360 1816 398 prae-

181 420 564 471 termitterentur,
590 426 688 471 aut,
721 421 760 460 si
790 419 978 460 minime
1005 419 1452 471 praetermittuntur,
1483 418 1618 457 nullis
1644 418 1813 457 littera-

181 503 284 531 rum
300 492 619 531 monumentis
641 491 1041 542 significarentur?
1059 490 1193 530 Alias
1213 490 1336 530 enim
1352 488 1455 540 jure
1476 489 1691 528 lamentis
1709 500 1814 537 age-

180 567 284 602 rent
306 562 383 613 qui
404 562 577 602 talibus
602 563 896 602 oblectantur
916 567 960 601 et
981 561 1040 600 ad
1061 561 1318 601 consimilia
1340 560 1701 600 inflammantur.

261 632 366 683 Age
388 633 566 683 itaque,
590 632 728 673 Pater
750 633 942 685 optime,
967 633 1187 684 quoniam
1208 643 1283 672 res
1305 632 1369 671 ita.
1390 631 1501 680 fert,
1527 641 1671 679 cogor
1702 642 1816 670 sane

181 710 224 744 et
245 704 410 743 volens
432 715 594 755 cogor,
617 704 839 744 nonnulla
867 715 1234 744 commemorare
1263 713 1438 752 00111111,
1470 713 1589 753 quae
1616 708 1816 752 quatuor

180 775 500 826 superioribus
523 775 759 815 mensibus
781 781 971 815 sanctus
993 781 1131 826 atque
1165 775 1350 814 divinus
1375 773 1450 813 ille
1477 773 1689 824 spiritus,
1724 784 1815 823 quo

180 845 257 896 qui
275 851 480 896 aguntur
497 852 603 886 sunt
620 846 699 886 filii
715 845 803 886 Dei
820 858 905 886 1160
923 852 1097 898 queunt
1114 847 1160 885 in
1178 846 1247 895 iis,
1273 856 1390 896 quae
1406 843 1560 884 Patris
1577 850 1698 892 sunt,
1722 855 1815 883 non

180 928 298 967 esse,
323 928 486 968 eaque,
512 929 630 968 quae
652 917 693 957 ei
714 923 821 957 sunt
841 917 1028 968 placita,
1053 928 1236 967 semper
1256 915 1433 966 facere,
1456 926 1538 966 per
1560 926 1668 954 suos
1685 926 1815 966 prae—

181 993 306 1027 stare
337 993 477 1039 atque
498 987 546 1027 in
568 988 640 1027 his
661 988 777 1028 locis
798 987 978 1027 efficere
1000 994 1224 1039 perpetua
1247 999 1329 1026 sua
1352 986 1584 1035 bonitate,
1610 985 1818 1036 benigni-

180 1064 274 1098 tate
298 1070 352 1098 ac
384 1059 710 1098 misericordia
737 1059 955 1109 dignatus
983 1064 1066 1098 est.
1096 1059 1248 1109 Atque
1278 1057 1504 1109 imprimis
1533 1069 1559 1096 a
1588 1057 1814 1108 parvulis,

179 1140 296 1180 quos
323 1135 570 1180 tantopere
601 1130 795 1180 diligere
823 1130 1038 1170 Christus
1060 1129 1291 1169 Dominus
1322 1134 1517 1168 testatus
1546 1134 1629 1177 est,
1654 1139 1814 1168 narra-

180 1200 319 1240 tionis
347 1206 536 1240 nostrae
566 1201 812 1240 exordium
843 1201 1117 1240 sumendum
1147 1201 1279 1240 duco.
1306 1200 1429 1239 Vere
1459 1200 1579 1239 enim
1609 1198 1721 1238 mihi
1751 1199 1817 1238 vi-

180 1270 290 1311 deor
305 1271 351 1310 in
367 1271 466 1310 dies
489 1272 702 1310 eamdem
716 1272 842 1311 illam
858 1283 1038 1321 vocem,
1059 1283 1150 1323 qua
1167 1283 1247 1311 eos
1263 1272 1465 1310 advocat
1480 1271 1614 1318 adse,
1635 1270 1813 1319 audire,

179 1342 460 1392 eosdemque
483 1341 541 1381 ad
565 1354 672 1381 eum
692 1343 767 1382 vel
788 1343 1153 1393 praecipitanter
1174 1343 1413 1388 accedere,
1434 1348 1513 1381 aut
1534 1342 1687 1392 potius
1709 1353 1815 1381 con-

178 1414 355 1463 volare,
375 1413 668 1464 conspicere,
693 1419 737 1452 et
759 1413 871 1464 ipsis
893 1425 1059 1453 manus
1076 1414 1392 1464 imponentem
1413 1413 1597 1452 intueri.

257 1483 377 1523 Nam
395 1496 532 1534 quem
550 1484 762 1534 obsecro,
779 1491 965 1524 centum
982 1484 1321 1535 quinquaginta
1340 1484 1435 1523 fere
1453 1484 1542 1523 hoc
1558 1484 1604 1523 in
1618 1494 1813 1535 gymna

178 1554 246 1594 sio
272 1566 355 1594 suo
378 1565 700 1606 congregasse
722 1561 766 1595 et
797 1556 1003 1607 quotidie
1030 1557 1278 1595 nonnullos
1305 1568 1359 1595 eo
1386 1555 1615 1595 deducere
1638 1553 1813 1605 judica-

178 1626 328 1673 veris,
352 1626 442 1665 nisi
466 1638 571 1666 eum
592 1627 669 1678 qui
697 1627 902 1667 omnium
933 1626 1098 1666 ductor
1130 1633 1198 1666 est
1226 1627 1448 1677 0011111115,
1479 1626 1647 1677 quique
1674 1625 1732 1665 ad
1764 1638 1815 1666 56

178 1697 307 1736 venit
342 1709 504 1737 omnes
533 1699 733 1738 Vocare?
762 1697 884 1738 Sane
918 1699 1151 1738 neminem
1185 1704 1396 1738 nostrum
1431 1697 1552 1737 tubis
1588 1697 1813 1737 cecinisse

178 1773 306 1808 certo
342 1768 438 1808 scio
474 1780 559 1808 nec
591 1770 909 1820 proclamasse
935 1780 1217 1820 praeconem
1244 1780 1523 1819 quemquam
1558 1768 1813 1807 humanum

178 1845 257 1878 aut
277 1839 445 1890 quovis
467 1840 640 1880 indicio
663 1846 876 1891 apertum
896 1840 1055 1880 ludum
1076 1839 1380 1891 significasse,
1401 1839 1489 1879 nisi
1506 1838 1625 1879 forte
1643 1839 1810 1879 11110110-

178 1910 269 1949 cim
303 1910 460 1950 verbis
497 1922 611 1962 prae
646 1911 824 1951 foribus
859 1911 1129 1963 adscriptis3
1161 1918 1204 1951 et
1230 1918 1387 1951 tamen
1414 1916 1603 1961 repente
1631 1921 1739 1949 ecce
1767 1917 1812 1950 et

177 1981 335 2020 nescio
358 1982 593 2032 quomodo
616 1994 674 2021 ex
696 1983 896 2022 caeteris
916 1983 1104 2032 scholis,
1129 1987 1366 2033 tamquam
1389 1994 1446 2021 ex
1468 1993 1585 2032 equo
1607 1981 1809 2027 11011111),

178 2057 424 2102 emergunt
446 2052 505 2091 ad
531 2064 709 2103 nosque
735 2052 977 2103 festinant3
1007 2053 1131 2104 quod
1159 2064 1263 2092 cum
1294 2059 1417 2092 esset
1445 2052 1723 2103 quibusdam
1753 2064 1808 2091 ex

178 2122 343 2162 amicis
372 2123 589 2162 miraculi
608 2124 711 2162 1000
735 2124 857 2175 quod
879 2124 1165 2173 videremus,
1189 2135 1283 2163 non
1305 2123 1582 2163 occurrebat
1601 2123 1691 2162 nisi
1717 2121 1807 2162 Da-

180 2194 301 2233 vidis
322 2193 454 2233 illud:
479 2206 507 2233 a
532 2194 735 2234 Domino
747 2195 939 2244 factum
960 2199 1030 2234 est
1051 2194 1194 2235 istud.
1220 2194 1337 2235 Cum
1364 2199 1520 2234 autem
1549 2194 1626 2233 alii
1654 2205 1810 2233 061156-

178 2270 280 2304 rent
313 2276 558 2304 numerum
592 2265 839 2316 quemdam
871 2277 964 2305 non
997 2265 1517 2317 praetergrediendum,
1554 2276 1648 2304 non
1669 2265 1806 2315 enim,

179 2334 379 2386 ajebant,
396 2335 525 2375 oneri
541 2347 678 2386 pares
696 2336 838 2387 eritis,
858 2336 997 2376 sz'm'te
1006 2336 1380 2387 parvulos,etc.,
1401 2334 1653 2386 ajebamus;
1675 2341 1718 2376 et
1730 2336 1810 2386 qui

178 2406 306 2446 addit
337 2406 546 2446 laborem
566 2406 692 2446 vires
719 2408 1018 2459 suppeditare
1045 2419 1139 2447 non
1165 2408 1366 2457 omittet;
1396 2406 1505 2459 quid
1535 2407 1657 2447 enim
1686 2406 1809 2446 ferre

178 2483 414 2526 recusent,
439 2477 550 2529 quid
570 2478 760 2518 valeant
779 2479 960 2518 humeri
980 2479 1125 2518 novit.
1158 2479 1318 2530 Itaque
1348 2478 1541 2518 efficitur
1568 2484 1618 2518 ut
1646 2478 1809 2518 diebus

179 2548 374 2599 singulis
396 2549 580 2588 auctior
602 2549 773 2589 evadat
794 2549 1110 2590 studiosorum
1131 2561 1384 2601 puerorum
1403 2561 1645 2599 numerus,
1670 2560 1808 2599 coga—

178 2631 371 2670 murque
401 2620 584 2659 vicinas
612 2619 751 2660 aedes
780 2632 873 2660 non
901 2621 1000 2660 sine
1029 2620 1273 2672 dispendio
1303 2632 1598 2660 nummorum
1628 2626 1808 2660 nostro-

178 2702 280 2730 rum
302 2690 572 2742 propediem
594 2702 840 2742 occupare.

258 2761 392 2812 Quod
422 2774 536 2802 vero
558 2762 647 2801 illis
668 2761 876 2812 imponat
897 2774 1063 2803 manus
1092 2763 1169 2815 qui
1191 2763 1247 2803 ad
1270 2774 1319 2803 se
1340 2762 1504 2813 trahit,
1535 2774 1629 2802 non
1657 2762 1807 2802 dubiis

181 2832 337 2872 videre
358 2838 429 2872 est
450 2839 494 2873 et
516 2833 736 2883 colligere
759 2834 1063 2884 argumentis.
1086 2834 1136 2874 In
1158 2834 1255 2874 dies
1285 2832 1513 2885 siquidem
1539 2833 1586 2872 in
1613 2833 1679 2873 eis
1711 2845 1804 2873 001-

177 2903 303 2943 nitur
330 2903 522 2944 desueta
559 2903 788 2955 quaedam
822 2905 1040 2953 mutatio,
1069 2905 1256 2956 pietatis
1284 2904 1509 2955 accretio‚
1542 2903 1808 2944 devotionis

178 2974 348 3014 auctio.
380 2974 556 3015 Videas
592 2986 752 3015 omnes
786 2987 883 3015 rem
913 2987 1098 3016 sacram
1133 2977 1408 3027 provolutos
1442 2976 1660 3027 genibus,
1692 2976 1810 3016 fusis
