<?xml version="1.0" encoding="UTF-8"?>
<!DOCTYPE html PUBLIC "-//W3C//DTD XHTML 1.0 Transitional//EN"
    "http://www.w3.org/TR/xhtml1/DTD/xhtml1-transitional.dtd">
<html xmlns="http://www.w3.org/1999/xhtml" xml:lang="en" lang="en">
 <head>
  <title>
</title>
<meta http-equiv="Content-Type" content="text/html;charset=utf-8" />
  <meta name='ocr-system' content='tesseract 3.04.00' />
  <meta name='ocr-capabilities' content='ocr_page ocr_carea ocr_par ocr_line ocrx_word'/>
</head>
<body>
  <div class='ocr_page' id='page_1' title='image "./litteraequadrime13lain_0431.png"; bbox 0 0 2074 3179; ppageno 0'>
   <div class='ocr_carea' id='block_1_1' title="bbox 943 155 1857 194">
    <p class='ocr_par' dir='ltr' id='par_1_1' title="bbox 943 155 1857 194">
     <span class='ocr_line' id='line_1_1' title="bbox 943 155 1857 194; baseline -0.003 0"><span class='ocrx_word' id='word_1_1' title='bbox 943 158 1026 194; x_wconf 73' lang='lat' dir='ltr'>AN.</span> <span class='ocrx_word' id='word_1_2' title='bbox 1058 157 1145 194; x_wconf 72' lang='lat'>1551</span> <span class='ocrx_word' id='word_1_3' title='bbox 1787 155 1857 191; x_wconf 70' lang='lat'>427</span> 
     </span>
    </p>
   </div>
   <div class='ocr_carea' id='block_1_2' title="bbox 229 252 1896 2715">
    <p class='ocr_par' dir='ltr' id='par_1_2' title="bbox 229 252 1878 1581">
     <span class='ocr_line' id='line_1_2' title="bbox 229 252 1861 306; baseline -0.004 -10"><span class='ocrx_word' id='word_1_4' title='bbox 229 257 291 297; x_wconf 90' lang='lat' dir='ltr'>tis</span> <span class='ocrx_word' id='word_1_5' title='bbox 309 255 629 306; x_wconf 80' lang='lat' dir='ltr'>magnitudine</span> <span class='ocrx_word' id='word_1_6' title='bbox 649 266 818 306; x_wconf 86' lang='lat' dir='ltr'>passus</span> <span class='ocrx_word' id='word_1_7' title='bbox 838 254 992 304; x_wconf 88' lang='lat' dir='ltr'>fuerit,</span> <span class='ocrx_word' id='word_1_8' title='bbox 1017 265 1121 293; x_wconf 91' lang='lat' dir='ltr'>cum</span> <span class='ocrx_word' id='word_1_9' title='bbox 1147 253 1244 305; x_wconf 89' lang='lat' dir='ltr'>jam</span> <span class='ocrx_word' id='word_1_10' title='bbox 1279 253 1409 293; x_wconf 82' lang='lat' dir='ltr'>vobis</span> <span class='ocrx_word' id='word_1_11' title='bbox 1436 258 1596 292; x_wconf 92' lang='lat' dir='ltr'>notum</span> <span class='ocrx_word' id='word_1_12' title='bbox 1624 252 1784 302; x_wconf 87' lang='lat' dir='ltr'>suerit,</span> <span class='ocrx_word' id='word_1_13' title='bbox 1819 259 1861 290; x_wconf 91' lang='lat' dir='ltr'>et</span> 
     </span>
     <span class='ocr_line' id='line_1_3' title="bbox 231 323 1864 377; baseline -0.004 -10"><span class='ocrx_word' id='word_1_14' title='bbox 231 327 474 377; x_wconf 91' lang='lat' dir='ltr'>Isidorum,</span> <span class='ocrx_word' id='word_1_15' title='bbox 502 326 695 365; x_wconf 87' lang='lat' dir='ltr'>fratrem</span> <span class='ocrx_word' id='word_1_16' title='bbox 724 326 769 365; x_wconf 93' lang='lat' dir='ltr'>in</span> <span class='ocrx_word' id='word_1_17' title='bbox 799 324 986 365; x_wconf 88' lang='lat' dir='ltr'>Christo</span> <span class='ocrx_word' id='word_1_18' title='bbox 1009 325 1144 364; x_wconf 91' lang='lat' dir='ltr'>nobis</span> <span class='ocrx_word' id='word_1_19' title='bbox 1178 323 1520 374; x_wconf 88' lang='lat' dir='ltr'>charissimum,</span> <span class='ocrx_word' id='word_1_20' title='bbox 1556 334 1661 362; x_wconf 93' lang='lat' dir='ltr'>cum</span> <span class='ocrx_word' id='word_1_21' title='bbox 1692 332 1864 371; x_wconf 86' lang='lat' dir='ltr'>magna</span> 
     </span>
     <span class='ocr_line' id='line_1_4' title="bbox 232 393 1865 443; baseline -0.004 -5"><span class='ocrx_word' id='word_1_22' title='bbox 232 397 374 438; x_wconf 90' lang='lat' dir='ltr'>animi</span> <span class='ocrx_word' id='word_1_23' title='bbox 399 397 667 437; x_wconf 86' lang='lat' dir='ltr'>fortitudine</span> <span class='ocrx_word' id='word_1_24' title='bbox 696 403 739 436; x_wconf 90' lang='lat' dir='ltr'>et</span> <span class='ocrx_word' id='word_1_25' title='bbox 766 397 971 436; x_wconf 90' lang='lat' dir='ltr'>omnium</span> <span class='ocrx_word' id='word_1_26' title='bbox 1006 395 1326 436; x_wconf 90' lang='lat' dir='ltr'>aedificatione</span> <span class='ocrx_word' id='word_1_27' title='bbox 1359 397 1384 443; x_wconf 87' lang='lat'>¹,</span> <span class='ocrx_word' id='word_1_28' title='bbox 1409 394 1468 434; x_wconf 90' lang='lat' dir='ltr'>ad</span> <span class='ocrx_word' id='word_1_29' title='bbox 1501 393 1754 434; x_wconf 90' lang='lat' dir='ltr'>Dominum</span> <span class='ocrx_word' id='word_1_30' title='bbox 1787 393 1865 432; x_wconf 90' lang='lat' dir='ltr'>mi-</span> 
     </span>
     <span class='ocr_line' id='line_1_5' title="bbox 233 463 1867 520; baseline -0.004 -11"><span class='ocrx_word' id='word_1_31' title='bbox 233 480 413 520; x_wconf 78' lang='lat' dir='ltr'><strong>grasse.</strong></span> <span class='ocrx_word' id='word_1_32' title='bbox 438 467 555 508; x_wconf 92' lang='lat' dir='ltr'>Cum</span> <span class='ocrx_word' id='word_1_33' title='bbox 575 468 731 519; x_wconf 88' lang='lat' dir='ltr'>itaque</span> <span class='ocrx_word' id='word_1_34' title='bbox 753 468 799 507; x_wconf 92' lang='lat' dir='ltr'>in</span> <span class='ocrx_word' id='word_1_35' title='bbox 829 467 1043 508; x_wconf 84' lang='lat' dir='ltr'>Africam</span> <span class='ocrx_word' id='word_1_36' title='bbox 1070 466 1363 518; x_wconf 82' lang='lat' dir='ltr'>pervenisset</span> <span class='ocrx_word' id='word_1_37' title='bbox 1392 464 1441 505; x_wconf 82' lang='lat' dir='ltr'>P.</span> <span class='ocrx_word' id='word_1_38' title='bbox 1472 464 1673 514; x_wconf 83' lang='lat' dir='ltr'>Natalis,</span> <span class='ocrx_word' id='word_1_39' title='bbox 1708 463 1867 503; x_wconf 90' lang='lat' dir='ltr'>statim</span> 
     </span>
     <span class='ocr_line' id='line_1_6' title="bbox 233 534 1867 590; baseline -0.004 -11"><span class='ocrx_word' id='word_1_40' title='bbox 233 540 387 590; x_wconf 88' lang='lat' dir='ltr'>coepit</span> <span class='ocrx_word' id='word_1_41' title='bbox 415 539 625 590; x_wconf 89' lang='lat' dir='ltr'>cogitare</span> <span class='ocrx_word' id='word_1_42' title='bbox 653 539 759 589; x_wconf 87' lang='lat' dir='ltr'>quid</span> <span class='ocrx_word' id='word_1_43' title='bbox 789 544 971 590; x_wconf 84' lang='lat' dir='ltr'>ageret,</span> <span class='ocrx_word' id='word_1_44' title='bbox 1002 538 1219 589; x_wconf 85' lang='lat' dir='ltr'>quamvis</span> <span class='ocrx_word' id='word_1_45' title='bbox 1241 536 1527 587; x_wconf 91' lang='lat' dir='ltr'>defatigatus</span> <span class='ocrx_word' id='word_1_46' title='bbox 1554 541 1599 575; x_wconf 91' lang='lat' dir='ltr'>et</span> <span class='ocrx_word' id='word_1_47' title='bbox 1627 534 1765 585; x_wconf 84' lang='lat' dir='ltr'>gravi</span> <span class='ocrx_word' id='word_1_48' title='bbox 1792 534 1867 573; x_wconf 90' lang='lat' dir='ltr'>illa</span> 
     </span>
     <span class='ocr_line' id='line_1_7' title="bbox 236 604 1866 661; baseline -0.004 -11"><span class='ocrx_word' id='word_1_49' title='bbox 236 610 541 661; x_wconf 84' lang='lat' dir='ltr'>navigatione</span> <span class='ocrx_word' id='word_1_50' title='bbox 563 610 768 661; x_wconf 89' lang='lat' dir='ltr'>agitatus</span> <span class='ocrx_word' id='word_1_51' title='bbox 790 615 926 659; x_wconf 73' lang='lat' dir='ltr'>esset,</span> <span class='ocrx_word' id='word_1_52' title='bbox 946 608 1180 648; x_wconf 83' lang='lat' dir='ltr'>orationes</span> <span class='ocrx_word' id='word_1_53' title='bbox 1197 608 1339 658; x_wconf 90' lang='lat' dir='ltr'>igitur</span> <span class='ocrx_word' id='word_1_54' title='bbox 1356 606 1605 658; x_wconf 74' lang='lat' dir='ltr'>persuasit,</span> <span class='ocrx_word' id='word_1_55' title='bbox 1625 605 1793 645; x_wconf 85' lang='lat' dir='ltr'>milites</span> <span class='ocrx_word' id='word_1_56' title='bbox 1811 604 1866 643; x_wconf 90' lang='lat' dir='ltr'>ad</span> 
     </span>
     <span class='ocr_line' id='line_1_8' title="bbox 237 675 1867 733; baseline -0.004 -13"><span class='ocrx_word' id='word_1_57' title='bbox 237 681 569 733; x_wconf 82' lang='lat' dir='ltr'>poenitentiam</span> <span class='ocrx_word' id='word_1_58' title='bbox 592 681 867 720; x_wconf 75' lang='lat' dir='ltr'>adhortatus</span> <span class='ocrx_word' id='word_1_59' title='bbox 889 685 972 728; x_wconf 90' lang='lat' dir='ltr'>est,</span> <span class='ocrx_word' id='word_1_60' title='bbox 997 691 1082 719; x_wconf 90' lang='lat' dir='ltr'>nec</span> <span class='ocrx_word' id='word_1_61' title='bbox 1105 679 1194 718; x_wconf 88' lang='lat' dir='ltr'>illis</span> <span class='ocrx_word' id='word_1_62' title='bbox 1216 678 1369 718; x_wconf 92' lang='lat' dir='ltr'>adhuc</span> <span class='ocrx_word' id='word_1_63' title='bbox 1393 681 1546 717; x_wconf 91' lang='lat' dir='ltr'>cessat</span> <span class='ocrx_word' id='word_1_64' title='bbox 1577 675 1867 727; x_wconf 88' lang='lat' dir='ltr'>praedicare,</span> 
     </span>
     <span class='ocr_line' id='line_1_9' title="bbox 237 744 1871 793; baseline -0.006 -1"><span class='ocrx_word' id='word_1_65' title='bbox 237 764 331 793; x_wconf 93' lang='lat' dir='ltr'>non</span> <span class='ocrx_word' id='word_1_66' title='bbox 361 752 460 792; x_wconf 91' lang='lat' dir='ltr'>sine</span> <span class='ocrx_word' id='word_1_67' title='bbox 493 753 743 792; x_wconf 90' lang='lat' dir='ltr'>multarum</span> <span class='ocrx_word' id='word_1_68' title='bbox 773 751 1036 790; x_wconf 86' lang='lat' dir='ltr'>animarum</span> <span class='ocrx_word' id='word_1_69' title='bbox 1064 751 1213 789; x_wconf 89' lang='lat' dir='ltr'>salute</span> <span class='ocrx_word' id='word_1_70' title='bbox 1245 755 1289 788; x_wconf 94' lang='lat' dir='ltr'>et</span> <span class='ocrx_word' id='word_1_71' title='bbox 1318 747 1656 788; x_wconf 87' lang='lat' dir='ltr'>aedificatione.</span> <span class='ocrx_word' id='word_1_72' title='bbox 1695 744 1871 785; x_wconf 84' lang='lat' dir='ltr'>Summi</span> 
     </span>
     <span class='ocr_line' id='line_1_10' title="bbox 243 816 1873 874; baseline -0.006 -10"><span class='ocrx_word' id='word_1_73' title='bbox 243 824 376 864; x_wconf 91' lang='lat' dir='ltr'>ducis</span> <span class='ocrx_word' id='word_1_74' title='bbox 397 829 442 863; x_wconf 91' lang='lat' dir='ltr'>et</span> <span class='ocrx_word' id='word_1_75' title='bbox 463 823 686 863; x_wconf 87' lang='lat' dir='ltr'>nobilium</span> <span class='ocrx_word' id='word_1_76' title='bbox 706 823 1010 874; x_wconf 87' lang='lat' dir='ltr'>plurimorum</span> <span class='ocrx_word' id='word_1_77' title='bbox 1032 820 1350 861; x_wconf 90' lang='lat' dir='ltr'>confessiones</span> <span class='ocrx_word' id='word_1_78' title='bbox 1372 818 1551 858; x_wconf 89' lang='lat' dir='ltr'>audivit</span> <span class='ocrx_word' id='word_1_79' title='bbox 1639 817 1786 856; x_wconf 80' lang='lat' dir='ltr'>Erant</span> <span class='ocrx_word' id='word_1_80' title='bbox 1813 816 1873 855; x_wconf 90' lang='lat' dir='ltr'>ibi</span> 
     </span>
     <span class='ocr_line' id='line_1_11' title="bbox 240 891 1872 945; baseline -0.005 -11"><span class='ocrx_word' id='word_1_81' title='bbox 240 902 337 934; x_wconf 84' lang='lat' dir='ltr'>tum</span> <span class='ocrx_word' id='word_1_82' title='bbox 359 895 532 945; x_wconf 77' lang='lat' dir='ltr'>aliquot</span> <span class='ocrx_word' id='word_1_83' title='bbox 553 893 776 944; x_wconf 77' lang='lat' dir='ltr'>religiosi,</span> <span class='ocrx_word' id='word_1_84' title='bbox 802 893 879 944; x_wconf 88' lang='lat' dir='ltr'>qui</span> <span class='ocrx_word' id='word_1_85' title='bbox 900 893 1000 932; x_wconf 92' lang='lat' dir='ltr'>sine</span> <span class='ocrx_word' id='word_1_86' title='bbox 1021 892 1245 932; x_wconf 72' lang='lat' dir='ltr'>facultate</span> <span class='ocrx_word' id='word_1_87' title='bbox 1266 891 1584 942; x_wconf 90' lang='lat' dir='ltr'>praelatorum</span> <span class='ocrx_word' id='word_1_88' title='bbox 1605 899 1796 928; x_wconf 85' lang='lat' dir='ltr'>suorum</span> <span class='ocrx_word' id='word_1_89' title='bbox 1818 899 1872 926; x_wconf 87' lang='lat' dir='ltr'>eo</span> 
     </span>
     <span class='ocr_line' id='line_1_12' title="bbox 239 958 1873 1013; baseline -0.005 -8"><span class='ocrx_word' id='word_1_90' title='bbox 239 965 592 1013; x_wconf 75' lang='lat' dir='ltr'>contenderant,</span> <span class='ocrx_word' id='word_1_91' title='bbox 618 971 661 1004; x_wconf 93' lang='lat' dir='ltr'>et</span> <span class='ocrx_word' id='word_1_92' title='bbox 683 964 788 1004; x_wconf 87' lang='lat' dir='ltr'>inde</span> <span class='ocrx_word' id='word_1_93' title='bbox 811 964 969 1003; x_wconf 89' lang='lat' dir='ltr'>statim</span> <span class='ocrx_word' id='word_1_94' title='bbox 990 962 1168 1003; x_wconf 89' lang='lat' dir='ltr'>dimissi</span> <span class='ocrx_word' id='word_1_95' title='bbox 1188 967 1317 1012; x_wconf 89' lang='lat' dir='ltr'>sunt,</span> <span class='ocrx_word' id='word_1_96' title='bbox 1349 967 1397 1001; x_wconf 95' lang='lat' dir='ltr'>ut</span> <span class='ocrx_word' id='word_1_97' title='bbox 1427 961 1485 1000; x_wconf 92' lang='lat' dir='ltr'>ad</span> <span class='ocrx_word' id='word_1_98' title='bbox 1514 971 1650 1000; x_wconf 91' lang='lat' dir='ltr'>suum</span> <span class='ocrx_word' id='word_1_99' title='bbox 1681 958 1873 1009; x_wconf 88' lang='lat' dir='ltr'>quisque</span> 
     </span>
     <span class='ocr_line' id='line_1_13' title="bbox 239 1029 1874 1084; baseline -0.006 -8"><span class='ocrx_word' id='word_1_100' title='bbox 239 1036 576 1076; x_wconf 88' lang='lat' dir='ltr'>monasterium</span> <span class='ocrx_word' id='word_1_101' title='bbox 607 1040 937 1075; x_wconf 73' lang='lat' dir='ltr'>reverteretur.</span> <span class='ocrx_word' id='word_1_102' title='bbox 970 1033 1228 1084; x_wconf 87' lang='lat' dir='ltr'>Apostatas</span> <span class='ocrx_word' id='word_1_103' title='bbox 1253 1044 1382 1082; x_wconf 88' lang='lat' dir='ltr'>vero,</span> <span class='ocrx_word' id='word_1_104' title='bbox 1417 1043 1523 1071; x_wconf 92' lang='lat' dir='ltr'>cum</span> <span class='ocrx_word' id='word_1_105' title='bbox 1553 1031 1724 1070; x_wconf 92' lang='lat' dir='ltr'>multos</span> <span class='ocrx_word' id='word_1_106' title='bbox 1755 1029 1874 1068; x_wconf 87' lang='lat' dir='ltr'>inter</span> 
     </span>
     <span class='ocr_line' id='line_1_14' title="bbox 240 1101 1873 1157; baseline -0.004 -11"><span class='ocrx_word' id='word_1_107' title='bbox 240 1107 409 1146; x_wconf 84' lang='lat' dir='ltr'>milites</span> <span class='ocrx_word' id='word_1_108' title='bbox 430 1106 685 1146; x_wconf 80' lang='lat' dir='ltr'>invenisset</span> <span class='ocrx_word' id='word_1_109' title='bbox 707 1106 799 1157; x_wconf 90' lang='lat' dir='ltr'>qui,</span> <span class='ocrx_word' id='word_1_110' title='bbox 823 1106 1038 1156; x_wconf 88' lang='lat' dir='ltr'>neglecta</span> <span class='ocrx_word' id='word_1_111' title='bbox 1064 1104 1313 1155; x_wconf 81' lang='lat' dir='ltr'>religione,</span> <span class='ocrx_word' id='word_1_112' title='bbox 1344 1102 1625 1150; x_wconf 80' lang='lat' dir='ltr'>militabant,</span> <span class='ocrx_word' id='word_1_113' title='bbox 1655 1101 1719 1140; x_wconf 89' lang='lat' dir='ltr'>ita</span> <span class='ocrx_word' id='word_1_114' title='bbox 1751 1111 1873 1140; x_wconf 92' lang='lat' dir='ltr'>com-</span> 
     </span>
     <span class='ocr_line' id='line_1_15' title="bbox 241 1170 1876 1228; baseline -0.004 -11"><span class='ocrx_word' id='word_1_115' title='bbox 241 1178 407 1228; x_wconf 88' lang='lat' dir='ltr'>movit,</span> <span class='ocrx_word' id='word_1_116' title='bbox 431 1184 480 1217; x_wconf 89' lang='lat' dir='ltr'>ut</span> <span class='ocrx_word' id='word_1_117' title='bbox 502 1177 625 1228; x_wconf 86' lang='lat' dir='ltr'>quod</span> <span class='ocrx_word' id='word_1_118' title='bbox 646 1176 875 1227; x_wconf 80' lang='lat' dir='ltr'>fecerant,</span> <span class='ocrx_word' id='word_1_119' title='bbox 899 1176 1201 1216; x_wconf 85' lang='lat' dir='ltr'>vehementer</span> <span class='ocrx_word' id='word_1_120' title='bbox 1222 1186 1302 1214; x_wconf 89' lang='lat' dir='ltr'>eos</span> <span class='ocrx_word' id='word_1_121' title='bbox 1326 1174 1607 1225; x_wconf 88' lang='lat' dir='ltr'>poeniteret,</span> <span class='ocrx_word' id='word_1_122' title='bbox 1637 1183 1754 1223; x_wconf 89' lang='lat' dir='ltr'>quos</span> <span class='ocrx_word' id='word_1_123' title='bbox 1780 1170 1876 1223; x_wconf 88' lang='lat' dir='ltr'>jam</span> 
     </span>
     <span class='ocr_line' id='line_1_16' title="bbox 242 1241 1878 1296; baseline -0.004 -8"><span class='ocrx_word' id='word_1_124' title='bbox 242 1249 397 1289; x_wconf 84' lang='lat' dir='ltr'>animo</span> <span class='ocrx_word' id='word_1_125' title='bbox 426 1248 653 1288; x_wconf 89' lang='lat' dir='ltr'>contritos</span> <span class='ocrx_word' id='word_1_126' title='bbox 683 1248 789 1287; x_wconf 88' lang='lat' dir='ltr'>inde</span> <span class='ocrx_word' id='word_1_127' title='bbox 812 1247 997 1287; x_wconf 78' lang='lat' dir='ltr'>curavit</span> <span class='ocrx_word' id='word_1_128' title='bbox 1018 1245 1331 1296; x_wconf 87' lang='lat' dir='ltr'>dimittendos,</span> <span class='ocrx_word' id='word_1_129' title='bbox 1356 1251 1404 1285; x_wconf 93' lang='lat' dir='ltr'>ut</span> <span class='ocrx_word' id='word_1_130' title='bbox 1426 1256 1567 1296; x_wconf 90' lang='lat' dir='ltr'>quam</span> <span class='ocrx_word' id='word_1_131' title='bbox 1587 1244 1787 1294; x_wconf 92' lang='lat' dir='ltr'>primum</span> <span class='ocrx_word' id='word_1_132' title='bbox 1819 1241 1878 1282; x_wconf 88' lang='lat' dir='ltr'>ad</span> 
     </span>
     <span class='ocr_line' id='line_1_17' title="bbox 245 1313 1878 1371; baseline -0.004 -12"><span class='ocrx_word' id='word_1_133' title='bbox 245 1331 355 1359; x_wconf 89' lang='lat' dir='ltr'>suos</span> <span class='ocrx_word' id='word_1_134' title='bbox 376 1318 586 1371; x_wconf 86' lang='lat' dir='ltr'>profecti,</span> <span class='ocrx_word' id='word_1_135' title='bbox 611 1318 698 1358; x_wconf 88' lang='lat' dir='ltr'>sibi</span> <span class='ocrx_word' id='word_1_136' title='bbox 721 1319 779 1358; x_wconf 90' lang='lat' dir='ltr'>ad</span> <span class='ocrx_word' id='word_1_137' title='bbox 807 1325 1048 1358; x_wconf 79' lang='lat' dir='ltr'>aeternam</span> <span class='ocrx_word' id='word_1_138' title='bbox 1075 1318 1273 1357; x_wconf 91' lang='lat' dir='ltr'>salutem</span> <span class='ocrx_word' id='word_1_139' title='bbox 1301 1317 1614 1356; x_wconf 78' lang='lat' dir='ltr'>consulerent.</span> <span class='ocrx_word' id='word_1_140' title='bbox 1647 1313 1752 1353; x_wconf 89' lang='lat' dir='ltr'>Non</span> <span class='ocrx_word' id='word_1_141' title='bbox 1782 1324 1878 1352; x_wconf 92' lang='lat' dir='ltr'>ces-</span> 
     </span>
     <span class='ocr_line' id='line_1_18' title="bbox 244 1383 1878 1441; baseline -0.004 -11"><span class='ocrx_word' id='word_1_142' title='bbox 244 1390 366 1431; x_wconf 78' lang='lat' dir='ltr'>savit</span> <span class='ocrx_word' id='word_1_143' title='bbox 393 1395 638 1441; x_wconf 87' lang='lat' dir='ltr'>praeterea</span> <span class='ocrx_word' id='word_1_144' title='bbox 667 1389 815 1428; x_wconf 91' lang='lat' dir='ltr'>donec</span> <span class='ocrx_word' id='word_1_145' title='bbox 851 1387 863 1406; x_wconf 82' lang='lat'><strong>⁵</strong></span> <span class='ocrx_word' id='word_1_146' title='bbox 892 1388 1121 1439; x_wconf 89' lang='lat' dir='ltr'>hospitale</span> <span class='ocrx_word' id='word_1_147' title='bbox 1148 1400 1232 1439; x_wconf 89' lang='lat' dir='ltr'>pro</span> <span class='ocrx_word' id='word_1_148' title='bbox 1262 1387 1458 1427; x_wconf 90' lang='lat' dir='ltr'>infirmis</span> <span class='ocrx_word' id='word_1_149' title='bbox 1485 1386 1766 1436; x_wconf 82' lang='lat' dir='ltr'>erigeretur,</span> <span class='ocrx_word' id='word_1_150' title='bbox 1798 1383 1878 1424; x_wconf 91' lang='lat' dir='ltr'>ubi</span> 
     </span>
     <span class='ocr_line' id='line_1_19' title="bbox 244 1456 1878 1512; baseline -0.004 -11"><span class='ocrx_word' id='word_1_151' title='bbox 244 1461 464 1512; x_wconf 89' lang='lat' dir='ltr'>quotidie,</span> <span class='ocrx_word' id='word_1_152' title='bbox 488 1466 537 1500; x_wconf 88' lang='lat' dir='ltr'>ut</span> <span class='ocrx_word' id='word_1_153' title='bbox 558 1466 626 1500; x_wconf 91' lang='lat' dir='ltr'>est</span> <span class='ocrx_word' id='word_1_154' title='bbox 649 1460 878 1499; x_wconf 85' lang='lat' dir='ltr'>charitate</span> <span class='ocrx_word' id='word_1_155' title='bbox 900 1460 1079 1510; x_wconf 88' lang='lat' dir='ltr'>plenus,</span> <span class='ocrx_word' id='word_1_156' title='bbox 1111 1458 1365 1498; x_wconf 89' lang='lat' dir='ltr'>humillime</span> <span class='ocrx_word' id='word_1_157' title='bbox 1394 1457 1553 1497; x_wconf 84' lang='lat' dir='ltr'>servit.</span> <span class='ocrx_word' id='word_1_158' title='bbox 1586 1456 1699 1507; x_wconf 84' lang='lat' dir='ltr'>Quis</span> <span class='ocrx_word' id='word_1_159' title='bbox 1727 1462 1878 1495; x_wconf 89' lang='lat' dir='ltr'>autem</span> 
     </span>
     <span class='ocr_line' id='line_1_20' title="bbox 249 1528 1296 1581; baseline -0.003 -10"><span class='ocrx_word' id='word_1_160' title='bbox 249 1543 353 1572; x_wconf 92' lang='lat' dir='ltr'>eum</span> <span class='ocrx_word' id='word_1_161' title='bbox 374 1543 468 1571; x_wconf 91' lang='lat' dir='ltr'>non</span> <span class='ocrx_word' id='word_1_162' title='bbox 490 1532 633 1571; x_wconf 75' lang='lat' dir='ltr'>amet?</span> <span class='ocrx_word' id='word_1_163' title='bbox 654 1530 802 1581; x_wconf 84' lang='lat' dir='ltr'>Quem</span> <span class='ocrx_word' id='word_1_164' title='bbox 825 1530 922 1581; x_wconf 90' lang='lat' dir='ltr'>ipse</span> <span class='ocrx_word' id='word_1_165' title='bbox 943 1541 1037 1569; x_wconf 90' lang='lat' dir='ltr'>non</span> <span class='ocrx_word' id='word_1_166' title='bbox 1058 1528 1296 1569; x_wconf 80' lang='lat' dir='ltr'>aedificat?</span> 
     </span>
    </p>

    <p class='ocr_par' dir='ltr' id='par_1_3' title="bbox 246 1597 1884 1866">
     <span class='ocr_line' id='line_1_21' title="bbox 327 1597 1882 1652; baseline -0.005 -10"><span class='ocrx_word' id='word_1_167' title='bbox 327 1602 592 1642; x_wconf 86' lang='lat' dir='ltr'>Diaconum</span> <span class='ocrx_word' id='word_1_168' title='bbox 612 1613 726 1641; x_wconf 82' lang='lat' dir='ltr'>vero</span> <span class='ocrx_word' id='word_1_169' title='bbox 749 1600 996 1652; x_wconf 84' lang='lat' dir='ltr'>quemdam</span> <span class='ocrx_word' id='word_1_170' title='bbox 1016 1600 1141 1651; x_wconf 92' lang='lat' dir='ltr'>apud</span> <span class='ocrx_word' id='word_1_171' title='bbox 1162 1611 1211 1639; x_wconf 91' lang='lat' dir='ltr'>se</span> <span class='ocrx_word' id='word_1_172' title='bbox 1233 1598 1430 1639; x_wconf 89' lang='lat' dir='ltr'>detinuit</span> <span class='ocrx_word' id='word_1_173' title='bbox 1453 1597 1591 1649; x_wconf 85' lang='lat' dir='ltr'>(quod</span> <span class='ocrx_word' id='word_1_174' title='bbox 1619 1598 1683 1636; x_wconf 92' lang='lat' dir='ltr'>ita</span> <span class='ocrx_word' id='word_1_175' title='bbox 1716 1608 1882 1636; x_wconf 87' lang='lat' dir='ltr'>conve-</span> 
     </span>
     <span class='ocr_line' id='line_1_22' title="bbox 246 1667 1883 1724; baseline -0.004 -11"><span class='ocrx_word' id='word_1_176' title='bbox 246 1674 349 1713; x_wconf 91' lang='lat' dir='ltr'>nire</span> <span class='ocrx_word' id='word_1_177' title='bbox 366 1672 607 1724; x_wconf 85' lang='lat' dir='ltr'>judicavit)</span> <span class='ocrx_word' id='word_1_178' title='bbox 630 1671 760 1723; x_wconf 88' lang='lat' dir='ltr'>cujus</span> <span class='ocrx_word' id='word_1_179' title='bbox 782 1683 924 1723; x_wconf 89' lang='lat' dir='ltr'>opera</span> <span class='ocrx_word' id='word_1_180' title='bbox 945 1683 1039 1711; x_wconf 93' lang='lat' dir='ltr'>non</span> <span class='ocrx_word' id='word_1_181' title='bbox 1055 1670 1353 1711; x_wconf 90' lang='lat' dir='ltr'>mediocriter</span> <span class='ocrx_word' id='word_1_182' title='bbox 1369 1668 1632 1720; x_wconf 83' lang='lat' dir='ltr'>adjuvatur.</span> <span class='ocrx_word' id='word_1_183' title='bbox 1652 1667 1755 1718; x_wconf 90' lang='lat' dir='ltr'>Hic,</span> <span class='ocrx_word' id='word_1_184' title='bbox 1777 1678 1883 1707; x_wconf 91' lang='lat' dir='ltr'>cum</span> 
     </span>
     <span class='ocr_line' id='line_1_23' title="bbox 250 1740 1884 1796; baseline -0.004 -12"><span class='ocrx_word' id='word_1_185' title='bbox 250 1750 467 1796; x_wconf 85' lang='lat' dir='ltr'>apostata</span> <span class='ocrx_word' id='word_1_186' title='bbox 489 1750 625 1794; x_wconf 90' lang='lat' dir='ltr'>esset,</span> <span class='ocrx_word' id='word_1_187' title='bbox 645 1749 827 1783; x_wconf 91' lang='lat' dir='ltr'>tantum</span> <span class='ocrx_word' id='word_1_188' title='bbox 843 1742 1040 1794; x_wconf 88' lang='lat' dir='ltr'>profecit</span> <span class='ocrx_word' id='word_1_189' title='bbox 1060 1741 1454 1782; x_wconf 87' lang='lat' dir='ltr'>admonitionibus</span> <span class='ocrx_word' id='word_1_190' title='bbox 1470 1740 1640 1789; x_wconf 88' lang='lat' dir='ltr'>Patris,</span> <span class='ocrx_word' id='word_1_191' title='bbox 1660 1744 1884 1790; x_wconf 88' lang='lat' dir='ltr'>quantum</span> 
     </span>
     <span class='ocr_line' id='line_1_24' title="bbox 249 1812 1327 1866; baseline -0.003 -11"><span class='ocrx_word' id='word_1_192' title='bbox 249 1815 491 1855; x_wconf 89' lang='lat' dir='ltr'>daemonis</span> <span class='ocrx_word' id='word_1_193' title='bbox 512 1815 813 1866; x_wconf 80' lang='lat' dir='ltr'>suggestione</span> <span class='ocrx_word' id='word_1_194' title='bbox 836 1827 863 1854; x_wconf 89' lang='lat' dir='ltr'>a</span> <span class='ocrx_word' id='word_1_195' title='bbox 884 1814 1055 1864; x_wconf 89' lang='lat' dir='ltr'>pietate</span> <span class='ocrx_word' id='word_1_196' title='bbox 1077 1812 1327 1853; x_wconf 82' lang='lat' dir='ltr'>defecerat.</span> 
     </span>
    </p>

    <p class='ocr_par' dir='ltr' id='par_1_4' title="bbox 252 1882 1896 2715">
     <span class='ocr_line' id='line_1_25' title="bbox 331 1882 1888 1937; baseline -0.004 -11"><span class='ocrx_word' id='word_1_197' title='bbox 331 1885 508 1937; x_wconf 89' lang='lat' dir='ltr'>Itaque,</span> <span class='ocrx_word' id='word_1_198' title='bbox 533 1885 605 1925; x_wconf 90' lang='lat' dir='ltr'>his</span> <span class='ocrx_word' id='word_1_199' title='bbox 641 1885 816 1934; x_wconf 90' lang='lat' dir='ltr'>diebus,</span> <span class='ocrx_word' id='word_1_200' title='bbox 847 1897 952 1924; x_wconf 91' lang='lat' dir='ltr'>cum</span> <span class='ocrx_word' id='word_1_201' title='bbox 982 1884 1171 1936; x_wconf 89' lang='lat' dir='ltr'>quidam</span> <span class='ocrx_word' id='word_1_202' title='bbox 1203 1895 1261 1923; x_wconf 83' lang='lat' dir='ltr'>ex</span> <span class='ocrx_word' id='word_1_203' title='bbox 1288 1883 1470 1933; x_wconf 87' lang='lat' dir='ltr'>Africa,</span> <span class='ocrx_word' id='word_1_204' title='bbox 1501 1883 1579 1922; x_wconf 91' lang='lat' dir='ltr'>ubi</span> <span class='ocrx_word' id='word_1_205' title='bbox 1605 1882 1888 1933; x_wconf 87' lang='lat' dir='ltr'>gravissime</span> 
     </span>
     <span class='ocr_line' id='line_1_26' title="bbox 252 1952 1887 2008; baseline -0.003 -11"><span class='ocrx_word' id='word_1_206' title='bbox 252 1962 601 2008; x_wconf 77' lang='lat' dir='ltr'>aegrotaverat,</span> <span class='ocrx_word' id='word_1_207' title='bbox 624 1956 891 1996; x_wconf 85' lang='lat' dir='ltr'>Messanam</span> <span class='ocrx_word' id='word_1_208' title='bbox 913 1955 972 1995; x_wconf 89' lang='lat' dir='ltr'>ad</span> <span class='ocrx_word' id='word_1_209' title='bbox 993 1967 1103 1995; x_wconf 91' lang='grc'><strong>51105</strong></span> <span class='ocrx_word' id='word_1_210' title='bbox 1124 1955 1346 2005; x_wconf 77' lang='lat' dir='ltr'>venisset,</span> <span class='ocrx_word' id='word_1_211' title='bbox 1370 1955 1526 1994; x_wconf 91' lang='lat' dir='ltr'>retulit</span> <span class='ocrx_word' id='word_1_212' title='bbox 1549 1965 1620 2004; x_wconf 90' lang='lat' dir='ltr'>se,</span> <span class='ocrx_word' id='word_1_213' title='bbox 1645 1952 1887 2003; x_wconf 89' lang='lat' dir='ltr'>diligentia</span> 
     </span>
     <span class='ocr_line' id='line_1_27' title="bbox 255 2023 1888 2078; baseline -0.003 -10"><span class='ocrx_word' id='word_1_214' title='bbox 255 2034 298 2068; x_wconf 91' lang='lat' dir='ltr'>et</span> <span class='ocrx_word' id='word_1_215' title='bbox 320 2028 472 2068; x_wconf 88' lang='lat' dir='ltr'>studio</span> <span class='ocrx_word' id='word_1_216' title='bbox 493 2027 660 2078; x_wconf 86' lang='lat' dir='ltr'>Patris,</span> <span class='ocrx_word' id='word_1_217' title='bbox 685 2027 875 2067; x_wconf 89' lang='lat' dir='ltr'>sanitati</span> <span class='ocrx_word' id='word_1_218' title='bbox 897 2027 1162 2067; x_wconf 91' lang='lat' dir='ltr'>restitutum</span> <span class='ocrx_word' id='word_1_219' title='bbox 1181 2026 1339 2076; x_wconf 89' lang='lat' dir='ltr'>fuisse,</span> <span class='ocrx_word' id='word_1_220' title='bbox 1365 2025 1497 2077; x_wconf 89' lang='lat' dir='ltr'>cujus</span> <span class='ocrx_word' id='word_1_221' title='bbox 1524 2025 1664 2064; x_wconf 91' lang='lat' dir='ltr'>etiam</span> <span class='ocrx_word' id='word_1_222' title='bbox 1691 2023 1888 2063; x_wconf 87' lang='lat' dir='ltr'>auctori·</span> 
     </span>
     <span class='ocr_line' id='line_1_28' title="bbox 255 2095 1889 2148; baseline -0.004 -9"><span class='ocrx_word' id='word_1_223' title='bbox 255 2106 351 2139; x_wconf 85' lang='lat' dir='ltr'>tate</span> <span class='ocrx_word' id='word_1_224' title='bbox 374 2099 653 2148; x_wconf 88' lang='lat' dir='ltr'>obtinuerat,</span> <span class='ocrx_word' id='word_1_225' title='bbox 677 2104 727 2138; x_wconf 92' lang='lat' dir='ltr'>ut</span> <span class='ocrx_word' id='word_1_226' title='bbox 748 2098 807 2138; x_wconf 90' lang='lat' dir='ltr'>ad</span> <span class='ocrx_word' id='word_1_227' title='bbox 828 2109 940 2137; x_wconf 90' lang='lat' dir='ltr'>suos</span> <span class='ocrx_word' id='word_1_228' title='bbox 961 2097 1150 2137; x_wconf 88' lang='lat' dir='ltr'>rediret.</span> <span class='ocrx_word' id='word_1_229' title='bbox 1176 2096 1302 2147; x_wconf 86' lang='lat' dir='ltr'>Quas</span> <span class='ocrx_word' id='word_1_230' title='bbox 1324 2107 1437 2136; x_wconf 83' lang='lat' dir='ltr'>vero</span> <span class='ocrx_word' id='word_1_231' title='bbox 1455 2095 1724 2135; x_wconf 90' lang='lat' dir='ltr'>inimicitias</span> <span class='ocrx_word' id='word_1_232' title='bbox 1740 2095 1889 2134; x_wconf 84' lang='lat' dir='ltr'>solve-</span> 
     </span>
     <span class='ocr_line' id='line_1_29' title="bbox 257 2165 1888 2222; baseline -0.004 -12"><span class='ocrx_word' id='word_1_233' title='bbox 257 2171 329 2221; x_wconf 88' lang='lat' dir='ltr'>rit,</span> <span class='ocrx_word' id='word_1_234' title='bbox 355 2182 470 2222; x_wconf 87' lang='lat' dir='ltr'>quos</span> <span class='ocrx_word' id='word_1_235' title='bbox 491 2170 537 2209; x_wconf 89' lang='lat' dir='ltr'>in</span> <span class='ocrx_word' id='word_1_236' title='bbox 558 2169 763 2220; x_wconf 91' lang='lat' dir='ltr'>gratiam</span> <span class='ocrx_word' id='word_1_237' title='bbox 782 2168 1051 2219; x_wconf 89' lang='lat' dir='ltr'>restituerit,</span> <span class='ocrx_word' id='word_1_238' title='bbox 1075 2180 1170 2208; x_wconf 91' lang='lat' dir='ltr'>non</span> <span class='ocrx_word' id='word_1_239' title='bbox 1190 2167 1359 2218; x_wconf 86' lang='lat' dir='ltr'>scribo;</span> <span class='ocrx_word' id='word_1_240' title='bbox 1383 2167 1515 2207; x_wconf 92' lang='lat' dir='ltr'>multi</span> <span class='ocrx_word' id='word_1_241' title='bbox 1535 2166 1658 2206; x_wconf 92' lang='lat' dir='ltr'>enim</span> <span class='ocrx_word' id='word_1_242' title='bbox 1687 2165 1888 2214; x_wconf 88' lang='lat' dir='ltr'>fuerunt,</span> 
     </span>
     <span class='ocr_line' id='line_1_30' title="bbox 257 2237 1889 2293; baseline -0.003 -12"><span class='ocrx_word' id='word_1_243' title='bbox 257 2242 335 2293; x_wconf 81' lang='lat' dir='ltr'>qui</span> <span class='ocrx_word' id='word_1_244' title='bbox 356 2253 463 2281; x_wconf 90' lang='lat' dir='ltr'>cum</span> <span class='ocrx_word' id='word_1_245' title='bbox 484 2247 620 2280; x_wconf 90' lang='lat' dir='ltr'>antea</span> <span class='ocrx_word' id='word_1_246' title='bbox 642 2240 761 2280; x_wconf 91' lang='lat' dir='ltr'>inter</span> <span class='ocrx_word' id='word_1_247' title='bbox 783 2251 832 2279; x_wconf 87' lang='lat' dir='ltr'>se</span> <span class='ocrx_word' id='word_1_248' title='bbox 854 2239 958 2279; x_wconf 91' lang='lat' dir='ltr'>odio</span> <span class='ocrx_word' id='word_1_249' title='bbox 980 2239 1250 2290; x_wconf 89' lang='lat' dir='ltr'>flagrarent,</span> <span class='ocrx_word' id='word_1_250' title='bbox 1276 2250 1399 2278; x_wconf 89' lang='lat' dir='ltr'>nunc</span> <span class='ocrx_word' id='word_1_251' title='bbox 1422 2238 1559 2278; x_wconf 93' lang='lat' dir='ltr'>simul</span> <span class='ocrx_word' id='word_1_252' title='bbox 1580 2237 1729 2277; x_wconf 91' lang='lat' dir='ltr'>amice</span> <span class='ocrx_word' id='word_1_253' title='bbox 1751 2242 1795 2276; x_wconf 91' lang='lat' dir='ltr'>et</span> <span class='ocrx_word' id='word_1_254' title='bbox 1816 2237 1889 2276; x_wconf 91' lang='lat' dir='ltr'>be-</span> 
     </span>
     <span class='ocr_line' id='line_1_31' title="bbox 258 2307 1891 2361; baseline -0.003 -9"><span class='ocrx_word' id='word_1_255' title='bbox 258 2313 427 2353; x_wconf 81' lang='lat' dir='ltr'>nevole</span> <span class='ocrx_word' id='word_1_256' title='bbox 448 2312 628 2352; x_wconf 85' lang='lat' dir='ltr'>vivunt.</span> <span class='ocrx_word' id='word_1_257' title='bbox 651 2311 778 2350; x_wconf 90' lang='lat' dir='ltr'>Idem</span> <span class='ocrx_word' id='word_1_258' title='bbox 799 2310 938 2350; x_wconf 87' lang='lat' dir='ltr'>Pater</span> <span class='ocrx_word' id='word_1_259' title='bbox 958 2321 1081 2350; x_wconf 91' lang='lat' dir='ltr'>nunc</span> <span class='ocrx_word' id='word_1_260' title='bbox 1103 2321 1295 2361; x_wconf 88' lang='lat' dir='ltr'>operam</span> <span class='ocrx_word' id='word_1_261' title='bbox 1318 2309 1411 2359; x_wconf 91' lang='lat' dir='ltr'>dat,</span> <span class='ocrx_word' id='word_1_262' title='bbox 1436 2314 1485 2349; x_wconf 92' lang='lat' dir='ltr'>ut</span> <span class='ocrx_word' id='word_1_263' title='bbox 1505 2308 1569 2348; x_wconf 91' lang='lat' dir='ltr'>ibi</span> <span class='ocrx_word' id='word_1_264' title='bbox 1597 2308 1786 2348; x_wconf 90' lang='lat' dir='ltr'>domum</span> <span class='ocrx_word' id='word_1_265' title='bbox 1814 2307 1891 2347; x_wconf 88' lang='lat' dir='ltr'>ha-</span> 
     </span>
     <span class='ocr_line' id='line_1_32' title="bbox 259 2379 1894 2434; baseline -0.004 -10"><span class='ocrx_word' id='word_1_266' title='bbox 259 2385 379 2433; x_wconf 89' lang='lat' dir='ltr'>beat,</span> <span class='ocrx_word' id='word_1_267' title='bbox 406 2383 452 2423; x_wconf 91' lang='lat' dir='ltr'>in</span> <span class='ocrx_word' id='word_1_268' title='bbox 474 2394 565 2434; x_wconf 89' lang='lat' dir='ltr'>qua</span> <span class='ocrx_word' id='word_1_269' title='bbox 582 2382 673 2422; x_wconf 89' lang='lat' dir='ltr'>duo</span> <span class='ocrx_word' id='word_1_270' title='bbox 693 2393 751 2422; x_wconf 82' lang='lat' dir='ltr'>ex</span> <span class='ocrx_word' id='word_1_271' title='bbox 766 2387 927 2421; x_wconf 89' lang='lat' dir='ltr'>nostra</span> <span class='ocrx_word' id='word_1_272' title='bbox 945 2380 1177 2421; x_wconf 84' lang='lat' dir='ltr'>Societate</span> <span class='ocrx_word' id='word_1_273' title='bbox 1193 2380 1373 2432; x_wconf 91' lang='lat' dir='ltr'>possint</span> <span class='ocrx_word' id='word_1_274' title='bbox 1390 2380 1618 2431; x_wconf 72' lang='lat' dir='ltr'>habitare,</span> <span class='ocrx_word' id='word_1_275' title='bbox 1638 2379 1715 2419; x_wconf 92' lang='lat' dir='ltr'>ubi</span> <span class='ocrx_word' id='word_1_276' title='bbox 1733 2379 1894 2419; x_wconf 92' lang='lat' dir='ltr'>deesse</span> 
     </span>
     <span class='ocr_line' id='line_1_33' title="bbox 260 2450 1893 2506; baseline -0.003 -12"><span class='ocrx_word' id='word_1_277' title='bbox 260 2453 447 2506; x_wconf 86' lang='lat' dir='ltr'>quidem</span> <span class='ocrx_word' id='word_1_278' title='bbox 468 2453 557 2493; x_wconf 91' lang='lat' dir='ltr'>illis</span> <span class='ocrx_word' id='word_1_279' title='bbox 578 2465 672 2493; x_wconf 92' lang='lat' dir='ltr'>non</span> <span class='ocrx_word' id='word_1_280' title='bbox 693 2458 926 2503; x_wconf 89' lang='lat' dir='ltr'>poterunt,</span> <span class='ocrx_word' id='word_1_281' title='bbox 951 2452 997 2491; x_wconf 91' lang='lat' dir='ltr'>in</span> <span class='ocrx_word' id='word_1_282' title='bbox 1019 2451 1187 2503; x_wconf 89' lang='lat' dir='ltr'>quibus</span> <span class='ocrx_word' id='word_1_283' title='bbox 1204 2450 1262 2490; x_wconf 91' lang='lat' dir='ltr'>ad</span> <span class='ocrx_word' id='word_1_284' title='bbox 1279 2451 1368 2491; x_wconf 90' lang='lat' dir='ltr'>Dei</span> <span class='ocrx_word' id='word_1_285' title='bbox 1384 2451 1584 2502; x_wconf 91' lang='lat' dir='ltr'>gloriam</span> <span class='ocrx_word' id='word_1_286' title='bbox 1601 2456 1645 2490; x_wconf 92' lang='lat' dir='ltr'>et</span> <span class='ocrx_word' id='word_1_287' title='bbox 1662 2450 1893 2502; x_wconf 86' lang='lat' dir='ltr'>proximo-</span> 
     </span>
     <span class='ocr_line' id='line_1_34' title="bbox 260 2521 1894 2575; baseline -0.004 -9"><span class='ocrx_word' id='word_1_288' title='bbox 260 2537 364 2566; x_wconf 89' lang='lat' dir='ltr'>rum</span> <span class='ocrx_word' id='word_1_289' title='bbox 386 2526 584 2565; x_wconf 89' lang='lat' dir='ltr'>salutem</span> <span class='ocrx_word' id='word_1_290' title='bbox 606 2535 654 2564; x_wconf 88' lang='lat' dir='ltr'>se</span> <span class='ocrx_word' id='word_1_291' title='bbox 675 2528 941 2574; x_wconf 80' lang='lat' dir='ltr'>exerceant3</span> <span class='ocrx_word' id='word_1_292' title='bbox 964 2534 1114 2575; x_wconf 90' lang='lat' dir='ltr'>neque</span> <span class='ocrx_word' id='word_1_293' title='bbox 1135 2523 1182 2562; x_wconf 92' lang='lat' dir='ltr'>id</span> <span class='ocrx_word' id='word_1_294' title='bbox 1204 2528 1365 2574; x_wconf 89' lang='lat' dir='ltr'>ageret</span> <span class='ocrx_word' id='word_1_295' title='bbox 1383 2522 1421 2562; x_wconf 88' lang='lat' dir='ltr'>si</span> <span class='ocrx_word' id='word_1_296' title='bbox 1441 2522 1555 2562; x_wconf 89' lang='lat' dir='ltr'>nihil</span> <span class='ocrx_word' id='word_1_297' title='bbox 1571 2521 1784 2561; x_wconf 89' lang='lat' dir='ltr'>utilitatis</span> <span class='ocrx_word' id='word_1_298' title='bbox 1803 2521 1894 2561; x_wconf 84' lang='lat' dir='ltr'>fru-</span> 
     </span>
     <span class='ocr_line' id='line_1_35' title="bbox 262 2592 1894 2648; baseline -0.002 -12"><span class='ocrx_word' id='word_1_299' title='bbox 262 2603 456 2648; x_wconf 89' lang='lat' dir='ltr'>ctusque</span> <span class='ocrx_word' id='word_1_300' title='bbox 478 2600 765 2646; x_wconf 81' lang='lat' dir='ltr'>expectaret.</span> <span class='ocrx_word' id='word_1_301' title='bbox 791 2594 918 2645; x_wconf 84' lang='lat' dir='ltr'>Quos</span> <span class='ocrx_word' id='word_1_302' title='bbox 945 2594 1129 2633; x_wconf 89' lang='lat' dir='ltr'>labores</span> <span class='ocrx_word' id='word_1_303' title='bbox 1158 2594 1205 2633; x_wconf 90' lang='lat' dir='ltr'>in</span> <span class='ocrx_word' id='word_1_304' title='bbox 1233 2592 1476 2633; x_wconf 87' lang='lat' dir='ltr'>audiendis</span> <span class='ocrx_word' id='word_1_305' title='bbox 1504 2593 1894 2642; x_wconf 85' lang='lat' dir='ltr'>confessionibus,</span> 
     </span>
     <span class='ocr_line' id='line_1_36' title="bbox 262 2662 1896 2715; baseline -0.003 -8"><span class='ocrx_word' id='word_1_306' title='bbox 262 2668 309 2707; x_wconf 90' lang='lat' dir='ltr'>in</span> <span class='ocrx_word' id='word_1_307' title='bbox 331 2665 711 2707; x_wconf 86' lang='lat' dir='ltr'>administrandis</span> <span class='ocrx_word' id='word_1_308' title='bbox 732 2665 1060 2714; x_wconf 87' lang='lat' dir='ltr'>sacramentis,</span> <span class='ocrx_word' id='word_1_309' title='bbox 1089 2665 1137 2704; x_wconf 92' lang='lat' dir='ltr'>in</span> <span class='ocrx_word' id='word_1_310' title='bbox 1162 2664 1440 2715; x_wconf 89' lang='lat' dir='ltr'>sepeliendis</span> <span class='ocrx_word' id='word_1_311' title='bbox 1468 2663 1684 2712; x_wconf 90' lang='lat' dir='ltr'>mortuis,</span> <span class='ocrx_word' id='word_1_312' title='bbox 1716 2669 1760 2703; x_wconf 93' lang='lat' dir='ltr'>et</span> <span class='ocrx_word' id='word_1_313' title='bbox 1794 2662 1896 2702; x_wconf 90' lang='lat' dir='ltr'>aliis</span> 
     </span>
    </p>
   </div>
   <div class='ocr_carea' id='block_1_3' title="bbox 271 2822 1898 2907">
    <p class='ocr_par' dir='ltr' id='par_1_5' title="bbox 271 2822 1898 2907">
     <span class='ocr_line' id='line_1_37' title="bbox 319 2822 1898 2859; baseline -0.003 -6"><span class='ocrx_word' id='word_1_314' title='bbox 319 2827 328 2846; x_wconf 87' lang='lat'>¹</span> <span class='ocrx_word' id='word_1_315' title='bbox 367 2825 484 2853; x_wconf 87' lang='lat' dir='ltr'>Verba</span> <span class='ocrx_word' id='word_1_316' title='bbox 498 2826 593 2852; x_wconf 85' lang='lat' dir='ltr'>haec:</span> <span class='ocrx_word' id='word_1_317' title='bbox 611 2832 688 2852; x_wconf 80' lang='lat' dir='ltr'>cunt</span> <span class='ocrx_word' id='word_1_318' title='bbox 706 2832 835 2858; x_wconf 83' lang='lat' dir='ltr'>magna</span> <span class='ocrx_word' id='word_1_319' title='bbox 852 2823 1192 2859; x_wconf 79' lang='lat' dir='ltr'>animifortz’tudine</span> <span class='ocrx_word' id='word_1_320' title='bbox 1207 2825 1238 2850; x_wconf 80' lang='lat' dir='ltr'>et</span> <span class='ocrx_word' id='word_1_321' title='bbox 1255 2823 1412 2850; x_wconf 81' lang='lat' dir='ltr'>omnium</span> <span class='ocrx_word' id='word_1_322' title='bbox 1427 2823 1673 2859; x_wconf 77' lang='lat' dir='ltr'>aedzficatione</span> <span class='ocrx_word' id='word_1_323' title='bbox 1684 2822 1802 2850; x_wconf 83' lang='lat' dir='ltr'>addita</span> <span class='ocrx_word' id='word_1_324' title='bbox 1820 2826 1898 2849; x_wconf 79' lang='lat' dir='ltr'>sunt</span> 
     </span>
     <span class='ocr_line' id='line_1_38' title="bbox 271 2873 656 2907; baseline -0.005 -7"><span class='ocrx_word' id='word_1_325' title='bbox 271 2874 304 2900; x_wconf 87' lang='lat' dir='ltr'>in</span> <span class='ocrx_word' id='word_1_326' title='bbox 321 2873 519 2907; x_wconf 87' lang='lat' dir='ltr'>apographo</span> <span class='ocrx_word' id='word_1_327' title='bbox 538 2873 656 2907; x_wconf 89' lang='lat' dir='ltr'>primo.</span> 
     </span>
    </p>
   </div>
   <div class='ocr_carea' id='block_1_4' title="bbox 318 2917 1754 3002">
    <p class='ocr_par' dir='ltr' id='par_1_6' title="bbox 318 2917 1754 3002">
     <span class='ocr_line' id='line_1_39' title="bbox 318 2917 1754 2952; baseline -0.003 -4"><span class='ocrx_word' id='word_1_328' title='bbox 318 2921 331 2940; x_wconf 69' lang='lat'>2¹</span> <span class='ocrx_word' id='word_1_329' title='bbox 370 2920 462 2948; x_wconf 85' lang='lat' dir='ltr'>Haec</span> <span class='ocrx_word' id='word_1_330' title='bbox 479 2921 584 2947; x_wconf 86' lang='lat' dir='ltr'>etiam</span> <span class='ocrx_word' id='word_1_331' title='bbox 598 2927 617 2946; x_wconf 86' lang='lat' dir='ltr'>a</span> <span class='ocrx_word' id='word_1_332' title='bbox 634 2919 774 2946; x_wconf 83' lang='lat' dir='ltr'>Summi</span> <span class='ocrx_word' id='word_1_333' title='bbox 789 2919 898 2946; x_wconf 83' lang='lat' dir='ltr'>Ducis</span> <span class='ocrx_word' id='word_1_334' title='bbox 913 2919 955 2946; x_wconf 88' lang='lat' dir='ltr'>ad</span> <span class='ocrx_word' id='word_1_335' title='bbox 972 2918 1112 2946; x_wconf 76' lang='lat' dir='ltr'>audivit</span> <span class='ocrx_word' id='word_1_336' title='bbox 1129 2918 1245 2945; x_wconf 84' lang='lat' dir='ltr'>addita</span> <span class='ocrx_word' id='word_1_337' title='bbox 1261 2918 1353 2945; x_wconf 85' lang='lat' dir='ltr'>fuere</span> <span class='ocrx_word' id='word_1_338' title='bbox 1370 2918 1402 2944; x_wconf 87' lang='lat' dir='ltr'>in</span> <span class='ocrx_word' id='word_1_339' title='bbox 1417 2918 1525 2952; x_wconf 84' lang='lat' dir='ltr'>primo</span> <span class='ocrx_word' id='word_1_340' title='bbox 1541 2917 1754 2952; x_wconf 83' lang='lat' dir='ltr'>apographo.</span> 
     </span>
     <span class='ocr_line' id='line_1_40' title="bbox 321 2967 954 3002; baseline -0.003 -7"><span class='ocrx_word' id='word_1_341' title='bbox 321 2967 334 2987; x_wconf 76' lang='lat'>⁵</span> <span class='ocrx_word' id='word_1_342' title='bbox 374 2968 639 3002; x_wconf 85' lang='lat' dir='ltr'>Autographum</span> <span class='ocrx_word' id='word_1_343' title='bbox 651 2967 755 2994; x_wconf 87' lang='lat' dir='ltr'>habet</span> <span class='ocrx_word' id='word_1_344' title='bbox 772 2967 954 3001; x_wconf 75' lang='lat' dir='ltr'>quamdin.</span> 
     </span>
    </p>
   </div>
  </div>
 </body>
</html>
