2074 3179
297 129 373 168 688
815 127 1046 165 Ll'rTERAE
1072 138 1430 171 QUADRIMESTRES

1023 581 1212 636 CLVI

371 792 420 830 P.
443 792 702 831 Everardus
721 793 1026 831 Mercurianus

425 858 548 896 Patri
565 858 738 906 Ignatio
758 858 811 896 de
830 858 1016 906 Loyola.

467 925 674 971 Perusio,
695 924 742 962 25
760 924 877 971 Junii
898 924 990 962 1552
1009 926 1034 963 ¹.

1108 1065 1135 1110 ψ

380 1207 548 1249 Gratia
581 1214 626 1248 et
662 1220 758 1260 pax
796 1208 987 1248 Domini
1027 1207 1188 1248 Nostri
1234 1208 1345 1260 Jesu
1391 1207 1566 1248 Christi
1610 1208 1939 1260 multiplicetur

301 1292 484 1332 semper
507 1280 554 1320 in
576 1280 795 1320 cordibus
815 1279 1006 1320 nostris.

380 1351 650 1392 Statueram
672 1352 877 1403 omninO,
901 1351 949 1392 P.
973 1351 1151 1402 Rev.de‚
1174 1351 1304 1403 prius
1326 1351 1384 1391 ad
1405 1363 1491 1391 vos
1512 1364 1605 1391 non
1626 1351 1806 1391 litteras
1827 1351 1939 1391 dare

300 1434 443 1475 quarn
464 1424 601 1464 istinc
623 1423 986 1475 accepissemus,
1010 1423 1214 1464 maxime
1234 1422 1441 1463 nondum
1467 1428 1645 1463 mutato
1675 1434 1832 1463 rerum
1859 1434 1935 1462 no—

298 1502 506 1536 strarum
535 1501 673 1536 statu.
703 1495 907 1545 Verum,
932 1501 1119 1547 praeter
1147 1494 1438 1535 obedientiae
1467 1495 1640 1545 calcar,
1670 1494 1869 1535 accessit
1898 1501 1940 1534 et

298 1567 393 1607 hoc
419 1579 617 1619 vespere
646 1567 764 1607 duos
794 1567 923 1607 cives
957 1567 1213 1607 honoratos
1242 1565 1379 1618 hujus
1411 1565 1616 1606 civitatis
1647 1565 1818 1606 adiisse
1839 1577 1939 1611 nos.

298 1639 502 1690 primum
530 1644 809 1679 enarrantes
836 1649 926 1689 quo
956 1643 1095 1689 pacto
1122 1637 1243 1677 inter
1272 1636 1408 1688 hujus
1439 1637 1554 1688 reip.
1583 1642 1942 1677 conservatores

297 1716 483 1750 constet
505 1711 872 1761 conclusumque
889 1709 949 1749 sit
964 1715 1014 1749 ut
1033 1708 1233 1749 Romam
1249 1708 1309 1748 ad
1328 1707 1462 1748 Pont.
1487 1706 1795 1748 Sanctitatem
1817 1709 1939 1759 lega-

299 1788 400 1822 tum
420 1781 671 1833 quemdam
688 1780 874 1820 mittant
894 1780 1045 1831 adque
1070 1779 1368 1820 Cardinalem
1389 1778 1686 1830 Perusinum,
1711 1791 1804 1819 non
1825 1785 1935 1827 tam,

297 1852 585 1904 inquiebant,
605 1858 762 1892 vestra
780 1863 921 1903 quam
937 1857 1101 1891 nostra
1119 1862 1277 1901 causa3
1296 1857 1345 1890 ut
1362 1850 1583 1891 nimirum
1599 1850 1721 1890 idem
1739 1849 1939 1890 Sanctis-

352 2002 360 2020 ¹
402 2001 654 2036 Autographae
671 2001 809 2028 litterae
821 2000 937 2028 Patris
951 1999 1123 2028 Everardi
1139 2003 1216 2027 sunt
1234 1999 1266 2026 in
1281 2000 1360 2027 solio
1375 1999 1484 2033 unico,
1497 2007 1528 2026 n.
1541 1998 1672 2026 23.—Ut
1684 2002 1778 2026 recte
1791 2006 1830 2025 ea
1843 1999 1940 2026 intel-

295 2050 464 2084 ligantur,
481 2057 567 2084 quae
584 2048 623 2076 de
641 2048 793 2084 Collegio
808 2048 984 2080 Perusino.
1001 2055 1087 2075 nunc
1103 2048 1273 2079 inchoato,
1288 2047 1321 2074 in
1342 2047 1382 2074 iis
1407 2050 1439 2074 et
1463 2047 1709 2081 posterioribus
1724 2046 1850 2074 litteris
1867 2053 1941 2073 nar-

296 2101 434 2130 rantur,
451 2101 586 2132 oportet
602 2097 636 2124 in
650 2096 849 2124 memoriam
863 2104 1031 2124 revocare
1047 2103 1133 2131 quae
1149 2096 1189 2123 de
1204 2096 1244 2122 iis
1259 2095 1363 2122 initiis
1378 2095 1531 2122 breviter
1552 2094 1682 2129 colligit
1706 2094 1874 2121 Polancus
1888 2094 1942 2121 his

303 2146 428 2173 verbis:
445 2145 577 2172 “Prima
594 2145 726 2172 colonia
741 2145 805 2172 hoc
821 2152 908 2172 anno
924 2144 1017 2177 (1552)
1033 2144 1175 2171 deducta
1193 2151 1233 2170 ex
1246 2144 1344 2170 domo
1359 2150 1398 2170 ac
1414 2142 1567 2177 Collegio
1583 2141 1736 2169 Romano
1752 2141 1941 2176 Collegium

299 2193 363 2220 fuit
378 2192 591 2220 Perusinum.
608 2192 676 2219 Res
691 2200 766 2219 cum
782 2191 958 2219 Cardinali
977 2191 1100 2219 Fulvio
1116 2191 1265 2225 Corneo,
1286 2191 1377 2218 dicto
1393 2190 1573 2224 Perusino,
1589 2190 1683 2224 prius
1698 2193 1852 2217 tractata
1873 2189 1942 2216 sue-

304 2244 371 2270 rat.
386 2241 441 2275 qui
464 2241 506 2268 ad
522 2241 644 2268 nobilis
659 2240 750 2267 illius
766 2240 859 2267 urbis
874 2247 913 2267 ac
928 2240 1063 2274 patriae
1085 2247 1166 2267 suae
1191 2239 1370 2274 spirituale
1392 2238 1556 2266 auxilium
1579 2238 1665 2272 erigi
1687 2237 1870 2265 Societatis
1885 2245 1940 2264 no-

303 2292 399 2315 strae
414 2288 447 2315 in
464 2295 503 2314 ea
520 2287 710 2322 Collegium
723 2288 901 2321 cupiebat,
919 2291 952 2314 et
968 2295 1043 2314 cum
1059 2287 1276 2322 episcopatus
1291 2284 1441 2321 ejusdem
1455 2286 1549 2313 urbis
1565 2286 1673 2313 eidem
1687 2285 1941 2313 commendatus

300 2341 400 2369 esset,
417 2336 523 2363 etiam
539 2335 602 2363 hoc
618 2336 751 2362 nomine
767 2335 954 2363 subsidium
968 2335 1031 2362 hoc
1047 2334 1189 2369 Collegii
1204 2334 1447 2361 meditabatur.
1464 2333 1562 2360 Prius
1578 2338 1692 2360 tamen
1714 2340 1813 2367 quam
1834 2334 1941 2360 nostri

300 2392 341 2410 ex
358 2383 452 2411 Urbe
468 2384 700 2418 mitterentur,
717 2391 790 2411 cum
803 2383 1066 2418 magistratibus
1082 2387 1115 2410 et
1130 2382 1207 2410 aliis
1221 2382 1381 2417 privatis,
1397 2382 1452 2416 qui
1470 2381 1554 2408 clari
1569 2382 1603 2409 in
1617 2389 1657 2408 ea
1673 2381 1816 2408 civitate
1831 2386 1940 2411 erant.

301 2438 358 2458 res
376 2432 631 2459 communicata
646 2431 770 2465 fuerat,
787 2436 820 2459 et
836 2432 947 2459 locum
963 2430 1115 2465 Collegio
1130 2430 1408 2464 designaverant.
1429 2429 1484 2463 qui
1506 2433 1618 2456 tamen
1638 2432 1753 2456 certus
1774 2436 1837 2455 non
1854 2433 1940 2458 erat.

300 2479 361 2506 sed
377 2479 499 2506 haberi
513 2486 612 2513 posse
629 2479 728 2506 facile
745 2479 808 2506 sibi
824 2478 1091 2513 persuadebant.
1107 2477 1190 2505 Cum
1212 2478 1327 2512 itaque
1348 2477 1477 2511 partim
1493 2476 1646 2504 civitatis
1666 2483 1706 2503 ac
1727 2476 1852 2503 civium
1869 2476 1943 2502 sub«

301 2527 483 2560 ventione,
500 2527 628 2561 partim
642 2527 711 2554 suis
727 2527 885 2561 expensis
901 2525 1095 2554 Cardinalis
1118 2525 1303 2553 Perusinus
1325 2524 1512 2559 Collegium
1533 2524 1596 2551 hoc
1618 2523 1740 2552 instrui
1761 2527 1793 2550 et
1814 2526 1942 2550 susten-

300 2574 371 2602 tari
399 2582 499 2610 posse
524 2575 756 2602 existimasset
767 2596 774 2608 ,
800 2574 915 2601 decem
940 2578 998 2601 aut
1024 2573 1201 2601 duodecim
1227 2581 1266 2600 ex
1291 2571 1435 2607 nostris,
1457 2575 1602 2606 accepta
1626 2570 1753 2599 Summi
1769 2570 1942 2598 Pontificis

303 2622 557 2659 benedictione,
573 2622 671 2655 Junio
686 2629 800 2650 mense
816 2629 858 2649 ex
873 2621 964 2649 Urbe
981 2621 1109 2649 dimissi
1124 2625 1214 2648 sunt.

349 2669 503 2697 ”Rector
516 2670 656 2705 primus,
672 2677 693 2698 a
708 2670 744 2697 P.
762 2669 897 2705 Ignatio
914 2670 1044 2697 electus
1057 2675 1094 2696 ut
1110 2669 1187 2696 huic
1202 2676 1291 2696 novo
1310 2667 1463 2702 Collegio
1480 2670 1674 2702 praeesset,
1690 2666 1726 2693 P.
1743 2665 1942 2693 Everardus

300 2715 537 2745 Mercurianus
552 2717 631 2753 fuit,
647 2721 724 2752 post
740 2718 864 2745 multos
880 2725 987 2745 annos
1005 2716 1227 2752 Praepositus
1243 2715 1422 2743 Generalis
1438 2714 1620 2743 Societatis
1636 2714 1794 2747 effectus,
1813 2712 1868 2748 qui
1882 2713 1942 2740 ini-

300 2764 347 2790 tio
364 2764 466 2799 hujus
482 2765 561 2792 anni
582 2764 741 2799 Parisiis,
766 2769 802 2792 ut
827 2765 983 2799 superius
1007 2764 1136 2792 dictum
1160 2767 1228 2798 est,
1254 2763 1394 2790 Romam
1420 2767 1576 2790 venerat.
1601 2761 1792 2796 Adjunctus
1817 2764 1868 2788 est
1894 2760 1941 2789 illi

302 2812 474 2845 sacerdos,
491 2812 528 2839 P.
544 2812 692 2845 Joannes
707 2812 829 2847 Niger,
846 2813 983 2840 natione
998 2813 1128 2847 gallus,
1154 2811 1282 2839 Romae
1307 2811 1340 2839 in
1365 2809 1575 2838 Societatem
1595 2809 1779 2842 admissus3
1806 2812 1839 2835 et
1864 2809 1942 2842 quia

302 2859 441 2886 scholae
458 2860 500 2886 ad
517 2860 766 2888 institutionem
787 2860 980 2894 juventutis
1003 2863 1116 2887 essent
1140 2859 1356 2894 aperiendae,
1380 2852 1623 2892 praeceptores
1647 2857 1751 2884 futuri
1772 2855 1940 2890 designati

304 2905 452 2939 suerunt,
470 2906 561 2933 inter
576 2915 659 2941 quos
675 2907 806 2941 primas
822 2908 931 2935 tenuit
946 2906 1144 2934 Edmundus
1158 2906 1339 2940 Augerius,
1356 2905 1566 2939 adolescens,
1582 2905 1638 2940 qui
1654 2903 1891 2938 annojubilaei
1909 2903 1940 2931 in

303 2952 516 2980 Societatem
533 2953 661 2982 Romae
678 2955 790 2982 suerat
807 2955 1005 2989 admissus.„
1023 2954 1157 2983 chron..
1172 2958 1195 2981 t.
1212 2962 1245 2988 11,
1260 2961 1338 2988 pag.
1354 2953 1416 2987 431,
1432 2960 1486 2979 nn.
1502 2952 1539 2979 32
1552 2958 1585 2981 et
1599 2953 1644 2980 33.
