2074 3179
868 166 949 202 AN.
981 165 1071 202 1540
1720 167 1787 204 165

157 264 232 314 pio
260 263 412 314 quella
440 268 602 313 gente,
631 273 713 313 per
749 262 944 313 impedis
971 262 1015 301 la
1048 261 1387 312 predicatione,
1422 262 1639 302 tiravano
1669 263 1786 303 delle

155 334 303 384 pietre
325 333 413 373 alle
432 338 565 384 porte
585 332 705 372 della
727 333 898 372 chiesa.
924 332 1000 372 Ma
1019 332 1188 372 stando
1209 332 1239 371 il
1255 331 1407 372 Padre
1429 333 1630 372 tuttavia
1652 333 1782 373 saldo

154 411 201 444 et
223 403 537 444 continuando
559 416 587 444 a
606 404 851 455 predicare
873 415 955 454 per
983 408 1079 443 otto
1108 402 1283 453 giorni,
1314 414 1408 442 non
1438 404 1537 443 solo
1573 403 1783 444 andarno

156 475 262 515 tutti
289 475 557 525 volentieri,
593 486 669 515 ma
695 475 736 514 le
772 475 900 525 genti
932 473 1250 514 circunvicine
1279 473 1325 513 vi
1363 485 1640 524 eorrevano,
1675 486 1775 514 sen-

156 545 295 586 tendo
317 557 404 586 con
425 545 661 585 divotione
683 550 727 585 et
745 545 1001 585 attentione
1020 543 1355 595 grandissima.

235 616 445 656 Essendo
482 628 676 656 oeeorso
713 621 1112 656 ammazzamento
1147 615 1194 655 di
1226 615 1306 666 pisi
1340 614 1387 654 di
1425 614 1476 654 45
1508 626 1722 666 persone,
1760 628 1784 655 e

156 687 286 727 molti
306 687 431 727 feriti
450 693 524 727 tra
545 687 632 727 due
653 687 852 733 fattioni,
878 687 907 726 il
929 685 1103 737 Capit.⁰
1124 685 1166 726 d’
1191 697 1285 725 una
1306 684 1352 725 di
1373 696 1475 725 esse
1496 686 1576 737 piu
1596 691 1783 737 potente

155 758 193 797 si
216 758 422 808 humilia,
446 758 665 798 dimanda
687 758 732 798 di
755 757 1054 807 confessarsi,
1073 756 1277 796 doventa
1298 757 1677 796 mansuetissimo
1694 768 1784 796 con

155 830 438 880 maraviglia
465 829 744 869 universale.
779 829 841 868 Le
869 829 993 879 parti
1020 829 1059 867 si
1089 839 1204 867 sono
1236 828 1429 867 rimesse
1451 840 1479 867 a
1500 833 1674 879 quanto
1695 827 1782 867 dis-

154 903 296 950 porra
317 900 347 940 il
368 899 469 940 Pre.
494 900 621 940 cirea
642 901 686 939 la
706 906 837 951 paee.

233 969 339 1010 Non
355 971 454 1010 solo
470 972 544 1010 nel
560 971 815 1022 spirituale,
836 983 911 1010 ma
933 982 1051 1010 anco
1073 971 1147 1010 nel
1170 970 1425 1021 temporale
1446 969 1486 1009 si
1507 969 1778 1019 risormano‚

152 1041 280 1081 circa
308 1041 492 1081 l'essere
514 1040 735 1081 ubidienti
763 1042 807 1080 ai
829 1041 1038 1092 prencipi
1059 1047 1103 1081 et
1130 1041 1278 1081 unirsi
1299 1040 1374 1081 nei
1401 1040 1681 1092 parlamenti
1703 1051 1782 1091 pu-

153 1112 294 1152 blichi
316 1118 360 1152 et
381 1112 568 1164 privati.

233 1183 267 1223 Il
288 1183 390 1223 Pre.
414 1187 438 1223 e
458 1188 614 1223 amato
643 1195 666 1223 e
694 1184 887 1223 riverito
915 1183 1308 1223 universalmente
1336 1182 1395 1223 da
1422 1182 1530 1223 laici
1560 1196 1584 1222 e
1606 1183 1779 1232 elerici,

152 1260 197 1294 et
219 1258 243 1294 e
266 1254 496 1294 ricercato
518 1253 576 1294 da
598 1254 705 1294 altri
725 1254 900 1304 luoghi.

238 1325 311 1366 Un
332 1324 576 1365 sacerdote
597 1324 636 1364 si
658 1324 822 1364 dedica
845 1325 935 1364 alla
957 1324 1264 1376 Compagnia.

234 1468 407 1508 Servat
445 1468 598 1508 adhuc
636 1468 922 1519 impressum
959 1467 1007 1506 in
1048 1477 1153 1506 cera
1201 1467 1346 1506 rubra
1385 1466 1629 1517 sagellum,
1659 1468 1784 1518 quod

152 1579 221 1615 est
244 1540 356 1616 HTIS.
