2074 3179
294 129 365 164 484
809 128 1037 165 LITTERAE
1064 139 1424 171 QUADRnffisrREs

292 231 410 275 rent,
435 237 529 265 non
545 225 682 266 modo
710 225 941 265 secundas
969 224 1028 264 ad
1049 237 1122 265 me
1150 226 1329 266 litteras
1356 226 1547 275 dedere,
1573 227 1739 278 quibus
1766 233 1816 267 ut
1843 227 1930 268 iter

292 302 473 336 mature
496 296 735 347 ingrediar
758 296 1046 336 contendunt
1067 296 1285 347 maxime,
1309 297 1392 337 sed
1413 298 1553 337 etiam
1575 297 1633 338 ad
1656 297 1929 338 Pontificem

293 367 567 418 Maximum,
593 368 652 407 ad
680 367 980 407 Cardinalem
1010 367 1276 418 Mapheum,
1309 374 1353 408 et
1382 369 1442 408 ad
1468 368 1517 408 P.
1549 369 1601 409 Τ.
1639 369 1930 420 scripserunt

291 444 341 478 ut
359 438 517 490 jussus
536 427 849 489 Argentinam
866 439 1092 478 amandes
1115 449 1347 490 agamque
1373 440 1766 480 concionatorem.
1794 439 1927 480 Nunc

290 520 346 548 ea
369 514 597 559 concepta
621 514 689 548 est
719 508 1009 559 exspectatio
1030 508 1129 548 fore
1160 515 1214 548 ut'
1236 509 1294 549 ad
1321 510 1587 560 proximam
1615 510 1705 550 illis
1732 509 1926 561 quadra-

288 580 521 631 gesimam
557 579 721 619 adsim.
760 579 902 619 Novit
938 585 1095 619 autem
1124 579 1355 620 Dominus
1386 586 1673 632 quantopere
1705 582 1764 621 sit
1795 593 1924 633 opus,

291 663 398 691 cum
419 651 466 690 in
488 651 592 690 aliis
619 650 903 691 Germaniae
926 651 1124 702 oppidis,
1150 657 1248 691 tum
1275 651 1321 690 in
1342 651 1432 691 hac
1459 652 1839 702 praeclarissima
1869 653 1926 692 ci-

289 723 451 773 vitate,
491 734 624 773 opus,
653 722 859 774 inquam,
890 721 1130 762 fidissimis
1157 722 1245 762 Dei
1274 723 1424 762 servis
1455 728 1499 762 et
1530 723 1771 774 operariis.
1808 723 1927 764 Nam

288 793 552 844 Argentina
570 794 697 833 velut
715 794 964 834 haeresum
986 799 1314 844 sectarumque
1332 794 1564 834 sentinam
1580 795 1783 845 collegit,
1803 801 1926 846 post-

288 876 429 916 quam
463 865 555 905 illic
586 866 714 905 velut
748 865 795 905 in
822 877 932 905 arce
962 871 1220 915 regnarunt
1251 865 1316 904 illi
1341 865 1632 916 pestilentes,
1661 877 1748 905 nec
1776 865 1928 906 minus

287 937 572 987 eloquentes,
598 936 822 987 Bueerus,
848 936 1034 987 Capito,
1065 935 1312 986 Sturmius‚
1337 935 1534 986 Hedion,
1565 936 1832 988 similesque
1852 949 1925 988 pe-

287 1013 396 1047 stes.
418 1006 519 1058 Quo
537 1007 689 1058 magis
706 1006 943 1047 Christum
958 1007 1143 1058 precari
1157 1018 1243 1059 par
1258 1012 1327 1047 est
1344 1012 1393 1047 ut
1411 1007 1471 1047 ad
1487 1018 1689 1047 messem
1707 1007 1835 1047 illam
1851 1009 1927 1048 vel

286 1079 506 1119 meliores
524 1090 665 1131 quam
687 1090 775 1130 ego
797 1090 901 1119 sum
924 1090 978 1118 ac
997 1090 1100 1118 esse
1121 1079 1299 1130 possim
1326 1078 1480 1118 mittat
1502 1079 1758 1130 operarios,
1792 1080 1866 1119 vel
1888 1080 1927 1120 si

286 1150 582 1190 obedientiae
599 1149 675 1202 jus
697 1152 790 1190 tale
811 1149 920 1201 quid
943 1162 969 1189 a
991 1161 1064 1189 me
1086 1151 1302 1201 postulet,
1327 1161 1412 1189 sua
1435 1150 1533 1201 ipse
1554 1150 1726 1201 gratia,
1750 1150 1829 1202 qui
1850 1150 1925 1191 do-

285 1221 438 1262 minus
461 1228 530 1262 est
551 1222 718 1262 messis
735 1253 741 1271 ,
762 1221 976 1273 suppleat
994 1221 1118 1273 quod
1135 1220 1193 1260 ad
1210 1221 1506 1272 provinciam
1522 1232 1626 1261 eam
1642 1221 1729 1261 rite
1752 1221 1903 1262 obeun
1915 1244 1925 1248 -

287 1291 397 1332 dam
418 1293 465 1333 in
487 1304 560 1332 me
582 1292 707 1332 omni
738 1292 925 1344 quidem
946 1304 1005 1332 ex
1034 1298 1167 1344 parte
1195 1291 1501 1332 desideratur.
1532 1291 1688 1344 Atque
1713 1292 1786 1333 his
1812 1304 1926 1333 sane

287 1363 481 1404 Patrum
500 1370 543 1404 et
560 1364 780 1404 Fratrum
794 1376 888 1404 non
908 1363 1150 1404 defuturas
1167 1363 1282 1403 mihi
1297 1375 1462 1415 preces
1480 1370 1605 1415 puto,
1627 1375 1743 1415 quas
1762 1363 1925 1404 arden-

284 1441 356 1475 ter
378 1436 567 1487 quidem
588 1447 844 1487 numquam
864 1447 957 1475 non
989 1441 1170 1486 expeto.
1203 1435 1240 1475 E
1263 1435 1429 1485 quibus
1462 1446 1602 1487 saepe
1629 1435 1694 1475 ita
1721 1436 1926 1487 pendere

281 1507 450 1547 videor
472 1507 585 1547 mihi
602 1513 650 1547 ut
670 1507 849 1547 firmius
872 1507 919 1546 in
940 1506 1079 1546 terris
1099 1505 1385 1557 praesidium
1406 1517 1502 1546 non
1522 1507 1773 1558 requiram.

361 1578 496 1619 Nunc
517 1579 791 1630 priusquam
812 1579 1059 1618 absolvam
1087 1578 1257 1628 omnia,
1288 1577 1476 1618 Christo
1504 1578 1686 1628 gratias
1715 1579 1926 1629 agendas

282 1650 486 1701 primum
508 1649 712 1689 arbitror
733 1649 871 1701 quod,
896 1649 1017 1689 sicut
1039 1649 1085 1688 in
1112 1648 1217 1688 aliis
1241 1648 1487 1688 christiani
1515 1649 1641 1689 orbis
1666 1649 1926 1701 provinciis

283 1721 462 1761 factum
483 1727 569 1771 est,
594 1721 661 1761 sic
682 1721 824 1761 etiam
846 1721 901 1760 de
925 1719 1182 1760 Germania
1204 1725 1368 1759 nostra
1389 1720 1522 1760 brevi
1545 1720 1644 1760 fore
1666 1721 1923 1772 promittat;

282 1793 503 1832 nimirum
524 1800 573 1832 ut
594 1792 740 1832 variis
762 1793 809 1832 in
830 1791 945 1832 locis
966 1797 1207 1831 exstructa
1230 1791 1307 1831 hic
1329 1791 1529 1842 collegia
1556 1791 1824 1844 videamus,
1848 1793 1923 1833 ubi

280 1870 447 1904 contra
484 1863 590 1903 fidei
626 1864 786 1904 hostes
821 1863 1049 1903 invictum
1083 1862 1194 1915 Jesu
1225 1873 1396 1902 nomen
1424 1860 1616 1914 ejusque
1658 1863 1925 1904 sodalitium

278 1936 417 1986 longe
439 1935 628 1987 lateque
648 1935 961 1987 resplendeat.

356 2006 427 2046 De
449 2006 709 2046 Viennensi
733 2006 942 2057 Collegio
964 2005 1121 2045 dicere
1142 2004 1426 2055 supersedeo
1460 2004 1583 2056 quod
1609 2004 1706 2057 jam
1736 2006 1921 2057 optimis

277 2090 460 2130 quoque
481 2077 793 2129 proventibus
814 2077 1026 2118 dotatum
1048 2082 1132 2116 est.
1158 2075 1423 2116 Praecessit
1452 2076 1555 2117 Rex
1584 2076 1917 2118 Romanorum.

273 2149 411 2189 Hunc
433 2149 565 2201 sequi
587 2148 754 2189 ducem
775 2149 940 2189 volunt
962 2149 1202 2189 Electores
1236 2147 1328 2188 duo
1357 2147 1561 2199 imperii,
1594 2148 1919 2201 Archiepisco-

272 2232 359 2272 pus
379 2220 686 2272 Moguntinus
707 2226 751 2260 et
773 2219 1084 2260 Trevirensis.
1108 2219 1355 2259 Accedunt
1377 2219 1484 2259 dein
1505 2219 1596 2259 duo
1620 2219 1845 2261 Germani
1874 2227 1919 2260 et

272 2291 361 2343 ipsi
382 2292 623 2343 Episcopi,
649 2291 1024 2332 Constantiensis
1057 2296 1101 2330 et
1128 2290 1464 2342 Eystettensis‚
1498 2291 1577 2341 qui
1605 2302 1711 2331 cum
1737 2291 1920 2342 regium

273 2364 513 2403 intuentur
534 2364 816 2414 exemplum,
837 2369 881 2402 et
904 2362 999 2402 suis
1021 2368 1323 2414 prospectum
1344 2367 1538 2402 eatenus
1558 2363 1736 2413 Volunt,
1756 2362 1811 2402 de
1828 2364 1918 2403 col-

273 2435 408 2486 legiis
429 2433 680 2475 Societatis
707 2433 1006 2474 instituendis
1035 2439 1243 2473 tractare
1272 2440 1541 2484 coeperunt.
1576 2433 1678 2484 Qua
1707 2433 1762 2474 de
1788 2445 1838 2474 re
1868 2441 1917 2474 ut

270 2511 469 2546 conatus
492 2506 680 2546 illorum
696 2507 784 2546 rite
803 2505 1074 2556 succedant,
1096 2504 1277 2555 illisque
1294 2503 1444 2555 major
1462 2512 1739 2545 exerceatur
1755 2512 1917 2546 nostra

269 2577 496 2628 charitas,
528 2577 607 2617 ubi
633 2578 799 2629 procul
831 2576 971 2616 dubio
1002 2575 1150 2627 major
1182 2587 1285 2615 sese
1307 2574 1445 2615 offert
1475 2575 1753 2627 necessitas,
1787 2576 1915 2617 Chri-

266 2655 392 2689 stum
412 2649 580 2689 merito
602 2649 900 2700 precabimur
925 2654 973 2687 ut
1004 2646 1255 2688 Societatis
1285 2658 1410 2686 nova
1440 2647 1584 2687 veluti
1611 2648 1714 2687 luce
1745 2648 1916 2688 densas

268 2721 408 2772 pellat
434 2720 674 2771 tenebras,
715 2732 834 2771 quae
865 2718 1172 2759 Germaniam
1203 2728 1412 2768 omnem,
1445 2723 1493 2757 ut
1524 2719 1700 2758 nullam
1727 2720 1914 2770 provin-

266 2792 390 2832 ciam
411 2790 720 2831 christianam
743 2790 898 2841 aliam,
925 2790 1256 2830 obscuravere.

346 2862 450 2903 Lux
470 2873 584 2902 vera
608 2861 824 2902 Christus
855 2873 941 2901 nos
973 2859 1194 2912 respiciat
1223 2860 1514 2912 illustretque
1544 2873 1728 2913 semper
1757 2861 1912 2912 gratia

266 2943 369 2974 sua.
392 2933 562 2973 Amen.
