<?xml version="1.0" encoding="UTF-8"?>
<!DOCTYPE html PUBLIC "-//W3C//DTD XHTML 1.0 Transitional//EN"
    "http://www.w3.org/TR/xhtml1/DTD/xhtml1-transitional.dtd">
<html xmlns="http://www.w3.org/1999/xhtml" xml:lang="en" lang="en">
 <head>
  <title>
</title>
<meta http-equiv="Content-Type" content="text/html;charset=utf-8" />
  <meta name='ocr-system' content='tesseract 3.04.00' />
  <meta name='ocr-capabilities' content='ocr_page ocr_carea ocr_par ocr_line ocrx_word'/>
</head>
<body>
  <div class='ocr_page' id='page_1' title='image "./litteraequadrime13lain_0663.png"; bbox 0 0 2074 3179; ppageno 0'>
   <div class='ocr_carea' id='block_1_1' title="bbox 862 160 1779 200">
    <p class='ocr_par' dir='ltr' id='par_1_1' title="bbox 862 160 1779 200">
     <span class='ocr_line' id='line_1_1' title="bbox 862 160 1779 200; baseline 0.002 -2"><span class='ocrx_word' id='word_1_1' title='bbox 862 161 945 198; x_wconf 71' lang='grc' dir='ltr'>ΑΝ.</span> <span class='ocrx_word' id='word_1_2' title='bbox 977 160 1069 198; x_wconf 78' lang='lat'>1552</span> <span class='ocrx_word' id='word_1_3' title='bbox 1707 162 1779 200; x_wconf 76' lang='lat'>059</span> 
     </span>
    </p>
   </div>
   <div class='ocr_carea' id='block_1_2' title="bbox 144 258 1805 2857">
    <p class='ocr_par' dir='ltr' id='par_1_2' title="bbox 144 258 1781 731">
     <span class='ocr_line' id='line_1_2' title="bbox 144 258 1779 310; baseline 0.001 -12"><span class='ocrx_word' id='word_1_4' title='bbox 144 269 270 309; x_wconf 55' lang='lat' dir='ltr'>‘quae</span> <span class='ocrx_word' id='word_1_5' title='bbox 291 264 524 298; x_wconf 77' lang='lat' dir='ltr'><strong>venantur</strong></span> <span class='ocrx_word' id='word_1_6' title='bbox 543 258 725 309; x_wconf 79' lang='lat' dir='ltr'>sedu103</span> <span class='ocrx_word' id='word_1_7' title='bbox 749 259 826 298; x_wconf 89' lang='lat' dir='ltr'>illa</span> <span class='ocrx_word' id='word_1_8' title='bbox 847 264 917 298; x_wconf 90' lang='lat' dir='ltr'>est</span> <span class='ocrx_word' id='word_1_9' title='bbox 937 269 1136 308; x_wconf 89' lang='lat' dir='ltr'>merces,</span> <span class='ocrx_word' id='word_1_10' title='bbox 1166 270 1306 309; x_wconf 90' lang='lat' dir='ltr'>quam</span> <span class='ocrx_word' id='word_1_11' title='bbox 1326 266 1602 310; x_wconf 85' lang='lat' dir='ltr'>exspectant</span> <span class='ocrx_word' id='word_1_12' title='bbox 1622 260 1669 299; x_wconf 94' lang='lat' dir='ltr'>in</span> <span class='ocrx_word' id='word_1_13' title='bbox 1689 260 1779 300; x_wconf 91' lang='lat' dir='ltr'>hoc</span> 
     </span>
     <span class='ocr_line' id='line_1_3' title="bbox 149 329 1778 381; baseline 0.001 -13"><span class='ocrx_word' id='word_1_14' title='bbox 149 329 352 379; x_wconf 59' lang='lat' dir='ltr'>saeculo,</span> <span class='ocrx_word' id='word_1_15' title='bbox 376 340 542 380; x_wconf 83' lang='lat' dir='ltr'><strong>nempe</strong></span> <span class='ocrx_word' id='word_1_16' title='bbox 563 329 682 369; x_wconf 90' lang='lat' dir='ltr'>sicut</span> <span class='ocrx_word' id='word_1_17' title='bbox 704 329 958 380; x_wconf 83' lang='lat' dir='ltr'>Apostolus</span> <span class='ocrx_word' id='word_1_18' title='bbox 979 329 1077 369; x_wconf 92' lang='lat' dir='ltr'>sine</span> <span class='ocrx_word' id='word_1_19' title='bbox 1098 335 1284 380; x_wconf 91' lang='lat' dir='ltr'>sumptu</span> <span class='ocrx_word' id='word_1_20' title='bbox 1305 329 1460 380; x_wconf 83' lang='lat' dir='ltr'>posuit</span> <span class='ocrx_word' id='word_1_21' title='bbox 1479 331 1778 381; x_wconf 90' lang='lat' dir='ltr'>evangelium</span> 
     </span>
     <span class='ocr_line' id='line_1_4' title="bbox 150 399 1779 451; baseline 0.001 -13"><span class='ocrx_word' id='word_1_22' title='bbox 150 400 233 446; x_wconf 60' lang='lat' dir='ltr'>(ita</span> <span class='ocrx_word' id='word_1_23' title='bbox 253 399 376 439; x_wconf 91' lang='lat' dir='ltr'>enim</span> <span class='ocrx_word' id='word_1_24' title='bbox 397 400 638 450; x_wconf 87' lang='lat' dir='ltr'>loquitur),</span> <span class='ocrx_word' id='word_1_25' title='bbox 663 400 726 440; x_wconf 92' lang='lat' dir='ltr'>ita</span> <span class='ocrx_word' id='word_1_26' title='bbox 747 399 833 450; x_wconf 91' lang='lat' dir='ltr'>tui,</span> <span class='ocrx_word' id='word_1_27' title='bbox 856 399 1002 439; x_wconf 90' lang='lat' dir='ltr'>bonas</span> <span class='ocrx_word' id='word_1_28' title='bbox 1023 400 1204 439; x_wconf 79' lang='lat' dir='ltr'>litteras</span> <span class='ocrx_word' id='word_1_29' title='bbox 1225 399 1494 451; x_wconf 81' lang='lat' dir='ltr'>edocentes,</span> <span class='ocrx_word' id='word_1_30' title='bbox 1523 412 1610 440; x_wconf 91' lang='lat' dir='ltr'>nec</span> <span class='ocrx_word' id='word_1_31' title='bbox 1637 401 1779 451; x_wconf 86' lang='lat' dir='ltr'>pieta-</span> 
     </span>
     <span class='ocr_line' id='line_1_5' title="bbox 155 470 1779 521; baseline 0.001 -12"><span class='ocrx_word' id='word_1_32' title='bbox 155 477 246 509; x_wconf 88' lang='lat' dir='ltr'>tem</span> <span class='ocrx_word' id='word_1_33' title='bbox 267 470 472 509; x_wconf 90' lang='lat' dir='ltr'>inserere</span> <span class='ocrx_word' id='word_1_34' title='bbox 494 470 713 510; x_wconf 80' lang='lat' dir='ltr'>cordibus</span> <span class='ocrx_word' id='word_1_35' title='bbox 734 470 998 510; x_wconf 88' lang='lat' dir='ltr'>auditorum</span> <span class='ocrx_word' id='word_1_36' title='bbox 1025 470 1318 521; x_wconf 89' lang='lat' dir='ltr'>omittentes,</span> <span class='ocrx_word' id='word_1_37' title='bbox 1347 471 1524 511; x_wconf 91' lang='lat' dir='ltr'>nullum</span> <span class='ocrx_word' id='word_1_38' title='bbox 1549 471 1608 511; x_wconf 92' lang='lat' dir='ltr'>ab</span> <span class='ocrx_word' id='word_1_39' title='bbox 1637 472 1779 511; x_wconf 82' lang='lat' dir='ltr'>homi-</span> 
     </span>
     <span class='ocr_line' id='line_1_6' title="bbox 156 540 1781 592; baseline 0.001 -12"><span class='ocrx_word' id='word_1_40' title='bbox 156 540 289 580; x_wconf 87' lang='lat' dir='ltr'>nibus</span> <span class='ocrx_word' id='word_1_41' title='bbox 311 546 581 592; x_wconf 84' lang='lat' dir='ltr'>exspectent</span> <span class='ocrx_word' id='word_1_42' title='bbox 602 541 880 592; x_wconf 80' lang='lat' dir='ltr'>praemium;</span> <span class='ocrx_word' id='word_1_43' title='bbox 907 540 1088 581; x_wconf 80' lang='lat' dir='ltr'>abunde</span> <span class='ocrx_word' id='word_1_44' title='bbox 1111 541 1198 580; x_wconf 93' lang='lat' dir='ltr'>sibi</span> <span class='ocrx_word' id='word_1_45' title='bbox 1224 541 1516 581; x_wconf 89' lang='lat' dir='ltr'>satisfactum</span> <span class='ocrx_word' id='word_1_46' title='bbox 1544 542 1599 581; x_wconf 93' lang='lat' dir='ltr'>iri</span> <span class='ocrx_word' id='word_1_47' title='bbox 1627 543 1781 582; x_wconf 88' lang='lat' dir='ltr'>existi—</span> 
     </span>
     <span class='ocr_line' id='line_1_7' title="bbox 155 611 1780 663; baseline 0.002 -13"><span class='ocrx_word' id='word_1_48' title='bbox 155 617 359 662; x_wconf 82' lang='lat' dir='ltr'>mantes,</span> <span class='ocrx_word' id='word_1_49' title='bbox 384 611 423 651; x_wconf 89' lang='lat' dir='ltr'>si</span> <span class='ocrx_word' id='word_1_50' title='bbox 442 611 777 662; x_wconf 76' lang='lat' dir='ltr'>paterfamilias</span> <span class='ocrx_word' id='word_1_51' title='bbox 799 612 964 652; x_wconf 87' lang='lat' dir='ltr'>vineae</span> <span class='ocrx_word' id='word_1_52' title='bbox 986 623 1117 662; x_wconf 91' lang='lat' dir='ltr'>suae,</span> <span class='ocrx_word' id='word_1_53' title='bbox 1141 611 1275 651; x_wconf 90' lang='lat' dir='ltr'>statis</span> <span class='ocrx_word' id='word_1_54' title='bbox 1303 612 1613 663; x_wconf 76' lang='lat' dir='ltr'>temporibuS,</span> <span class='ocrx_word' id='word_1_55' title='bbox 1647 614 1780 653; x_wconf 88' lang='lat' dir='ltr'>colle-</span> 
     </span>
     <span class='ocr_line' id='line_1_8' title="bbox 154 681 489 731; baseline -0.003 -10"><span class='ocrx_word' id='word_1_56' title='bbox 154 682 275 731; x_wconf 77' lang='lat' dir='ltr'>gerit</span> <span class='ocrx_word' id='word_1_57' title='bbox 296 681 489 722; x_wconf 89' lang='lat' dir='ltr'>fructus.</span> 
     </span>
    </p>

    <p class='ocr_par' dir='ltr' id='par_1_3' title="bbox 154 752 1788 1301">
     <span class='ocr_line' id='line_1_9' title="bbox 234 752 1781 804; baseline 0.001 -12"><span class='ocrx_word' id='word_1_58' title='bbox 234 752 309 793; x_wconf 87' lang='lat' dir='ltr'>Ad</span> <span class='ocrx_word' id='word_1_59' title='bbox 329 752 508 804; x_wconf 90' lang='lat' dir='ltr'>majora</span> <span class='ocrx_word' id='word_1_60' title='bbox 525 754 802 793; x_wconf 90' lang='lat' dir='ltr'>conscendo.</span> <span class='ocrx_word' id='word_1_61' title='bbox 822 753 1172 794; x_wconf 89' lang='lat' dir='ltr'>Communionis</span> <span class='ocrx_word' id='word_1_62' title='bbox 1192 765 1357 793; x_wconf 91' lang='lat' dir='ltr'>sacrae</span> <span class='ocrx_word' id='word_1_63' title='bbox 1374 754 1603 794; x_wconf 79' lang='lat' dir='ltr'>accrescit</span> <span class='ocrx_word' id='word_1_64' title='bbox 1625 754 1781 804; x_wconf 74' lang='lat' dir='ltr'>ardor,</span> 
     </span>
     <span class='ocr_line' id='line_1_10' title="bbox 154 823 1783 875; baseline 0.001 -12"><span class='ocrx_word' id='word_1_65' title='bbox 154 835 262 863; x_wconf 90' lang='lat' dir='ltr'>nam</span> <span class='ocrx_word' id='word_1_66' title='bbox 281 835 401 875; x_wconf 90' lang='lat' dir='ltr'>quae</span> <span class='ocrx_word' id='word_1_67' title='bbox 422 825 564 864; x_wconf 85' lang='lat' dir='ltr'>semel</span> <span class='ocrx_word' id='word_1_68' title='bbox 584 824 827 864; x_wconf 77' lang='lat' dir='ltr'>dumtaxat</span> <span class='ocrx_word' id='word_1_69' title='bbox 848 823 1008 864; x_wconf 89' lang='lat' dir='ltr'>diebus</span> <span class='ocrx_word' id='word_1_70' title='bbox 1026 830 1131 864; x_wconf 91' lang='lat' dir='ltr'>octo</span> <span class='ocrx_word' id='word_1_71' title='bbox 1152 836 1201 864; x_wconf 92' lang='lat' dir='ltr'>se</span> <span class='ocrx_word' id='word_1_72' title='bbox 1222 824 1547 875; x_wconf 83' lang='lat' dir='ltr'>accingebant,</span> <span class='ocrx_word' id='word_1_73' title='bbox 1572 837 1695 865; x_wconf 92' lang='lat' dir='ltr'>nunc</span> <span class='ocrx_word' id='word_1_74' title='bbox 1713 833 1783 866; x_wconf 92' lang='lat' dir='ltr'>ter</span> 
     </span>
     <span class='ocr_line' id='line_1_11' title="bbox 157 894 1783 947; baseline 0.002 -14"><span class='ocrx_word' id='word_1_75' title='bbox 157 894 382 934; x_wconf 84' lang='lat' dir='ltr'>accedere</span> <span class='ocrx_word' id='word_1_76' title='bbox 403 906 497 934; x_wconf 91' lang='lat' dir='ltr'>non</span> <span class='ocrx_word' id='word_1_77' title='bbox 518 902 795 945; x_wconf 83' lang='lat' dir='ltr'>gravantur.</span> <span class='ocrx_word' id='word_1_78' title='bbox 829 894 1046 934; x_wconf 83' lang='lat' dir='ltr'>Mulieres</span> <span class='ocrx_word' id='word_1_79' title='bbox 1073 895 1285 946; x_wconf 87' lang='lat' dir='ltr'>nomino;</span> <span class='ocrx_word' id='word_1_80' title='bbox 1315 895 1692 947; x_wconf 89' lang='lat' dir='ltr'>quandoquidem</span> <span class='ocrx_word' id='word_1_81' title='bbox 1719 903 1783 936; x_wconf 89' lang='lat' dir='ltr'>ta-</span> 
     </span>
     <span class='ocr_line' id='line_1_12' title="bbox 157 965 1785 1019; baseline 0.002 -16"><span class='ocrx_word' id='word_1_82' title='bbox 157 966 268 1005; x_wconf 84' lang='lat' dir='ltr'>lium</span> <span class='ocrx_word' id='word_1_83' title='bbox 289 965 533 1016; x_wconf 88' lang='lat' dir='ltr'>pauciores</span> <span class='ocrx_word' id='word_1_84' title='bbox 553 973 659 1005; x_wconf 91' lang='lat' dir='ltr'>sunt</span> <span class='ocrx_word' id='word_1_85' title='bbox 680 966 791 1015; x_wconf 74' lang='lat' dir='ltr'>viri,</span> <span class='ocrx_word' id='word_1_86' title='bbox 815 977 1011 1017; x_wconf 91' lang='lat' dir='ltr'>quorum</span> <span class='ocrx_word' id='word_1_87' title='bbox 1032 966 1139 1015; x_wconf 71' lang='lat' dir='ltr'>(sic)</span> <span class='ocrx_word' id='word_1_88' title='bbox 1162 966 1368 1006; x_wconf 89' lang='lat' dir='ltr'>omnium</span> <span class='ocrx_word' id='word_1_89' title='bbox 1396 972 1528 1006; x_wconf 89' lang='lat' dir='ltr'>tanta</span> <span class='ocrx_word' id='word_1_90' title='bbox 1557 973 1626 1007; x_wconf 87' lang='lat' dir='ltr'>est</span> <span class='ocrx_word' id='word_1_91' title='bbox 1653 968 1785 1019; x_wconf 87' lang='lat' dir='ltr'>spiri-</span> 
     </span>
     <span class='ocr_line' id='line_1_13' title="bbox 158 1036 1786 1090; baseline 0.002 -15"><span class='ocrx_word' id='word_1_92' title='bbox 158 1042 232 1075; x_wconf 88' lang='lat' dir='ltr'>tus</span> <span class='ocrx_word' id='word_1_93' title='bbox 252 1036 393 1087; x_wconf 86' lang='lat' dir='ltr'>fitque</span> <span class='ocrx_word' id='word_1_94' title='bbox 414 1036 461 1075; x_wconf 90' lang='lat' dir='ltr'>in</span> <span class='ocrx_word' id='word_1_95' title='bbox 482 1036 581 1076; x_wconf 90' lang='lat' dir='ltr'>dies</span> <span class='ocrx_word' id='word_1_96' title='bbox 602 1037 832 1087; x_wconf 84' lang='lat' dir='ltr'>accessio,</span> <span class='ocrx_word' id='word_1_97' title='bbox 857 1043 1030 1088; x_wconf 85' lang='lat' dir='ltr'>quanta</span> <span class='ocrx_word' id='word_1_98' title='bbox 1052 1048 1154 1077; x_wconf 91' lang='lat' dir='ltr'>esse</span> <span class='ocrx_word' id='word_1_99' title='bbox 1176 1043 1220 1077; x_wconf 95' lang='lat' dir='ltr'>et</span> <span class='ocrx_word' id='word_1_100' title='bbox 1241 1036 1338 1077; x_wconf 87' lang='lat' dir='ltr'>fieri</span> <span class='ocrx_word' id='word_1_101' title='bbox 1367 1038 1484 1077; x_wconf 93' lang='lat' dir='ltr'>solet</span> <span class='ocrx_word' id='word_1_102' title='bbox 1512 1038 1559 1077; x_wconf 89' lang='lat' dir='ltr'>in</span> <span class='ocrx_word' id='word_1_103' title='bbox 1585 1038 1674 1086; x_wconf 90' lang='lat' dir='ltr'>eis,</span> <span class='ocrx_word' id='word_1_104' title='bbox 1709 1039 1786 1090; x_wconf 90' lang='lat' dir='ltr'>qui</span> 
     </span>
     <span class='ocr_line' id='line_1_14' title="bbox 158 1105 1786 1160; baseline 0.002 -15"><span class='ocrx_word' id='word_1_105' title='bbox 158 1105 318 1146; x_wconf 88' lang='lat' dir='ltr'>sedulo</span> <span class='ocrx_word' id='word_1_106' title='bbox 339 1106 399 1146; x_wconf 87' lang='lat' dir='ltr'>ad</span> <span class='ocrx_word' id='word_1_107' title='bbox 415 1107 685 1147; x_wconf 90' lang='lat' dir='ltr'>coelestium</span> <span class='ocrx_word' id='word_1_108' title='bbox 701 1107 930 1147; x_wconf 91' lang='lat' dir='ltr'>donorum</span> <span class='ocrx_word' id='word_1_109' title='bbox 952 1108 1295 1159; x_wconf 90' lang='lat' dir='ltr'>susceptionem</span> <span class='ocrx_word' id='word_1_110' title='bbox 1313 1107 1458 1148; x_wconf 87' lang='lat' dir='ltr'>corda</span> <span class='ocrx_word' id='word_1_111' title='bbox 1477 1114 1662 1160; x_wconf 89' lang='lat' dir='ltr'>parant,</span> <span class='ocrx_word' id='word_1_112' title='bbox 1683 1121 1786 1160; x_wconf 90' lang='lat' dir='ltr'>ape-</span> 
     </span>
     <span class='ocr_line' id='line_1_15' title="bbox 158 1177 1788 1230; baseline 0.002 -14"><span class='ocrx_word' id='word_1_113' title='bbox 158 1177 303 1227; x_wconf 87' lang='lat' dir='ltr'>riunt,</span> <span class='ocrx_word' id='word_1_114' title='bbox 328 1177 537 1217; x_wconf 86' lang='lat' dir='ltr'>dilatant.</span> <span class='ocrx_word' id='word_1_115' title='bbox 563 1177 893 1218; x_wconf 85' lang='lat' dir='ltr'>Confessiones</span> <span class='ocrx_word' id='word_1_116' title='bbox 913 1191 1144 1230; x_wconf 81' lang='lat' dir='ltr'>nusquam</span> <span class='ocrx_word' id='word_1_117' title='bbox 1165 1179 1350 1226; x_wconf 82' lang='lat' dir='ltr'>desunt,</span> <span class='ocrx_word' id='word_1_118' title='bbox 1380 1191 1486 1219; x_wconf 92' lang='lat' dir='ltr'>cum</span> <span class='ocrx_word' id='word_1_119' title='bbox 1513 1179 1660 1230; x_wconf 91' lang='lat' dir='ltr'>domi,</span> <span class='ocrx_word' id='word_1_120' title='bbox 1690 1186 1788 1220; x_wconf 92' lang='lat' dir='ltr'>tum</span> 
     </span>
     <span class='ocr_line' id='line_1_16' title="bbox 157 1248 1054 1301; baseline 0.001 -14"><span class='ocrx_word' id='word_1_121' title='bbox 157 1248 287 1298; x_wconf 84' lang='lat' dir='ltr'>foris,</span> <span class='ocrx_word' id='word_1_122' title='bbox 311 1248 359 1287; x_wconf 92' lang='lat' dir='ltr'>in</span> <span class='ocrx_word' id='word_1_123' title='bbox 379 1248 685 1288; x_wconf 86' lang='lat' dir='ltr'>xenodochiis</span> <span class='ocrx_word' id='word_1_124' title='bbox 707 1250 901 1301; x_wconf 86' lang='lat' dir='ltr'>aliisque</span> <span class='ocrx_word' id='word_1_125' title='bbox 922 1250 1054 1289; x_wconf 85' lang='lat' dir='ltr'>locis.</span> 
     </span>
    </p>

    <p class='ocr_par' dir='ltr' id='par_1_4' title="bbox 162 1318 1797 2008">
     <span class='ocr_line' id='line_1_17' title="bbox 239 1318 1790 1371; baseline 0.003 -14"><span class='ocrx_word' id='word_1_126' title='bbox 239 1318 490 1358; x_wconf 82' lang='lat' dir='ltr'>Praeclara</span> <span class='ocrx_word' id='word_1_127' title='bbox 519 1319 750 1370; x_wconf 80' lang='lat' dir='ltr'>quaedam</span> <span class='ocrx_word' id='word_1_128' title='bbox 777 1327 821 1360; x_wconf 92' lang='lat' dir='ltr'>et</span> <span class='ocrx_word' id='word_1_129' title='bbox 851 1320 1051 1371; x_wconf 87' lang='lat' dir='ltr'>insignia</span> <span class='ocrx_word' id='word_1_130' title='bbox 1080 1319 1171 1360; x_wconf 83' lang='lat' dir='ltr'>R.di</span> <span class='ocrx_word' id='word_1_131' title='bbox 1201 1320 1249 1360; x_wconf 83' lang='lat' dir='ltr'>P.</span> <span class='ocrx_word' id='word_1_132' title='bbox 1284 1320 1596 1361; x_wconf 86' lang='lat' dir='ltr'>Provincialis</span> <span class='ocrx_word' id='word_1_133' title='bbox 1629 1321 1637 1339; x_wconf 84' lang='lat'><strong>¹</strong></span> <span class='ocrx_word' id='word_1_134' title='bbox 1667 1333 1790 1361; x_wconf 90' lang='lat' dir='ltr'>com-</span> 
     </span>
     <span class='ocr_line' id='line_1_18' title="bbox 162 1389 1793 1442; baseline 0.001 -13"><span class='ocrx_word' id='word_1_135' title='bbox 162 1390 430 1429; x_wconf 86' lang='lat' dir='ltr'>memorabo</span> <span class='ocrx_word' id='word_1_136' title='bbox 453 1389 583 1439; x_wconf 88' lang='lat' dir='ltr'>(satis</span> <span class='ocrx_word' id='word_1_137' title='bbox 605 1390 727 1430; x_wconf 92' lang='lat' dir='ltr'>enim</span> <span class='ocrx_word' id='word_1_138' title='bbox 748 1391 860 1430; x_wconf 88' lang='lat' dir='ltr'>mihi</span> <span class='ocrx_word' id='word_1_139' title='bbox 880 1392 1139 1441; x_wconf 86' lang='lat' dir='ltr'>persuadeo</span> <span class='ocrx_word' id='word_1_140' title='bbox 1161 1403 1253 1431; x_wconf 89' lang='lat' dir='ltr'>non</span> <span class='ocrx_word' id='word_1_141' title='bbox 1275 1403 1410 1442; x_wconf 87' lang='lat' dir='ltr'>posse</span> <span class='ocrx_word' id='word_1_142' title='bbox 1439 1393 1625 1442; x_wconf 90' lang='lat' dir='ltr'>omnia).</span> <span class='ocrx_word' id='word_1_143' title='bbox 1659 1393 1793 1433; x_wconf 73' lang='lat' dir='ltr'>Miles</span> 
     </span>
     <span class='ocr_line' id='line_1_19' title="bbox 163 1460 1791 1512; baseline 0.003 -13"><span class='ocrx_word' id='word_1_144' title='bbox 163 1460 370 1512; x_wconf 84' lang='lat' dir='ltr'>quidam,</span> <span class='ocrx_word' id='word_1_145' title='bbox 395 1460 470 1510; x_wconf 92' lang='lat' dir='ltr'>qui</span> <span class='ocrx_word' id='word_1_146' title='bbox 492 1472 627 1500; x_wconf 89' lang='lat' dir='ltr'>omne</span> <span class='ocrx_word' id='word_1_147' title='bbox 647 1461 772 1500; x_wconf 78' lang='lat' dir='ltr'>vitae</span> <span class='ocrx_word' id='word_1_148' title='bbox 794 1468 976 1512; x_wconf 89' lang='lat' dir='ltr'>tempus</span> <span class='ocrx_word' id='word_1_149' title='bbox 996 1462 1127 1501; x_wconf 90' lang='lat' dir='ltr'>bellis</span> <span class='ocrx_word' id='word_1_150' title='bbox 1159 1462 1378 1512; x_wconf 82' lang='lat' dir='ltr'>gerendis</span> <span class='ocrx_word' id='word_1_151' title='bbox 1409 1463 1656 1512; x_wconf 90' lang='lat' dir='ltr'>tribuerat,</span> <span class='ocrx_word' id='word_1_152' title='bbox 1688 1476 1791 1504; x_wconf 54' lang='lat' dir='ltr'>con«</span> 
     </span>
     <span class='ocr_line' id='line_1_20' title="bbox 165 1531 1794 1584; baseline 0.002 -14"><span class='ocrx_word' id='word_1_153' title='bbox 165 1531 297 1571; x_wconf 87' lang='lat' dir='ltr'>cione</span> <span class='ocrx_word' id='word_1_154' title='bbox 326 1538 396 1570; x_wconf 89' lang='lat' dir='ltr'>ter</span> <span class='ocrx_word' id='word_1_155' title='bbox 431 1537 654 1582; x_wconf 84' lang='lat' dir='ltr'>quaterve</span> <span class='ocrx_word' id='word_1_156' title='bbox 688 1532 861 1582; x_wconf 89' lang='lat' dir='ltr'>audita,</span> <span class='ocrx_word' id='word_1_157' title='bbox 899 1532 1086 1572; x_wconf 88' lang='lat' dir='ltr'>Patrem</span> <span class='ocrx_word' id='word_1_158' title='bbox 1120 1533 1385 1584; x_wconf 86' lang='lat' dir='ltr'>alloquitur,</span> <span class='ocrx_word' id='word_1_159' title='bbox 1422 1532 1553 1584; x_wconf 92' lang='lat' dir='ltr'>cujus</span> <span class='ocrx_word' id='word_1_160' title='bbox 1589 1534 1794 1574; x_wconf 88' lang='lat' dir='ltr'>animum</span> 
     </span>
     <span class='ocr_line' id='line_1_21' title="bbox 165 1601 1796 1654; baseline 0.002 -13"><span class='ocrx_word' id='word_1_161' title='bbox 165 1613 270 1641; x_wconf 90' lang='lat' dir='ltr'>cum</span> <span class='ocrx_word' id='word_1_162' title='bbox 290 1602 475 1652; x_wconf 83' lang='lat' dir='ltr'>sagittis</span> <span class='ocrx_word' id='word_1_163' title='bbox 497 1601 615 1653; x_wconf 87' lang='lat' dir='ltr'>ejus,</span> <span class='ocrx_word' id='word_1_164' title='bbox 649 1614 786 1653; x_wconf 92' lang='lat' dir='ltr'>quem</span> <span class='ocrx_word' id='word_1_165' title='bbox 814 1603 972 1642; x_wconf 85' lang='lat' dir='ltr'>David</span> <span class='ocrx_word' id='word_1_166' title='bbox 1005 1610 1241 1654; x_wconf 87' lang='lat' dir='ltr'>potentem</span> <span class='ocrx_word' id='word_1_167' title='bbox 1269 1604 1466 1653; x_wconf 84' lang='lat' dir='ltr'>vocitat,</span> <span class='ocrx_word' id='word_1_168' title='bbox 1497 1605 1796 1645; x_wconf 84' lang='lat' dir='ltr'>vulneratum</span> 
     </span>
     <span class='ocr_line' id='line_1_22' title="bbox 166 1673 1795 1725; baseline 0.003 -14"><span class='ocrx_word' id='word_1_169' title='bbox 166 1673 446 1723; x_wconf 87' lang='lat' dir='ltr'>praesensit,</span> <span class='ocrx_word' id='word_1_170' title='bbox 470 1684 598 1712; x_wconf 87' lang='lat' dir='ltr'>more</span> <span class='ocrx_word' id='word_1_171' title='bbox 620 1684 704 1713; x_wconf 93' lang='lat' dir='ltr'>suo</span> <span class='ocrx_word' id='word_1_172' title='bbox 727 1674 786 1713; x_wconf 91' lang='lat' dir='ltr'>ad</span> <span class='ocrx_word' id='word_1_173' title='bbox 806 1674 1141 1724; x_wconf 90' lang='lat' dir='ltr'>poenitentiam</span> <span class='ocrx_word' id='word_1_174' title='bbox 1161 1680 1416 1725; x_wconf 86' lang='lat' dir='ltr'>convocat,</span> <span class='ocrx_word' id='word_1_175' title='bbox 1451 1674 1664 1715; x_wconf 90' lang='lat' dir='ltr'>confiteri</span> <span class='ocrx_word' id='word_1_176' title='bbox 1693 1676 1795 1716; x_wconf 92' lang='lat' dir='ltr'>hor-</span> 
     </span>
     <span class='ocr_line' id='line_1_23' title="bbox 169 1743 1796 1795; baseline 0.002 -12"><span class='ocrx_word' id='word_1_177' title='bbox 169 1749 309 1793; x_wconf 87' lang='lat' dir='ltr'>tatur,</span> <span class='ocrx_word' id='word_1_178' title='bbox 333 1743 472 1783; x_wconf 90' lang='lat' dir='ltr'>immo</span> <span class='ocrx_word' id='word_1_179' title='bbox 494 1744 762 1794; x_wconf 73' lang='lat' dir='ltr'>persuadet,</span> <span class='ocrx_word' id='word_1_180' title='bbox 787 1745 909 1795; x_wconf 90' lang='lat' dir='ltr'>quod</span> <span class='ocrx_word' id='word_1_181' title='bbox 930 1756 1035 1783; x_wconf 87' lang='lat' dir='ltr'>cum</span> <span class='ocrx_word' id='word_1_182' title='bbox 1054 1744 1255 1795; x_wconf 88' lang='lat' dir='ltr'>fecisset,</span> <span class='ocrx_word' id='word_1_183' title='bbox 1279 1756 1338 1784; x_wconf 89' lang='lat' dir='ltr'>ex</span> <span class='ocrx_word' id='word_1_184' title='bbox 1358 1745 1502 1785; x_wconf 92' lang='lat' dir='ltr'>milite</span> <span class='ocrx_word' id='word_1_185' title='bbox 1524 1745 1673 1786; x_wconf 90' lang='lat' dir='ltr'>Ducis</span> <span class='ocrx_word' id='word_1_186' title='bbox 1689 1746 1796 1786; x_wconf 90' lang='lat' dir='ltr'>Fer—</span> 
     </span>
     <span class='ocr_line' id='line_1_24' title="bbox 167 1814 1797 1868; baseline 0.002 -15"><span class='ocrx_word' id='word_1_187' title='bbox 167 1814 319 1853; x_wconf 85' lang='lat' dir='ltr'>rariae</span> <span class='ocrx_word' id='word_1_188' title='bbox 335 1814 485 1854; x_wconf 89' lang='lat' dir='ltr'>evasit</span> <span class='ocrx_word' id='word_1_189' title='bbox 502 1815 634 1854; x_wconf 89' lang='lat' dir='ltr'>miles</span> <span class='ocrx_word' id='word_1_190' title='bbox 650 1814 792 1866; x_wconf 86' lang='lat' dir='ltr'>Regis</span> <span class='ocrx_word' id='word_1_191' title='bbox 810 1826 1039 1866; x_wconf 90' lang='lat' dir='ltr'>supernae</span> <span class='ocrx_word' id='word_1_192' title='bbox 1057 1815 1214 1855; x_wconf 89' lang='lat' dir='ltr'>curiae</span> <span class='ocrx_word' id='word_1_193' title='bbox 1230 1826 1237 1865; x_wconf 83' lang='lat'><em>3</em></span> <span class='ocrx_word' id='word_1_194' title='bbox 1263 1827 1373 1855; x_wconf 91' lang='lat' dir='ltr'>nam</span> <span class='ocrx_word' id='word_1_195' title='bbox 1397 1828 1582 1856; x_wconf 91' lang='lat' dir='ltr'>omnem</span> <span class='ocrx_word' id='word_1_196' title='bbox 1605 1829 1797 1868; x_wconf 91' lang='lat' dir='ltr'>operam</span> 
     </span>
     <span class='ocr_line' id='line_1_25' title="bbox 167 1884 1796 1928; baseline 0.003 -5"><span class='ocrx_word' id='word_1_197' title='bbox 167 1885 365 1924; x_wconf 83' lang='lat' dir='ltr'>collocat</span> <span class='ocrx_word' id='word_1_198' title='bbox 395 1891 443 1924; x_wconf 91' lang='lat' dir='ltr'>ut</span> <span class='ocrx_word' id='word_1_199' title='bbox 477 1884 774 1925; x_wconf 85' lang='lat' dir='ltr'>Carthusiam</span> <span class='ocrx_word' id='word_1_200' title='bbox 808 1886 994 1926; x_wconf 87' lang='lat' dir='ltr'>incolat.</span> <span class='ocrx_word' id='word_1_201' title='bbox 1031 1886 1134 1925; x_wconf 93' lang='lat' dir='ltr'>Hoc</span> <span class='ocrx_word' id='word_1_202' title='bbox 1169 1898 1312 1926; x_wconf 92' lang='lat' dir='ltr'>unum</span> <span class='ocrx_word' id='word_1_203' title='bbox 1349 1887 1499 1926; x_wconf 89' lang='lat' dir='ltr'>ausim</span> <span class='ocrx_word' id='word_1_204' title='bbox 1534 1888 1690 1928; x_wconf 89' lang='lat' dir='ltr'>dicere</span> <span class='ocrx_word' id='word_1_205' title='bbox 1724 1900 1796 1928; x_wconf 85' lang='lat' dir='ltr'>me</span> 
     </span>
     <span class='ocr_line' id='line_1_26' title="bbox 168 1955 1581 2008; baseline 0 -13"><span class='ocrx_word' id='word_1_206' title='bbox 168 1967 406 2006; x_wconf 89' lang='lat' dir='ltr'>nunquam</span> <span class='ocrx_word' id='word_1_207' title='bbox 427 1955 565 2006; x_wconf 91' lang='lat' dir='ltr'>(quod</span> <span class='ocrx_word' id='word_1_208' title='bbox 586 1956 889 2005; x_wconf 86' lang='lat' dir='ltr'>meminerim)</span> <span class='ocrx_word' id='word_1_209' title='bbox 908 1957 1048 1996; x_wconf 89' lang='lat' dir='ltr'>talem</span> <span class='ocrx_word' id='word_1_210' title='bbox 1071 1957 1350 2008; x_wconf 87' lang='lat' dir='ltr'>cognovisse</span> <span class='ocrx_word' id='word_1_211' title='bbox 1372 1958 1581 1998; x_wconf 91' lang='lat' dir='ltr'>militem.</span> 
     </span>
    </p>

    <p class='ocr_par' dir='ltr' id='par_1_5' title="bbox 169 2026 1805 2857">
     <span class='ocr_line' id='line_1_27' title="bbox 248 2026 1798 2078; baseline 0.003 -13"><span class='ocrx_word' id='word_1_212' title='bbox 248 2026 413 2066; x_wconf 87' lang='lat' dir='ltr'>Incidit</span> <span class='ocrx_word' id='word_1_213' title='bbox 448 2027 494 2066; x_wconf 91' lang='lat' dir='ltr'>in</span> <span class='ocrx_word' id='word_1_214' title='bbox 528 2026 680 2066; x_wconf 86' lang='lat' dir='ltr'>Patris</span> <span class='ocrx_word' id='word_1_215' title='bbox 713 2039 880 2067; x_wconf 87' lang='lat' dir='ltr'>manus</span> <span class='ocrx_word' id='word_1_216' title='bbox 910 2027 1160 2078; x_wconf 87' lang='lat' dir='ltr'>quaedam,</span> <span class='ocrx_word' id='word_1_217' title='bbox 1194 2039 1312 2078; x_wconf 89' lang='lat' dir='ltr'>quae</span> <span class='ocrx_word' id='word_1_218' title='bbox 1344 2029 1532 2068; x_wconf 88' lang='lat' dir='ltr'>omnino</span> <span class='ocrx_word' id='word_1_219' title='bbox 1566 2035 1798 2070; x_wconf 85' lang='lat' dir='ltr'>statuerat</span> 
     </span>
     <span class='ocr_line' id='line_1_28' title="bbox 169 2096 1797 2150; baseline 0.002 -14"><span class='ocrx_word' id='word_1_220' title='bbox 169 2097 373 2147; x_wconf 90' lang='lat' dir='ltr'>cuipiam</span> <span class='ocrx_word' id='word_1_221' title='bbox 393 2096 641 2148; x_wconf 89' lang='lat' dir='ltr'>propinare</span> <span class='ocrx_word' id='word_1_222' title='bbox 662 2109 917 2147; x_wconf 89' lang='lat' dir='ltr'>venenum,</span> <span class='ocrx_word' id='word_1_223' title='bbox 943 2097 1078 2148; x_wconf 87' lang='lat' dir='ltr'>idque</span> <span class='ocrx_word' id='word_1_224' title='bbox 1100 2098 1287 2148; x_wconf 87' lang='lat' dir='ltr'>exequi,</span> <span class='ocrx_word' id='word_1_225' title='bbox 1319 2109 1410 2148; x_wconf 88' lang='lat' dir='ltr'>qua</span> <span class='ocrx_word' id='word_1_226' title='bbox 1440 2105 1647 2150; x_wconf 87' lang='lat' dir='ltr'>poterat,</span> <span class='ocrx_word' id='word_1_227' title='bbox 1677 2107 1797 2140; x_wconf 88' lang='lat' dir='ltr'>sata-</span> 
     </span>
     <span class='ocr_line' id='line_1_29' title="bbox 169 2168 1798 2219; baseline 0.003 -12"><span class='ocrx_word' id='word_1_228' title='bbox 169 2168 309 2218; x_wconf 82' lang='lat' dir='ltr'>gebat</span> <span class='ocrx_word' id='word_1_229' title='bbox 330 2168 572 2218; x_wconf 89' lang='lat' dir='ltr'>industria;</span> <span class='ocrx_word' id='word_1_230' title='bbox 597 2168 721 2219; x_wconf 90' lang='lat' dir='ltr'>quod</span> <span class='ocrx_word' id='word_1_231' title='bbox 741 2168 924 2208; x_wconf 87' lang='lat' dir='ltr'>facinus</span> <span class='ocrx_word' id='word_1_232' title='bbox 945 2168 1061 2208; x_wconf 89' lang='lat' dir='ltr'>adeo</span> <span class='ocrx_word' id='word_1_233' title='bbox 1083 2170 1394 2219; x_wconf 76' lang='lat' dir='ltr'>exaggeravit</span> <span class='ocrx_word' id='word_1_234' title='bbox 1416 2169 1569 2219; x_wconf 87' lang='lat' dir='ltr'>Pater,</span> <span class='ocrx_word' id='word_1_235' title='bbox 1594 2176 1643 2211; x_wconf 92' lang='lat' dir='ltr'>ut</span> <span class='ocrx_word' id='word_1_236' title='bbox 1665 2172 1723 2211; x_wconf 89' lang='lat' dir='ltr'>ab</span> <span class='ocrx_word' id='word_1_237' title='bbox 1744 2184 1798 2212; x_wconf 93' lang='lat' dir='ltr'>eo</span> 
     </span>
     <span class='ocr_line' id='line_1_30' title="bbox 171 2238 1798 2291; baseline 0.002 -13"><span class='ocrx_word' id='word_1_238' title='bbox 171 2238 433 2278; x_wconf 85' lang='lat' dir='ltr'>detestabili</span> <span class='ocrx_word' id='word_1_239' title='bbox 453 2238 631 2289; x_wconf 87' lang='lat' dir='ltr'>flagitio</span> <span class='ocrx_word' id='word_1_240' title='bbox 652 2239 836 2290; x_wconf 90' lang='lat' dir='ltr'>penitus</span> <span class='ocrx_word' id='word_1_241' title='bbox 857 2250 962 2279; x_wconf 87' lang='lat' dir='ltr'>eam</span> <span class='ocrx_word' id='word_1_242' title='bbox 991 2239 1247 2289; x_wconf 81' lang='lat' dir='ltr'>revocarit,</span> <span class='ocrx_word' id='word_1_243' title='bbox 1281 2238 1470 2291; x_wconf 88' lang='lat' dir='ltr'>ejusque</span> <span class='ocrx_word' id='word_1_244' title='bbox 1501 2241 1707 2282; x_wconf 91' lang='lat' dir='ltr'>animum</span> <span class='ocrx_word' id='word_1_245' title='bbox 1735 2243 1798 2282; x_wconf 83' lang='lat' dir='ltr'>ita</span> 
     </span>
     <span class='ocr_line' id='line_1_31' title="bbox 174 2309 1798 2360; baseline 0.002 -11"><span class='ocrx_word' id='word_1_246' title='bbox 174 2309 427 2349; x_wconf 88' lang='lat' dir='ltr'>immutarit</span> <span class='ocrx_word' id='word_1_247' title='bbox 449 2319 493 2349; x_wconf 90' lang='lat' dir='ltr'>et</span> <span class='ocrx_word' id='word_1_248' title='bbox 519 2310 846 2359; x_wconf 90' lang='lat' dir='ltr'>commoverit,</span> <span class='ocrx_word' id='word_1_249' title='bbox 879 2316 928 2349; x_wconf 91' lang='lat' dir='ltr'>ut</span> <span class='ocrx_word' id='word_1_250' title='bbox 957 2310 1014 2349; x_wconf 87' lang='lat' dir='ltr'>ab</span> <span class='ocrx_word' id='word_1_251' title='bbox 1043 2309 1227 2360; x_wconf 89' lang='lat' dir='ltr'>eodem,</span> <span class='ocrx_word' id='word_1_252' title='bbox 1259 2310 1332 2350; x_wconf 91' lang='lat' dir='ltr'>cui</span> <span class='ocrx_word' id='word_1_253' title='bbox 1363 2311 1409 2350; x_wconf 87' lang='lat' dir='ltr'>id</span> <span class='ocrx_word' id='word_1_254' title='bbox 1436 2323 1670 2352; x_wconf 91' lang='lat' dir='ltr'>venenum</span> <span class='ocrx_word' id='word_1_255' title='bbox 1698 2320 1798 2353; x_wconf 86' lang='lat' dir='ltr'>erat</span> 
     </span>
     <span class='ocr_line' id='line_1_32' title="bbox 174 2380 1795 2434; baseline 0.001 -15"><span class='ocrx_word' id='word_1_256' title='bbox 174 2381 497 2431; x_wconf 86' lang='lat' dir='ltr'>propinatura,</span> <span class='ocrx_word' id='word_1_257' title='bbox 520 2380 645 2419; x_wconf 89' lang='lat' dir='ltr'>nullo</span> <span class='ocrx_word' id='word_1_258' title='bbox 668 2386 842 2420; x_wconf 88' lang='lat' dir='ltr'>retecto</span> <span class='ocrx_word' id='word_1_259' title='bbox 863 2380 1075 2430; x_wconf 88' lang='lat' dir='ltr'>crimine,</span> <span class='ocrx_word' id='word_1_260' title='bbox 1100 2381 1287 2420; x_wconf 87' lang='lat' dir='ltr'>veniam</span> <span class='ocrx_word' id='word_1_261' title='bbox 1309 2382 1556 2432; x_wconf 90' lang='lat' dir='ltr'>postularit</span> <span class='ocrx_word' id='word_1_262' title='bbox 1585 2384 1795 2434; x_wconf 92' lang='lat' dir='ltr'>supplex.</span> 
     </span>
     <span class='ocr_line' id='line_1_33' title="bbox 175 2450 1799 2503; baseline 0.002 -12"><span class='ocrx_word' id='word_1_263' title='bbox 175 2451 280 2491; x_wconf 70' lang='lat' dir='ltr'>Alia</span> <span class='ocrx_word' id='word_1_264' title='bbox 301 2451 572 2490; x_wconf 89' lang='lat' dir='ltr'>intestinum</span> <span class='ocrx_word' id='word_1_265' title='bbox 593 2450 749 2490; x_wconf 91' lang='lat' dir='ltr'>odium</span> <span class='ocrx_word' id='word_1_266' title='bbox 771 2451 1003 2491; x_wconf 89' lang='lat' dir='ltr'>obstinato</span> <span class='ocrx_word' id='word_1_267' title='bbox 1025 2451 1214 2491; x_wconf 88' lang='lat' dir='ltr'>fovebat</span> <span class='ocrx_word' id='word_1_268' title='bbox 1236 2452 1415 2503; x_wconf 90' lang='lat' dir='ltr'>animo,</span> <span class='ocrx_word' id='word_1_269' title='bbox 1438 2464 1524 2493; x_wconf 93' lang='lat' dir='ltr'>nec</span> <span class='ocrx_word' id='word_1_270' title='bbox 1546 2466 1573 2493; x_wconf 92' lang='lat' dir='ltr'>a</span> <span class='ocrx_word' id='word_1_271' title='bbox 1600 2455 1799 2494; x_wconf 89' lang='lat' dir='ltr'>caeteris</span> 
     </span>
     <span class='ocr_line' id='line_1_34' title="bbox 174 2521 1799 2573; baseline 0.003 -13"><span class='ocrx_word' id='word_1_272' title='bbox 174 2522 230 2560; x_wconf 85' lang='lat' dir='ltr'>ab</span> <span class='ocrx_word' id='word_1_273' title='bbox 252 2533 306 2560; x_wconf 94' lang='lat' dir='ltr'>eo</span> <span class='ocrx_word' id='word_1_274' title='bbox 328 2521 558 2561; x_wconf 78' lang='lat' dir='ltr'>dimoveri</span> <span class='ocrx_word' id='word_1_275' title='bbox 577 2527 775 2572; x_wconf 87' lang='lat' dir='ltr'>poterat,</span> <span class='ocrx_word' id='word_1_276' title='bbox 796 2533 1072 2561; x_wconf 82' lang='lat' dir='ltr'>asseverans</span> <span class='ocrx_word' id='word_1_277' title='bbox 1088 2533 1137 2561; x_wconf 93' lang='lat' dir='ltr'>se</span> <span class='ocrx_word' id='word_1_278' title='bbox 1154 2533 1392 2573; x_wconf 88' lang='lat' dir='ltr'>nunquam</span> <span class='ocrx_word' id='word_1_279' title='bbox 1412 2523 1716 2565; x_wconf 89' lang='lat' dir='ltr'>remissuram</span> <span class='ocrx_word' id='word_1_280' title='bbox 1736 2525 1799 2565; x_wconf 90' lang='lat' dir='ltr'>in-</span> 
     </span>
     <span class='ocr_line' id='line_1_35' title="bbox 171 2591 1800 2646; baseline 0.003 -15"><span class='ocrx_word' id='word_1_281' title='bbox 171 2591 340 2643; x_wconf 86' lang='lat' dir='ltr'>juriam</span> <span class='ocrx_word' id='word_1_282' title='bbox 361 2593 587 2644; x_wconf 83' lang='lat' dir='ltr'>malleque</span> <span class='ocrx_word' id='word_1_283' title='bbox 605 2603 709 2632; x_wconf 88' lang='lat' dir='ltr'>cum</span> <span class='ocrx_word' id='word_1_284' title='bbox 730 2592 834 2632; x_wconf 91' lang='lat' dir='ltr'>odio</span> <span class='ocrx_word' id='word_1_285' title='bbox 855 2598 1052 2632; x_wconf 89' lang='lat' dir='ltr'>mortem</span> <span class='ocrx_word' id='word_1_286' title='bbox 1069 2599 1288 2644; x_wconf 87' lang='lat' dir='ltr'>oppetere</span> <span class='ocrx_word' id='word_1_287' title='bbox 1307 2605 1447 2644; x_wconf 91' lang='lat' dir='ltr'>quam</span> <span class='ocrx_word' id='word_1_288' title='bbox 1468 2594 1524 2644; x_wconf 92' lang='lat' dir='ltr'>ei,</span> <span class='ocrx_word' id='word_1_289' title='bbox 1545 2595 1624 2646; x_wconf 90' lang='lat' dir='ltr'>qui</span> <span class='ocrx_word' id='word_1_290' title='bbox 1644 2596 1800 2636; x_wconf 88' lang='lat' dir='ltr'>laesis—</span> 
     </span>
     <span class='ocr_line' id='line_1_36' title="bbox 175 2663 1801 2718; baseline 0.002 -15"><span class='ocrx_word' id='word_1_291' title='bbox 175 2670 258 2713; x_wconf 85' lang='lat' dir='ltr'>set,</span> <span class='ocrx_word' id='word_1_292' title='bbox 279 2674 491 2714; x_wconf 89' lang='lat' dir='ltr'>parcere:</span> <span class='ocrx_word' id='word_1_293' title='bbox 511 2663 592 2703; x_wconf 91' lang='lat' dir='ltr'>sed</span> <span class='ocrx_word' id='word_1_294' title='bbox 607 2675 692 2703; x_wconf 91' lang='lat' dir='ltr'>nec</span> <span class='ocrx_word' id='word_1_295' title='bbox 710 2663 807 2714; x_wconf 89' lang='lat' dir='ltr'>ipse</span> <span class='ocrx_word' id='word_1_296' title='bbox 824 2663 973 2715; x_wconf 86' lang='lat' dir='ltr'>primo</span> <span class='ocrx_word' id='word_1_297' title='bbox 987 2674 1257 2715; x_wconf 92' lang='lat' dir='ltr'>congressu,</span> <span class='ocrx_word' id='word_1_298' title='bbox 1279 2664 1402 2715; x_wconf 90' lang='lat' dir='ltr'>quod</span> <span class='ocrx_word' id='word_1_299' title='bbox 1415 2665 1651 2717; x_wconf 89' lang='lat' dir='ltr'>cupiebat,</span> <span class='ocrx_word' id='word_1_300' title='bbox 1671 2679 1801 2718; x_wconf 91' lang='lat' dir='ltr'>prae-</span> 
     </span>
     <span class='ocr_line' id='line_1_37' title="bbox 176 2726 1804 2786; baseline 0.004 -13"><span class='ocrx_word' id='word_1_301' title='bbox 176 2726 311 2784; x_wconf 80' lang='lat' dir='ltr'>stitit;</span> <span class='ocrx_word' id='word_1_302' title='bbox 335 2734 580 2786; x_wconf 89' lang='lat' dir='ltr'>siquidem,</span> <span class='ocrx_word' id='word_1_303' title='bbox 604 2740 654 2774; x_wconf 95' lang='lat' dir='ltr'>ut</span> <span class='ocrx_word' id='word_1_304' title='bbox 679 2735 796 2775; x_wconf 90' lang='lat' dir='ltr'>solet</span> <span class='ocrx_word' id='word_1_305' title='bbox 822 2735 1053 2774; x_wconf 91' lang='lat' dir='ltr'>mentibus</span> <span class='ocrx_word' id='word_1_306' title='bbox 1082 2735 1323 2775; x_wconf 90' lang='lat' dir='ltr'>hominum</span> <span class='ocrx_word' id='word_1_307' title='bbox 1352 2735 1654 2777; x_wconf 88' lang='lat' dir='ltr'>adversarius</span> <span class='ocrx_word' id='word_1_308' title='bbox 1681 2744 1804 2779; x_wconf 89' lang='lat' dir='ltr'>tene-</span> 
     </span>
     <span class='ocr_line' id='line_1_38' title="bbox 177 2804 1805 2857; baseline 0.003 -12"><span class='ocrx_word' id='word_1_309' title='bbox 177 2806 286 2845; x_wconf 85' lang='lat' dir='ltr'>bras</span> <span class='ocrx_word' id='word_1_310' title='bbox 317 2804 573 2855; x_wconf 87' lang='lat' dir='ltr'>offundere,</span> <span class='ocrx_word' id='word_1_311' title='bbox 603 2805 667 2845; x_wconf 89' lang='lat' dir='ltr'>ita</span> <span class='ocrx_word' id='word_1_312' title='bbox 694 2813 975 2846; x_wconf 87' lang='lat' dir='ltr'>excaecarat</span> <span class='ocrx_word' id='word_1_313' title='bbox 1002 2806 1150 2857; x_wconf 92' lang='lat' dir='ltr'>ipsam</span> <span class='ocrx_word' id='word_1_314' title='bbox 1186 2811 1235 2846; x_wconf 93' lang='lat' dir='ltr'>ut</span> <span class='ocrx_word' id='word_1_315' title='bbox 1268 2806 1444 2846; x_wconf 91' lang='lat' dir='ltr'>nullum</span> <span class='ocrx_word' id='word_1_316' title='bbox 1477 2806 1525 2847; x_wconf 89' lang='lat' dir='ltr'>in</span> <span class='ocrx_word' id='word_1_317' title='bbox 1559 2819 1615 2847; x_wconf 89' lang='lat' dir='ltr'>ea</span> <span class='ocrx_word' id='word_1_318' title='bbox 1648 2809 1805 2850; x_wconf 87' lang='lat' dir='ltr'>lumen</span> 
     </span>
    </p>
   </div>
   <div class='ocr_carea' id='block_1_3' title="bbox 234 2964 669 2994">
    <p class='ocr_par' dir='ltr' id='par_1_6' title="bbox 234 2964 669 2994">
     <span class='ocr_line' id='line_1_39' title="bbox 234 2964 669 2994; baseline 0 -2"><span class='ocrx_word' id='word_1_319' title='bbox 234 2965 243 2984; x_wconf 87' lang='lat'>¹</span> <span class='ocrx_word' id='word_1_320' title='bbox 284 2965 319 2992; x_wconf 85' lang='lat' dir='ltr'>P.</span> <span class='ocrx_word' id='word_1_321' title='bbox 336 2965 540 2994; x_wconf 65' lang='lat' dir='ltr'>Paschasius</span> <span class='ocrx_word' id='word_1_322' title='bbox 556 2964 669 2993; x_wconf 66' lang='lat' dir='ltr'>Bro&#39;ct.</span> 
     </span>
    </p>
   </div>
  </div>
 </body>
</html>
