2074 3179
941 173 976 209 A
987 184 1023 209 x.
1057 172 1142 209 1551
1792 170 1863 206 373

312 273 596 323 Collegimus
617 271 844 322 quasdam
865 271 1187 321 eleemosynas
1208 270 1254 309 in
1281 279 1540 320 pauperum
1567 268 1859 307 sustentatio-

229 355 350 393 nem,
366 343 615 394 praecipue
631 353 745 382 vero
762 342 808 381 in
825 341 1028 391 gratiam
1045 340 1359 380 studiosorum
1375 338 1676 389 Theologiae,
1696 338 1861 389 quibus

233 421 276 455 et
304 415 431 454 vitae
459 419 671 464 sumptus
698 413 744 453 in
780 413 948 452 multos
980 424 1148 461 annos,
1183 411 1284 451 Deo
1316 410 1453 459 duce,
1485 409 1858 460 procuravimus.

232 486 409 526 Verum
431 496 484 525 eo
506 490 700 524 Ventum
721 489 789 523 est
811 483 934 534 apud
956 482 1216 523 Germanos
1237 488 1301 531 ut,
1325 493 1382 521 ne
1403 480 1655 532 propositis
1676 480 1862 531 quidem

233 555 491 607 stipendiis,
530 555 589 594 ad
628 566 765 594 sacra
799 554 916 593 haec
951 553 1103 593 studia
1130 557 1494 604 promoveantur
1525 551 1859 591 adolescentes.

231 627 349 666 Tam
371 627 510 666 alieni
538 632 645 666 sunt
676 626 733 664 ab
761 637 815 664 ea
843 624 1152 675 professione,
1185 635 1302 674 quae
1329 635 1451 662 nunc
1479 623 1555 662 vel
1581 622 1784 661 maxime
1814 621 1863 661 fit

231 698 514 748 necessaria,
534 697 613 736 ubi
634 696 783 736 sacris
805 695 860 735 de
882 695 1021 734 rebus
1043 695 1120 733 vel
1141 694 1285 734 infimi
1306 700 1349 734 et
1366 693 1674 733 indoctissimi
1696 693 1863 744 quique

231 769 407 819 passim
427 767 689 819 disceptant
711 778 766 805 ac
788 766 887 805 sine
908 765 997 805 fine
1025 771 1275 815 nugantur.

311 839 443 879 Rmus
464 839 726 889 Episcopus
747 836 1081 887 Eystettensis,
1115 836 1260 875 Ill.mus
1282 836 1512 876 Bavariac
1543 835 1658 885 dux,
1683 840 1727 874 ct
1748 835 1864 874 haec

231 916 330 950 tota
358 910 494 949 simul
525 908 765 948 academia
798 907 1158 957 contenderunt,
1187 918 1337 957 neque
1365 906 1591 946 desistunt
1621 905 1774 946 adhuc
1801 905 1864 945 in-

230 987 372 1029 stare,
398 991 488 1031 quo
511 991 679 1019 munus
701 979 865 1018 obeam
889 977 1183 1018 Cancellarii.
1209 977 1299 1017 Sed
1320 978 1443 1017 hunc
1470 978 1694 1017 honorem
1724 982 1773 1016 ut
1802 977 1865 1016 in-

230 1052 389 1092 stituto
419 1057 579 1091 nostro
610 1051 813 1090 alienum
839 1049 1042 1089 refutavi
1069 1048 1316 1099 hactenus,
1348 1060 1590 1099 meamque
1619 1048 1866 1099 indignita-

230 1130 323 1164 tem
344 1129 442 1162 tum
462 1134 545 1174 per
566 1122 759 1171 litteras,
784 1127 881 1160 tum
902 1120 1012 1160 viva
1034 1131 1151 1159 voce
1174 1125 1365 1159 coactus
1387 1131 1489 1159 sum
1510 1131 1758 1171 exponere.
1777 1119 1865 1159 Ex-

231 1193 438 1234 cusando
480 1198 634 1233 autem
677 1205 731 1232 ac
768 1190 1094 1241 detrectandO‚
1135 1190 1250 1230 nihil
1285 1191 1531 1241 impetravi
1566 1189 1690 1230 aliud
1726 1200 1866 1241 quam

231 1265 354 1317 quod
382 1264 606 1315 Princeps
634 1264 732 1315 ipse
759 1262 855 1314 jam
885 1262 1124 1313 scripserit
1150 1261 1204 1301 R.
1235 1262 1283 1301 P.
1314 1262 1366 1301 T.
1398 1268 1445 1301 ut
1474 1262 1752 1302 auctoritate
1786 1268 1866 1301 tua

231 1337 498 1387 compulsus
530 1347 617 1387 ego
647 1335 692 1374 id
727 1335 1032 1385 susciperem,
1064 1346 1091 1373 a
1125 1345 1215 1385 quo
1251 1339 1375 1373 certe
1411 1333 1631 1373 abhorret
1664 1333 1862 1372 animus.

230 1407 432 1459 Majores
448 1407 625 1446 idcirco
641 1406 822 1456 gratias
840 1405 1061 1445 debemus
1080 1405 1187 1444 huic
1203 1404 1417 1456 principi,
1438 1404 1561 1455 quod
1580 1404 1637 1443 ad
1649 1403 1865 1455 jacienda

232 1480 418 1519 demum
445 1478 750 1518 fundamenta
784 1476 920 1527 hujus
954 1476 1138 1526 collegii
1165 1488 1267 1516 sese
1296 1481 1564 1525 convertat,
1595 1486 1741 1526 eoque
1768 1474 1865 1526 jam

232 1550 421 1601 scripsit
443 1549 502 1589 ad
517 1549 572 1588 R.
591 1548 640 1588 Ρ.
661 1548 713 1588 T.
734 1554 783 1588 ut
799 1560 858 1588 ex
873 1547 998 1588 Urbe
1020 1547 1210 1599 quidam
1226 1560 1250 1587 e
1270 1547 1446 1587 nostris
1468 1547 1558 1586 huc
1580 1546 1865 1586 destinaren-

232 1629 322 1671 tur,
347 1621 579 1672 promisso
601 1620 690 1659 illis
712 1619 826 1669 ipsis
853 1619 1041 1659 viatico.
1074 1618 1177 1669 Qua
1204 1618 1260 1658 de
1288 1630 1338 1658 re
1363 1617 1460 1669 jam
1486 1628 1762 1669 responsum
1789 1628 1863 1656 ex-

232 1698 497 1742 spectamus
527 1691 753 1743 quotidie,
784 1690 898 1730 nihil
933 1701 1047 1730 sane
1081 1689 1314 1730 lubentius
1349 1689 1609 1740 accepturi,
1646 1700 1787 1740 quam
1816 1694 1865 1728 ut

232 1763 409 1803 tamdiu
439 1762 689 1803 desiderati
716 1761 886 1801 fratres
914 1761 1098 1801 demum
1126 1761 1377 1809 accedant,
1411 1766 1455 1800 et
1486 1760 1606 1800 hanc
1632 1760 1864 1800 Bavariae

232 1835 419 1874 vineam
440 1834 595 1874 colant
617 1834 939 1883 illustrentque
964 1832 1139 1873 Christi
1160 1832 1462 1883 benignitate.

312 1906 362 1946 In
383 1905 650 1945 carceribus
670 1916 762 1944 non
787 1903 1031 1944 defuerunt
1052 1916 1167 1955 quos
1195 1909 1239 1943 et
1265 1903 1422 1943 verbis
1451 1910 1493 1943 et
1521 1903 1758 1942 laboribus
1784 1914 1861 1942 no—

231 1977 340 2017 stris
361 1976 843 2030 consolarinominus
863 1975 1077 2015 voluerit.
1096 1976 1271 2015 Eorum
1291 1986 1448 2025 unum,
1471 1980 1576 2025 post
1597 1974 1864 2014 decollatio-

230 2061 352 2099 nem,
377 2054 421 2088 et
442 2059 547 2088 cum
569 2048 754 2088 Christo
777 2053 993 2098 putamus
1015 2057 1231 2097 regnare,
1256 2052 1299 2085 et
1317 2057 1452 2085 orare
1471 2046 1607 2085 simul
1624 2057 1708 2097 pro
1730 2045 1863 2085 nobis

234 2119 529 2169 confidimus,
554 2117 944 2170 quemadmodum
966 2118 1041 2157 ille
1062 2117 1185 2157 bona
1207 2117 1309 2167 fide,
1334 2117 1472 2168 paulo
1496 2122 1746 2168 antequam
1768 2127 1862 2156 mo-

233 2196 427 2241 reretur,
453 2190 565 2230 mihi
584 2190 822 2241 pollicitus
843 2189 943 2229 fuit.

313 2261 508 2313 Scripsit
525 2261 621 2313 jam
648 2262 789 2301 semel
817 2266 954 2312 atque
982 2261 1150 2300 iterum
1178 2260 1237 2300 ad
1267 2271 1352 2299 nos
1378 2260 1635 2310 Episcopus
1665 2259 1863 2310 insignis

233 2333 468 2374 Saxoniae
488 2333 798 2384 proponitque
821 2338 995 2372 statum
1015 2344 1126 2372 vere
1148 2332 1460 2371 miserabilem
1475 2330 1716 2371 Ecclesiae
1733 2341 1860 2381 suae,

234 2405 293 2445 ad
320 2415 459 2456 quam
494 2403 849 2444 instaurandam
882 2409 1150 2443 nostrorum
1179 2403 1399 2442 adhibere
1427 2407 1623 2442 conatus
1656 2407 1860 2453 exoptat.

234 2475 621 2516 Commendatum
658 2480 906 2525 utcumque
945 2473 1085 2513 habet
1122 2479 1334 2513 nostrum
1372 2474 1460 2513 hoc
1498 2473 1781 2523 institutum,
1819 2478 1864 2512 et

232 2559 393 2587 coram
416 2557 556 2596 agere
577 2545 820 2585 nobiscum
843 2546 968 2596 cupit
996 2556 1086 2597 quo
1107 2551 1246 2597 pacto
1275 2544 1458 2585 afflictis
1484 2544 1725 2584 Ecclesiae
1752 2556 1864 2584 suae

233 2618 370 2658 rebus
391 2617 640 2657 subvenire
661 2617 822 2667 possit.
840 2615 1092 2668 Speramus
1108 2628 1202 2656 non
1222 2616 1382 2656 inutile
1403 2616 1611 2656 futurum
1631 2615 1754 2655 istud
1775 2616 1863 2655 col·

234 2689 460 2740 loquium,
485 2700 543 2728 ex
563 2699 653 2739 quo
675 2687 874 2727 fortasse
902 2687 1099 2739 reperiri
1128 2687 1315 2738 aliquod
1343 2687 1513 2727 ostium
1541 2693 1680 2738 queat
1711 2685 1863 2726 Socie-

233 2760 342 2810 tati,
365 2766 415 2800 ut
436 2760 495 2800 ad
515 2760 692 2799 fontem
712 2759 879 2799 harum
901 2759 1105 2799 omnium
1127 2758 1375 2799 haeresum
1396 2771 1451 2798 ac
1483 2764 1743 2808 parentem,
1776 2757 1866 2798 hoc

235 2837 318 2882 est,
343 2831 402 2872 ad
424 2832 575 2882 ipsam
596 2842 740 2881 usque
762 2829 1018 2870 Saxoniam
1040 2836 1272 2881 penetret,
1296 2841 1524 2881 suumque
1545 2829 1658 2880 figat
1687 2829 1780 2868 illic
1800 2834 1864 2868 ta-

233 2903 538 2943 bernaculum
559 2902 606 2942 in
626 2901 815 2941 nomine
835 2901 959 2955 Jesu,
984 2901 1062 2942 ubi
1083 2900 1320 2941 Sathanae
1350 2911 1568 2951 regnum,
1598 2906 1642 2940 et
1670 2900 1865 2940 haereti-

235 2985 398 3014 corum
419 2973 603 3025 asylum
627 2984 682 3012 ac
704 2972 989 3013 domicilium
1010 2973 1251 3026 proprium
1272 2984 1373 3012 esse
1395 2971 1527 3011 solet.
1552 2971 1747 3023 Aperiat
1774 2974 1866 3014 Do-
