2074 3179
928 159 1011 196 Ax.
1045 159 1129 196 1551
1780 159 1851 196 319

301 255 667 308 Superscrz'plz'o.
691 257 732 302 †.
758 255 816 295 Al
836 256 976 295 molto
999 255 1100 295 RflO
1118 255 1165 294 in
1186 254 1325 295 Chro.
1347 254 1498 294 Padre
1521 255 1551 293 il
1573 254 1621 294 P.
1642 261 1722 293 m.S
1745 255 1849 304 (sic)

220 327 400 376 Ignatio
418 327 473 367 de
490 328 684 377 Loyola‚
705 326 946 377 Preposito
964 326 1083 366 della
1101 325 1393 377 Compagnia
1413 324 1468 363 de
1486 325 1611 377 Jesu,
1623 325 1665 364 Α
1682 324 1846 365 Roma.

299 397 448 436 Mam!
470 398 519 448 J.
545 397 636 437 Ple.
676 396 796 436 [710.-
818 397 967 447 Quad.
990 396 1204 436 Palcrmo
1229 394 1349 445 1551,
1377 394 1424 434 18
1445 394 1491 434 di
1511 395 1718 446 Maggio.

298 468 361 507 Et
388 467 484 507 alfa
500 480 513 507 .·
549 467 661 507 1331.
700 467 929 514 Palermo,
971 467 1016 506 18
1052 467 1107 507 de
1143 466 1348 517 maggio,
1388 477 1447 505 m.
1485 465 1577 505 don
1613 465 1758 506 Paulo
1793 467 1849 506 de

219 538 392 578 achilli.

866 964 1203 1016 LXXXVII

292 1192 338 1229 P.
367 1192 586 1229 Antonius
608 1191 752 1228 Vinck

338 1257 458 1294 Patri
478 1257 647 1303 Ignatio
667 1255 720 1292 de
740 1256 924 1302 Loyola.

384 1321 605 1367 Messana,
630 1321 673 1357 19
694 1321 797 1368 Maji
819 1321 904 1358 1551
928 1322 951 1356 ¹.

224 1489 275 1516 Ex
292 1489 417 1516 litteris
432 1488 586 1514 Nic-sana
603 1488 712 1514 missis
730 1488 760 1514 14
776 1489 843 1514 kal.
860 1487 946 1520 Junii
965 1488 1042 1518 1551,
1059 1495 1078 1514 a
1090 1487 1132 1514 M.
1149 1487 1297 1514 Antonio
1310 1487 1412 1519 Vink.
1430 1487 1574 1514 Rectore
1588 1485 1721 1521 collegii
1733 1488 1850 1513 nostri:

271 1537 309 1563 de
325 1536 476 1570 proxime
493 1541 614 1562 exarto
637 1535 896 1569 quadrimestri,
913 1543 976 1569 quo
992 1535 1060 1562 fere
1078 1535 1185 1562 abfuit
1201 1534 1366 1569 Magister
1382 1534 1608 1570 Hieronymus
1624 1534 1758 1561 Natalis
1774 1533 1798 1560 ἳ-

832 1742 1234 1796 JESUs-MARIA

302 1885 488 1931 Gratia,
524 1897 617 1936 pax
643 1892 686 1925 et
716 1884 1037 1925 misericordia
1066 1884 1261 1925 Domini
1287 1884 1435 1924 nostri
1454 1884 1563 1937 Jesu
1595 1882 1770 1923 Christi
1797 1882 1854 1922 sit

214 1967 326 1995 cum
347 1956 561 1996 omnibus
582 1956 731 1996 nobis.
756 1955 925 1996 Amen,

300 2027 417 2067 Cum
439 2038 635 2077 semper,
660 2032 703 2066 et
724 2026 770 2066 id
798 2025 984 2078 quidem
1010 2026 1199 2076 merito,
1221 2031 1412 2065 nostrae
1438 2036 1524 2065 nos
1545 2024 1766 2076 ignaviae
1788 2030 1851 2063 at-

221 2109 308 2149 que
329 2097 573 2137 socordiae
595 2097 782 2148 pudeat,
806 2108 929 2136 nunc
950 2096 1156 2136 maxime
1186 2101 1230 2136 et
1262 2096 1403 2147 pudet
1438 2101 1483 2135 et
1514 2095 1683 2146 taedet,
1713 2093 1854 2134 Pater

220 2168 267 2208 in
304 2168 491 2209 Christo
528 2167 954 2207 observandissime
983 2174 1123 2219 atque
1151 2166 1378 2218 imprimis
1407 2165 1684 2217 reverende,
1715 2177 1769 2205 eo
1791 2165 1855 2205 ni·

222 2239 390 2279 mirum
411 2239 617 2287 absente,
638 2237 769 2290 cujus
784 2243 898 2278 nutu
920 2244 1058 2290 atque
1076 2237 1285 2289 auspicio
1307 2238 1545 2288 multaque
1564 2236 1688 2288 apud
1704 2235 1856 2277 Deum

226 2310 378 2358 (sicuti
412 2310 525 2349 mihi
560 2309 834 2360 persuadeo)
868 2310 1039 2360 gratia,
1076 2308 1278 2349 maxime
1314 2308 1491 2348 factum
1525 2313 1595 2348 est
1630 2307 1852 2359 quidquid

222 2380 448 2421 hactenus
471 2380 544 2420 hic
567 2380 665 2420 fieri
685 2381 835 2431 potuit
855 2380 979 2420 boni.
1004 2379 1151 2420 Abest
1179 2380 1302 2420 enim
1325 2379 1397 2430 (ut
1419 2378 1534 2429 scis)
1552 2377 1648 2430 jam
1669 2379 1853 2419 tertium

215 2545 222 2551 “
277 2540 287 2559 ¹
328 2538 456 2565 Harum
475 2540 669 2566 litterarum
683 2539 840 2574 exempla
855 2543 1000 2574 quatuor
1014 2538 1398 2571 habemus.—Primum,
1412 2537 1648 2572 autographas
1669 2537 1774 2572 ipsius
1791 2537 1858 2565 An-

224 2586 306 2614 tonii
321 2586 431 2613 Vinci:
451 2587 585 2613 litteras
602 2587 633 2613 in
648 2586 861 2621 quadruplici
874 2587 965 2621 folio,
982 2586 1034 2614 cui
1045 2586 1175 2613 numeri
1188 2589 1286 2613 erant
1299 2586 1380 2613 olim
1391 2585 1518 2618 326-329,
1530 2592 1617 2612 nunc
1632 2592 1715 2612 vero
1727 2585 1857 2612 32-35.-

224 2633 423 2663 Secundum.
441 2634 564 2660 harum
580 2634 784 2667 litterarum,
801 2637 983 2668 postquam
998 2641 1057 2661 eas
1071 2633 1194 2668 polivit
1211 2638 1244 2661 et
1261 2633 1293 2660 in
1310 2632 1511 2667 qmbusdam
1529 2632 1723 2659 decurtavit
1739 2631 1858 2659 Polan-

224 2688 297 2714 cus,
319 2681 555 2715 apographum
578 2689 597 2707 a
624 2680 658 2706 P.
686 2679 713 2713 J.
736 2680 794 2708 Ph.
822 2680 903 2708 Vito
925 2681 1054 2708 factum
1074 2681 1107 2708 in
1128 2680 1253 2715 triplici
1278 2680 1373 2713 folio,
1398 2679 1450 2706 cui
1472 2679 1552 2706 olim
1573 2679 1703 2706 numeri
1730 2678 1856 2710 330-332,

224 2735 310 2755 nunc
324 2728 610 2755 36-38.—T⁷3r1ium
625 2728 770 2755 secundo
785 2727 903 2762 simile,
920 2736 940 2756 a
956 2729 990 2755 P.
1006 2728 1181 2755 Bernardo
1197 2727 1348 2755 Oliverio
1363 2726 1553 2754 consectum
1570 2726 1603 2753 in
1625 2725 1714 2752 foliis
1727 2725 1762 2752 23
1776 2729 1810 2753 et
1822 2725 1857 2752 24

223 2774 356 2802 Codicis
374 2775 665 2808 1551.—Qua1·tum,
683 2776 858 2810 exemplar
872 2776 1017 2803 seeundo
1031 2779 1065 2803 et
1080 2776 1182 2802 tertio
1197 2774 1324 2808 simile.
1344 2774 1377 2801 in
1396 2773 1598 2807 Hispaniam
1616 2772 1755 2800 missum
1776 2776 1809 2800 et
1825 2773 1858 2800 in

215 2822 387 2849 JJa'storia
401 2824 518 2853 varia,
540 2823 605 2849 vol.
625 2829 643 2853 ι,
665 2822 720 2849 fol.
740 2822 858 2850 218-220
878 2822 1212 2851 asservatum.-Nos
1236 2822 1290 2849 hic
1307 2820 1543 2856 autographas
1562 2820 1702 2847 Antonii
1722 2819 1858 2847 litteras

222 2869 433 2897 adamussim
448 2877 638 2903 sequemur.

277 2917 291 2935 2
329 2917 422 2944 Haec
439 2917 605 2945 Polancus
621 2925 721 2944 manu
736 2918 874 2952 propria
897 2919 978 2953 ipsis
999 2918 1137 2946 Antonii
1162 2917 1274 2945 Vinck
1299 2916 1425 2944 litteris
1448 2915 1656 2950 praeposuit,
1673 2922 1693 2942 a
1708 2916 1858 2943 librariis

225 2964 258 2990 in
273 2965 549 2999 apographorum
565 2966 676 3000 capite
692 2964 883 2993 scribenda.
