2074 3179
175 167 246 203 412
688 168 915 205 LITTERAE
943 180 1302 212 QUADRIMEsTREs

173 275 200 302 a
230 263 443 304 faucibus
480 264 720 304 daemonis
756 265 937 304 animas
967 265 1156 316 eripuit;
1187 267 1307 306 inter
1334 267 1450 307 alios
1484 268 1570 308 fuit
1602 269 1808 320 quidam,

172 335 272 386 qui,
305 347 407 375 cum
442 336 488 375 in
516 342 704 386 gutture
733 337 903 376 vulnus
933 337 1212 388 accepisset,
1244 339 1459 389 quamvis
1487 351 1570 390 per
1602 341 1809 380 vulneris

173 406 429 457 spiramina
452 407 659 459 sibilaret
680 408 948 459 eisdemque
976 414 1189 459 sumptus
1219 409 1348 448 cibus
1376 410 1651 461 elaberetur,
1682 414 1808 452 nullo

171 478 324 529 modo,
347 483 396 518 ut
418 478 607 518 inimico
625 478 851 518 offensam
868 479 1172 531 condonaret,
1198 480 1472 532 persuaderi
1492 487 1693 532 poterat.
1718 483 1808 523 Ve-

172 560 275 588 rum
297 549 426 589 illum
447 549 656 589 invisens
678 555 722 589 et
744 549 803 589 ad
825 550 1170 590 confessionem
1190 551 1400 591 alliciens
1428 550 1476 591 P.
1510 552 1807 602 Paschasius,

171 618 269 670 ejus
304 621 510 661 ani-mam
544 620 731 661 Christo
766 633 849 672 pcr
885 621 1031 672 ipsius
1065 622 1270 672 gratiam
1301 623 1564 674 acquisivit.
1605 623 1807 674 Quidam

169 692 289 731 alius
307 691 546 742 sacerdos,
567 703 672 732 cum
690 692 747 731 ob
766 699 1071 743 pcccatorum
1088 694 1358 744 congeriem
1376 693 1432 734 de
1449 695 1640 745 propria
1658 696 1807 736 salute

168 763 463 814 desperaret,
487 763 634 815 deque
655 763 746 803 Dei
767 764 1091 804 misericordia
1114 776 1260 816 usque
1285 764 1401 805 adeo
1424 765 1678 816 diffideret,
1710 773 1759 806 ut
1780 780 1807 807 a

168 835 322 875 multis
345 835 390 875 id
418 835 704 875 tentantibus
732 836 779 875 in
805 847 938 887 spem
966 836 1085 887 erigi
1113 848 1208 876 non
1238 837 1464 887 potuerit,
1496 837 1810 878 invisentibus

166 917 271 946 eum
292 906 534 955 Patribus,
559 906 721 946 divino
744 906 910 947 favore
938 907 1135 958 resipuit
1166 919 1220 947 ac
1251 920 1428 959 paucos
1449 915 1553 960 post
1584 908 1683 948 dies
1711 910 1805 949 ani-

168 989 293 1017 mam
311 977 500 1018 efflavit.

247 1048 321 1089 Ad
343 1048 663 1090 confessiones
685 1061 858 1101 magno
879 1061 1074 1090 numero
1097 1056 1141 1090 et
1158 1051 1405 1091 devotione
1423 1041 1735 1102 concurritur,
1760 1057 1805 1091 et

168 1120 288 1160 inter
312 1132 405 1167 eos,
431 1121 509 1172 qui
536 1122 701 1161 crebro
730 1122 789 1162 ad
815 1133 897 1161 eas
925 1134 979 1162 ac
1008 1122 1357 1162 sanctissimum
1377 1122 1706 1163 Eucharistiae
1735 1135 1804 1163 sa-

168 1198 460 1232 cramentum
488 1193 739 1244 accedunt,
769 1194 976 1233 maxima
1002 1205 1114 1245 pars
1141 1205 1303 1234 eorum
1330 1201 1421 1245 est,
1453 1194 1532 1246 qui
1560 1206 1671 1234 vere
1699 1206 1802 1246 pos-

168 1268 274 1302 sunt
297 1263 564 1314 spirituales
585 1265 833 1315 appellari,
858 1276 968 1305 nam
986 1264 1176 1305 Domini
1196 1265 1399 1316 vestigia
1421 1276 1601 1305 summo
1617 1265 1805 1306 fervore

166 1340 528 1385 prosequuntur.
553 1335 614 1376 Hi
637 1347 739 1376 sese
761 1337 808 1376 in
826 1336 1162 1388 componendis
1179 1337 1547 1377 dissensionibus
1565 1343 1800 1383 exercent,

164 1412 208 1444 et
229 1406 462 1457 mulieres,
488 1406 802 1457 perniciosam
817 1408 966 1448 vitam
983 1414 1193 1460 agentes,
1217 1408 1277 1448 ad
1292 1408 1465 1448 bonam
1482 1414 1686 1448 mentem
1702 1409 1801 1448 rcd-

164 1477 335 1517 ducere
389 1478 598 1529 student,
649 1491 909 1531 pauperum
950 1480 997 1520 in
1042 1479 1351 1532 hospitalibus
1397 1491 1560 1520 curam
1606 1480 1800 1528 habent,

163 1547 349 1588 demum
377 1549 566 1601 pietatis
603 1555 647 1590 et
682 1550 928 1591 charitatis
977 1550 1293 1591 functionibus
1328 1562 1376 1591 se
1422 1551 1629 1591 studiose
1665 1562 1800 1590 occu-

164 1625 293 1670 pant.

242 1690 292 1731 P.
317 1690 602 1733 Paschasius
623 1693 778 1733 multis
799 1694 846 1734 in
866 1694 1135 1745 praesentia
1156 1693 1416 1746 spiritualia
1446 1692 1526 1733 dat
1551 1693 1797 1742 exercitia,

163 1770 206 1802 et
229 1762 348 1803 inter
371 1764 488 1804 alios
509 1764 789 1816 quibusdam
809 1765 1129 1806 nobilissimae
1158 1764 1362 1805 familiae
1392 1765 1634 1805 foeminis:
1668 1764 1795 1805 dedit

163 1834 303 1873 etiam
325 1835 561 1886 plurimis,
585 1836 800 1887 proxime
822 1836 994 1888 elapsis
1016 1836 1198 1885 diebus,
1232 1848 1289 1876 ex
1311 1836 1478 1888 quibus
1500 1836 1685 1887 aliquae
1706 1836 1798 1875 vir-

162 1905 296 1955 gines
328 1907 593 1958 ingressae,
619 1908 804 1960 aliquae
826 1907 1128 1959 ingressurae
1149 1914 1257 1948 sunt
1279 1907 1526 1958 coenobia;
1551 1913 1595 1947 et
1622 1907 1802 1947 Doctor

162 1977 351 2028 quidam
382 1978 429 2018 in
455 1984 653 2031 utroque
678 1978 803 2030 jure,
830 1980 996 2020 iisdem
1018 1979 1258 2020 exercitiis
1280 1985 1545 2031 promotus,
1585 1978 1644 2019 ad
1678 1978 1801 2018 idem

164 2049 500 2099 praestandum
530 2055 750 2102 paratum
770 2062 820 2090 se
842 2062 944 2090 esse
965 2050 1223 2102 profitetur.
1256 2050 1317 2090 Hi
1349 2050 1561 2090 homines
1589 2050 1653 2090 ita
1684 2061 1798 2100 erga

164 2120 450 2161 Societatem
472 2127 578 2161 sunt
601 2120 772 2173 affecti,
797 2127 846 2162 ut
867 2133 1122 2173 numquam
1143 2134 1170 2162 a
1192 2121 1342 2173 nobis,
1366 2122 1475 2162 dum
1496 2126 1706 2173 possunt,
1731 2133 1796 2161 re<

161 2191 327 2232 cedere
349 2193 469 2233 velle
490 2193 765 2244 videantur;
790 2199 834 2234 et
855 2194 1071 2245 quamvis
1094 2194 1287 2234 audiant
1315 2193 1476 2234 diebus
1503 2193 1633 2233 festis
1661 2205 1800 2233 mane

160 2264 450 2315 concionem,
475 2270 519 2304 et
542 2277 568 2304 a
590 2263 788 2316 prandio
811 2265 1058 2305 lectionem
1080 2265 1135 2305 de
1158 2265 1413 2305 christiana
1436 2265 1667 2315 doctrina,
1691 2275 1794 2304 nec-

159 2346 254 2374 non
290 2334 413 2375 domi
448 2336 710 2376 orationem
745 2348 772 2375 a
807 2336 1031 2377 fratribus
1067 2337 1275 2377 habitam
1310 2338 1476 2388 (quam
1512 2343 1670 2376 tamen
1703 2348 1797 2376 non

164 2417 328 2446 omnes
349 2407 651 2459 intelligunt),
675 2420 769 2449 non
799 2409 888 2449 illis
911 2409 956 2449 id
983 2408 1171 2459 sufficit3
1196 2408 1350 2449 adhuc
1377 2409 1550 2449 vellent
1581 2419 1607 2447 a
1634 2407 1682 2448 P.
1714 2407 1795 2447 Pa-

163 2478 350 2518 schasio
371 2478 609 2530 privatam
631 2480 1025 2531 exhortationem,
1047 2486 1312 2520 asserentes
1329 2492 1378 2519 se
1399 2491 1493 2520 non
1514 2479 1640 2519 aliud
1669 2484 1795 2530 opta-

160 2561 210 2589 re
233 2561 372 2601 quam
394 2550 630 2602 integrum
652 2551 775 2591 diem
796 2552 843 2591 in
863 2552 1024 2592 divino
1055 2552 1249 2592 servitio
1273 2551 1550 2602 transigere.

236 2620 312 2662 Ad
329 2633 417 2662 nos
439 2621 628 2663 deducti
659 2622 790 2663 fuere
819 2623 1006 2673 (nostro
1035 2623 1196 2663 audito
1219 2622 1445 2672 adventu)
1469 2623 1735 2673 complures
1768 2635 1795 2662 a
1853 2646 1857 2650 ,

154 2692 394 2743 spiritibus
412 2693 664 2734 immundis
684 2694 861 2743 vexati,
885 2707 943 2734 ex
964 2694 1130 2745 quibus
1148 2694 1313 2734 mulier
1329 2694 1563 2745 quaedam
1580 2705 1607 2733 a
1624 2692 1794 2734 duode-

154 2764 246 2804 cim
265 2764 544 2806 milliaribus
566 2771 634 2805 est
657 2765 876 2805 adducta.
900 2765 1114 2806 Alteram
1135 2765 1379 2814 sacerdos,
1404 2765 1482 2817 qui
1504 2765 1621 2805 alias
1643 2777 1747 2805 eam
1769 2777 1796 2805 a

153 2835 398 2876 daemonio
416 2836 615 2877 liberare
631 2843 828 2877 conatus
845 2836 1012 2888 fuerat,
1033 2836 1240 2888 deduxit,
1261 2837 1340 2889 qui
1358 2835 1562 2889 quadam
1579 2836 1793 2888 simplici-

153 2913 249 2947 tate
265 2907 314 2947 Ρ.
334 2907 590 2948 Paschasio
608 2909 792 2949 dicebat
808 2908 1085 2948 daemonem
1101 2908 1148 2948 in
1167 2908 1301 2960 digiti
1321 2895 1503 2960 apicem
1519 2920 1570 2948 se
1587 2908 1797 2959 recipere

154 2979 382 3030 coegisse,
407 2979 488 3020 sed
505 2981 778 3031 neutiquam
799 2980 905 3020 inde
923 2979 1170 3020 detrudere
1189 2980 1317 3020 illum
1333 2980 1557 3031 potuisse.
1581 2979 1711 3020 Haec
1735 2979 1793 3019 ab
