2074 3179
988 213 1071 249 AN.
1105 213 1191 250 1551
1834 215 1906 251 :305

274 322 324 349 se
345 310 564 360 gesserit,
591 310 655 349 ita
676 315 724 349 ut
745 315 932 360 stupere
955 320 1117 349 omnes
1139 317 1205 359 et,
1230 316 1279 349 ut
1300 309 1457 348 verius
1479 308 1651 360 dicam,
1684 310 1903 350 confundi

273 381 531 432 coeperint,
557 392 663 420 cum
684 392 754 431 ea,
779 392 898 431 quae
921 380 1008 431 ipsi
1029 379 1137 419 ficta
1159 380 1537 431 suspicabantur,
1562 381 1809 421 verissima
1829 383 1902 422 dc-

273 451 639 502 prehenderunt,
675 457 733 501 et,
773 450 895 502 quod
922 451 977 490 de
1012 462 1066 490 eo
1088 451 1402 501 dubitabatur,
1436 451 1642 490 omnium
1672 464 1902 492 consensu

272 522 608 573 comprobavit;
628 523 692 562 ita
708 522 898 572 factum,
918 527 967 561 ut
984 522 1198 562 omnibus
1215 522 1448 562 silentium
1468 522 1752 573 imposuerit.
1772 523 1901 563 Licet

270 600 427 634 autem
448 594 592 633 multa
614 593 661 633 in
682 594 759 633 illo
790 593 1012 633 bonitatis
1042 593 1246 644 insignia
1275 593 1507 643 refulgere
1535 593 1664 643 prius
1693 593 1901 633 videren-

269 671 359 715 tur,
390 663 538 715 major
566 671 723 704 tamen
758 664 804 703 in
832 664 1083 704 armariolo
1112 665 1280 703 mentis
1308 664 1533 704 virtutum
1562 663 1807 704 thesaurus
1835 677 1901 704 re-

271 735 484 775 conditus
516 741 637 785 erat,
676 746 813 786 quem
846 735 892 774 in
919 734 1207 782 infirmitate,
1239 742 1283 774 et
1311 735 1603 785 potissimum
1631 734 1677 773 in
1706 735 1902 775 articulo

268 807 432 846 mortis
454 807 754 856 constitutus,
780 806 1090 857 deprompsit,
1116 812 1159 845 et
1182 806 1283 857 quis
1304 805 1467 845 suisset
1491 806 1536 845 in
1557 806 1675 855 vita,
1699 806 1903 845 moriens

268 878 483 917 ostendit.
521 877 640 917 Nam
679 876 889 916 infirmus
922 888 1175 927 numquam
1208 888 1523 925 murmurare,
1560 877 1788 927 replicare
1821 885 1900 919 aut

267 948 491 999 conqueri
515 948 645 987 visus
667 954 757 998 est,
782 959 884 999 neC,
909 947 979 987 sui
1012 948 1110 987 voti
1142 948 1313 998 impos,
1339 948 1481 987 ullum
1504 948 1824 998 impatientiae
1847 949 1903 987 si-

266 1030 411 1069 gnum
439 1018 766 1069 demostravit,
796 1018 879 1058 sed
914 1024 1154 1070 tamquam
1182 1030 1355 1069 agnum
1385 1031 1433 1058 se
1455 1019 1650 1058 tractari
1672 1020 1897 1070 permisit,

264 1091 328 1130 ita
344 1097 394 1130 ut
412 1102 517 1130 cum
535 1090 762 1139 omnibus,
784 1096 881 1129 tum
898 1090 1102 1130 maxime
1121 1090 1390 1140 infirmario,
1411 1090 1710 1130 admirationi
1726 1098 1848 1130 esset
1869 1090 1892 1130 ¹.

264 1161 409 1201 Porro
431 1174 484 1201 eo
507 1161 696 1213 spiritus
718 1161 905 1201 fervore
923 1160 1178 1212 jam‘morti
1199 1161 1442 1212 proximus
1465 1173 1692 1201 accensus
1713 1161 1819 1212 fuit,
1850 1168 1900 1201 ut

263 1244 424 1272 omnes
458 1233 540 1272 vix
576 1233 719 1272 alium
752 1231 1086 1272 ferventiorem
1120 1232 1295 1272 vidisse
1317 1244 1386 1283 se,
1411 1232 1632 1284 quamdiu
1660 1232 1892 1280 vixerant,

262 1315 353 1344 uno
375 1315 455 1343 ore
477 1303 747 1342 faterentur.
774 1302 892 1343 Nam
914 1303 978 1353 (ut
1000 1309 1187 1342 caetera
1214 1304 1441 1352 omittam)
1470 1304 1617 1343 altero
1647 1310 1899 1354 antequam

261 1382 519 1415 moreretur
538 1375 610 1414 die
627 1380 822 1414 vocatos
839 1374 897 1413 ad
914 1386 977 1425 se,
992 1380 1035 1414 et
1051 1374 1273 1414 facultate
1290 1386 1316 1413 a
1333 1375 1385 1413 R.
1398 1374 1446 1414 P.
1463 1374 1664 1414 Domino
1682 1375 1899 1415 Cornelio

261 1452 455 1496 accepta
478 1446 586 1495 (non
608 1445 729 1485 enim
751 1446 886 1485 aliter
907 1445 1112 1495 licebat),
1137 1445 1377 1495 ingressos
1400 1446 1446 1485 in
1468 1446 1512 1486 id
1535 1446 1799 1486 cubiculum
1820 1447 1896 1487 ubi

261 1517 580 1568 decumbebat,
601 1517 815 1556 adstante
832 1516 994 1556 eodem
1007 1516 1059 1556 R.
1080 1516 1224 1566 P.,ita
1240 1528 1326 1556 nos
1344 1517 1403 1556 acl
1420 1517 1746 1566 obedientiam,
1766 1530 1897 1569 prae-

260 1595 330 1628 ter
361 1595 570 1638 caetera,
605 1600 752 1639 eoque
781 1587 949 1628 affectu
977 1587 1194 1627 hortatus
1222 1593 1311 1635 est,
1342 1594 1391 1627 ut
1421 1594 1465 1627 et
1497 1589 1735 1639 lacrymas
1764 1589 1897 1629 nobis

261 1660 473 1700 omnibus
493 1661 705 1710 eliceret,
729 1666 773 1699 et
794 1660 931 1699 simul
952 1660 1251 1699 admirationi
1273 1666 1395 1699 esset
1417 1660 1560 1711 quod,
1581 1659 1677 1711 jam
1700 1672 1898 1711 corpore

258 1731 595 1782 propemodum
614 1731 827 1782 frigidus,
848 1732 911 1771 ita
934 1731 1107 1770 caleret
1129 1731 1300 1781 animo,
1325 1736 1374 1770 ut
1393 1742 1649 1782 numquam
1668 1731 1897 1772 fervidius

259 1803 314 1842 de
341 1802 412 1842 his
439 1803 581 1842 verba
614 1803 781 1842 iecisse
810 1803 1065 1842 videretur.
1097 1802 1275 1842 Amore
1305 1808 1549 1853 praeterea
1577 1801 1735 1843 Sancti
1766 1803 1895 1843 Pauli

259 1873 426 1913 mirum
448 1874 495 1913 in
515 1873 703 1913 modum
724 1873 995 1913 exardebat.
1020 1873 1089 1913 Ita
1111 1874 1233 1914 enim
1255 1873 1353 1924 ejus
1374 1873 1628 1924 imaginem
1656 1874 1734 1913 diu
1767 1880 1894 1925 opta-

257 1950 353 1984 tam
373 1950 418 1984 et
439 1945 700 1995 quaesitam
720 1946 1001 1996 tandemque
1037 1945 1079 1984 ei
1106 1945 1310 1984 oblatam
1338 1945 1707 1995 amplectebatur
1735 1957 1790 1984 ac
1821 1945 1894 1985 de—

257 2015 570 2066 osculabatur,
600 2021 650 2055 ut
678 2016 848 2067 ipsam,
874 2016 913 2055 si
933 2016 1181 2067 potuisset,
1215 2015 1344 2055 cordi
1376 2015 1607 2055 infixurus
1634 2016 1889 2062 videretur;

256 2098 392 2138 quem
414 2086 461 2126 in
482 2087 610 2126 coelo
633 2087 917 2127 advocatum
940 2099 988 2126 se
1010 2086 1183 2126 habere
1204 2086 1408 2133 dicebat,
1438 2092 1579 2138 utque
1608 2098 1694 2138 pro
1722 2089 1893 2138 populo

256 2157 511 2198 christiano
551 2157 673 2209 apud
712 2157 965 2198 Dominum
1004 2150 1333 2207 intercederet,
1376 2158 1544 2198 devote
1592 2159 1888 2209 precabatur.

256 2228 512 2280 praecipuo
534 2240 716 2280 quoque
739 2241 897 2269 amore
920 2229 1122 2280 quodam
1153 2234 1197 2268 et
1233 2228 1400 2269 ardore
1429 2230 1573 2269 animi
1613 2229 1890 2270 crucifixum

255 2300 631 2352 amplexabatur,
655 2306 719 2351 ut,
744 2313 835 2340 non
866 2301 991 2340 aliud
1016 2312 1154 2352 quam
1183 2300 1421 2341 Christum
1444 2301 1717 2341 crucifixum
1746 2313 1794 2341 se
1814 2314 1888 2353 pe-

256 2377 383 2411 ctore
413 2382 600 2422 gerere,
638 2372 842 2412 evidenti
878 2372 1012 2422 signo
1049 2372 1263 2412 omnibus
1297 2372 1654 2412 demonstraret.
1690 2373 1747 2413 Et
1785 2385 1891 2414 cum

254 2454 438 2494 semper
458 2442 593 2494 hujus
609 2443 783 2483 amoris
801 2443 971 2483 indicia
989 2442 1237 2483 manifesta
1255 2443 1470 2494 ediderit,
1490 2449 1588 2483 tum
1606 2456 1720 2484 vero
1744 2445 1888 2484 maxi-

254 2525 325 2553 me
365 2525 471 2553 cum
505 2513 860 2554 Sanctissimum
894 2513 1251 2554 Sacramentum
1286 2520 1408 2554 esset
1447 2522 1740 2567 sumpturus:
1779 2522 1888 2555 tunc

253 2585 376 2625 enim
395 2585 512 2624 haec
533 2590 578 2624 et
599 2583 863 2635 hujusmodi
883 2585 1028 2625 verba
1051 2597 1109 2625 ex
1129 2585 1447 2636 penetralibus
1465 2586 1634 2633 cordis,
1652 2592 1777 2626 totus
1799 2588 1886 2638 spi·

252 2657 343 2697 ritu
359 2655 562 2706 fervens,
582 2656 796 2706 quamvis
814 2667 1011 2707 corpore
1031 2657 1289 2707 langueret,
1308 2668 1481 2707 magna
1500 2668 1662 2697 eorum
1679 2658 1885 2697 omnium

252 2728 330 2779 qui
359 2727 556 2767 aderant
590 2727 929 2778 consolatione,
960 2727 1181 2779 profudit:
1214 2727 1435 2778 Domine,
1466 2734 1515 2768 tu
1546 2729 1605 2768 ad
1631 2740 1704 2768 me
1735 2729 1882 2778 venis,

250 2810 356 2838 cum
376 2809 464 2850 ego
487 2798 546 2838 ad
566 2804 610 2838 te
631 2797 790 2837 venire
812 2797 1033 2838 debeam?
1053 2810 1215 2849 parce,
1239 2810 1403 2849 parce,
1429 2799 1641 2850 inquam,
1666 2799 1881 2849 Domine,

251 2875 296 2909 et
315 2866 538 2910 miserere
559 2869 665 2908 mei.
689 2869 841 2920 Atque
861 2869 977 2909 haec
998 2869 1192 2909 subinde
1213 2870 1467 2921 replicaris„
1491 2870 1769 2921 veniamque
1791 2877 1835 2910 et
1856 2882 1884 2910 a

306 3030 315 3049 ¹
356 3029 461 3057 Esset
475 3029 611 3064 scripsit
623 3030 797 3062 Polancus,
814 3031 924 3058 deleto
941 3032 1137 3062 vsderezur,
1153 3031 1239 3065 quod
1257 3033 1442 3064 scripserat
1461 3032 1666 3061 Alexander.
