2074 3179
861 153 945 190 ΑΝ.
978 152 1068 189 1552
1711 149 1781 183 037

147 253 392 304 magisque
414 252 473 291 ad
493 252 712 302 pietatem
734 257 777 291 et
799 250 950 290 studia
979 247 1262 299 compositos
1283 259 1331 286 se
1353 258 1410 285 ex
1432 246 1503 284 his
1524 244 1624 284 fieri
1644 256 1781 295 posse

148 323 322 374 singuli
341 329 385 363 et
407 323 597 373 cupiunt
618 330 662 362 et
684 322 983 362 vehementer
1011 324 1216 371 sperant.

230 394 319 445 Qui
354 394 412 433 ad
448 392 669 432 inferiora
705 392 926 443 obsequia
960 391 1147 430 domum
1182 394 1289 428 sunt
1324 387 1519 438 recepti,
1557 387 1620 426 ita
1656 398 1704 425 se
1740 393 1785 426 et

149 466 274 505 domi
294 471 337 504 et
363 464 478 504 foris
499 470 668 514 gerunt
697 471 746 504 ut
774 463 935 503 mirari
965 473 1013 501 se
1045 460 1253 512 quidam,
1286 459 1428 498 etiam
1464 458 1665 507 nobiles,
1690 458 1785 508 qui-

147 537 233 577 bus
256 536 343 587 ipsi
363 536 588 575 hactenus
615 536 713 575 noti
739 535 943 580 fuerant,
974 533 1128 584 palam
1155 530 1444 582 praedicent,
1477 530 1555 580 qui
1586 528 1686 568 fieri
1707 539 1787 579 po-

146 607 282 647 tuerit
321 612 369 646 ut
405 612 501 646 tam
539 606 671 645 brevi
709 612 916 656 tempore
953 609 1048 643 tam
1088 602 1300 642 diversos
1331 612 1357 640 a
1387 600 1597 651 pristinis
1632 610 1787 638 mores

147 678 394 718 induerint.

228 748 471 800 Simplices
491 748 719 799 siquidem
739 752 784 786 et
805 746 992 785 incessu
1013 743 1211 784 modesti
1242 743 1466 793 vultuque
1489 753 1671 792 semper
1692 741 1783 791 pie—

147 820 281 870 tatis,
314 832 432 871 quae
462 819 585 858 intus
620 819 754 867 latet,
792 815 1102 856 certissimum
1136 813 1388 865 praebente
1424 811 1666 861 indicium,
1701 822 1787 850 nec

149 890 511 940 consanguineis
541 889 748 940 quidem,
787 888 825 927 si
855 887 974 927 forte
1010 886 1197 925 obviam
1231 884 1342 924 facti
1380 884 1506 935 ipsos
1541 882 1786 933 compella-

146 963 259 1012 rint,
285 961 533 1012 quicquam
554 959 836 1011 respondent
856 964 1042 1010 praeter
1070 956 1115 996 id
1142 968 1306 996 unum:
1331 954 1419 994 sibi
1441 955 1541 994 sine
1562 953 1786 993 facultate

147 1045 239 1073 non
258 1033 401 1072 licere
429 1032 646 1083 cuiquam
674 1031 818 1082 loqui3
851 1029 1044 1080 proinde
1074 1028 1305 1080 patienter
1332 1026 1483 1066 ferant
1512 1031 1578 1075 et,
1614 1025 1652 1064 si
1679 1024 1790 1075 quid

148 1104 206 1143 sit
227 1103 351 1154 quod
370 1109 557 1153 urgeat,
582 1103 641 1142 ad
663 1102 921 1153 Collegium
943 1101 1154 1150 veniant3
1189 1099 1250 1138 ibi
1279 1098 1376 1138 fore
1409 1103 1457 1137 ut
1480 1096 1546 1136 eis
1568 1095 1782 1136 satisfiat.

149 1174 350 1214 Tantum
378 1185 490 1213 vero
523 1173 653 1212 abest
687 1178 736 1212 ut
771 1173 835 1212 illi
871 1183 1012 1222 aegre
1046 1171 1199 1210 ferant
1234 1170 1280 1209 in
1315 1169 1437 1208 hunc
1472 1167 1661 1207 modum
1695 1166 1780 1206 sibi

149 1244 442 1296 responderi,
466 1249 515 1283 ut
536 1244 856 1294 maximopere
877 1243 1115 1293 gaudeant
1136 1247 1180 1281 et
1201 1239 1535 1291 gratulabundi
1562 1249 1786 1278 nonnum-

152 1328 290 1367 quam
314 1315 372 1354 ad
393 1315 446 1354 R.
471 1314 519 1354 P.
544 1314 803 1354 Antonium
826 1313 1056 1354 accedant
1078 1313 1167 1352 ista
1189 1310 1442 1351 narraturi.

232 1387 360 1426 Haec
383 1386 428 1426 in
457 1385 851 1435 adolescentibus,
885 1385 962 1436 qui
990 1384 1036 1423 in
1064 1383 1201 1423 domo
1223 1381 1513 1434 probationis
1540 1380 1725 1431 spiritui
1747 1386 1790 1419 et

147 1458 320 1506 litteris
341 1463 533 1507 vacant,
558 1457 675 1496 mira
697 1455 896 1495 fortasse
919 1455 1070 1505 magis
1090 1459 1281 1505 propter
1298 1458 1501 1492 aetatem
1521 1451 1670 1490 videri
1688 1462 1790 1502 pos-

153 1530 259 1570 sint.
289 1528 379 1569 Sed
408 1529 615 1579 ipsorum
646 1528 817 1567 multae
847 1525 1141 1577 majoresque
1171 1535 1311 1575 quam
1340 1535 1425 1575 pro
1455 1534 1686 1562 annorum
1712 1533 1792 1561 nu-

151 1612 279 1641 mero
315 1600 512 1640 virtutes
546 1599 636 1638 ista
670 1599 797 1638 velut
833 1598 1087 1637 obscurant
1124 1602 1168 1635 et
1195 1596 1377 1635 minora
1407 1593 1558 1633 videri
1593 1593 1786 1632 faciunt.

153 1672 329 1712 Verum
363 1683 421 1710 ne
450 1671 535 1710 has
570 1670 756 1722 quidem
786 1668 1025 1720 sigillatim
1045 1667 1314 1707 recensebo.
1347 1664 1584 1716 Siquidem
1611 1670 1655 1704 et
1683 1664 1791 1704 scri-

153 1748 282 1794 ptum
303 1748 372 1782 est
394 1741 450 1781 de
478 1741 550 1781 his
581 1741 718 1791 alias,
749 1746 793 1780 et
819 1740 901 1780 tibi
932 1740 979 1779 in
1006 1738 1272 1791 praesentia
1301 1736 1416 1776 satis
1445 1747 1547 1775 esse
1570 1735 1790 1785 arbitror,

152 1814 210 1863 si,
235 1824 326 1852 uno
347 1812 492 1852 verbo
514 1812 805 1863 complexus,
830 1811 992 1850 dixero
1015 1816 1171 1850 tantas
1192 1808 1248 1848 iis
1278 1813 1322 1847 et
1348 1807 1536 1847 virtutis
1557 1813 1601 1846 et
1623 1806 1791 1845 doctri-

153 1895 241 1923 nae
270 1882 421 1922 factas
449 1894 551 1922 esse
585 1882 882 1922 accessiones
917 1887 965 1921 ut
1000 1880 1090 1920 viri
1121 1879 1273 1931 potius
1305 1878 1474 1928 (minus
1511 1877 1615 1916 dico
1651 1888 1792 1927 quam

152 1965 361 2006 possem,
385 1953 466 1992 sed
487 1964 599 1992 sane
621 1953 667 1992 id
689 1952 802 1992 satis
822 1958 892 1992 est
913 1951 1037 2003 quod
1057 1951 1146 1990 hoc
1166 1960 1278 1988 vere
1307 1948 1425 1998 dico)
1449 1947 1558 1997 viri,
1583 1947 1790 1997 inquam,

152 2025 332 2077 potius,
369 2024 597 2076 siquidem
635 2034 790 2063 mores
824 2028 1112 2073 spectentur,
1155 2031 1295 2071 quam
1334 2019 1654 2058 adolescentes
1686 2016 1788 2068 jure

153 2095 302 2135 videri
321 2095 516 2146 possint.
539 2094 867 2134 Exclamarem
893 2093 989 2143 hic,
1013 2092 1052 2131 si
1079 2092 1241 2131 liceret
1260 2090 1333 2129 his
1360 2090 1407 2128 in
1432 2088 1600 2129 litteris
1621 2089 1676 2128 de
1698 2100 1791 2128 me-

155 2167 254 2218 ipso
290 2166 438 2217 loqui,
468 2172 513 2205 et
544 2176 696 2205 meam
724 2164 988 2215 ignaviam,
1018 2161 1318 2213 quantumvis
1344 2160 1522 2212 pudore
1551 2165 1595 2198 et
1625 2159 1792 2199 rubore

153 2237 383 2289 perfusus,
415 2236 571 2288 palam
597 2234 840 2286 profiterer
869 2246 926 2273 ac
960 2245 1072 2285 prae
1101 2244 1173 2272 me
1195 2231 1386 2280 ferrem,
1418 2230 1497 2282 qui
1523 2241 1596 2269 me
1627 2230 1685 2269 ab
1722 2230 1796 2269 his

155 2314 293 2359 longe
314 2307 529 2347 relictum
550 2306 766 2357 omnique
786 2305 973 2344 virtutis
1001 2309 1275 2343 ornamento
1298 2306 1568 2352 superatum
1588 2300 1791 2340 videam.

158 2377 249 2419 Sed
266 2378 337 2418 his
354 2390 446 2417 non
463 2378 600 2417 datur
616 2377 704 2416 hoc
721 2382 930 2427 tempore
946 2376 1091 2423 locus,
1115 2385 1204 2425 quo
1225 2384 1318 2413 non
1340 2384 1443 2412 mea
1465 2372 1650 2422 suscepi
1672 2372 1795 2411 mala

157 2448 445 2501 deploranda
466 2447 547 2487 sed
568 2447 765 2486 aliorum
791 2447 914 2486 bona
941 2443 1352 2485 commemoranda
1378 2442 1402 2483 ¹.
1426 2442 1497 2482 De
1526 2442 1796 2482 domesticis

157 2520 300 2571 igitur
322 2519 450 2559 satis.

236 2590 508 2631 Proximum
538 2594 660 2629 esset
687 2594 735 2628 ut
765 2588 821 2628 de
856 2587 1027 2628 scholis
1061 2586 1209 2637 deque
1245 2585 1541 2625 scholasticis
1569 2584 1789 2633 dicerem3

157 2661 237 2701 sed
258 2673 315 2701 ne
344 2661 390 2700 in
415 2660 487 2700 his
514 2659 700 2711 quidem
727 2658 901 2710 aliquid
931 2664 1001 2698 est
1031 2655 1460 2712 novi.¹Scholarum
1490 2655 1615 2694 nosti
1636 2666 1791 2695 nume-

156 2744 259 2772 rum
300 2738 438 2784 atque
477 2731 700 2771 ordinem.
748 2729 880 2770 Nosti
925 2729 1105 2780 quoties
1153 2726 1460 2767 confiteantur
1504 2725 1794 2776 scholastici;

157 2803 259 2853 quis
280 2814 393 2842 vero
417 2802 474 2842 sit
496 2802 662 2841 horum
682 2812 923 2850 numerus,
947 2799 1049 2850 quis
1074 2809 1188 2848 erga
1216 2808 1301 2837 nos
1330 2796 1547 2842 affectus,
1572 2808 1711 2847 quam
1735 2796 1794 2836 ad

214 2963 222 2982 ¹
263 2961 355 2988 Haec
372 2962 485 2994 ctiam,
503 2968 522 2988 a
539 2962 642 2987 verbo
659 2960 922 2991 Exclamarem,
938 2965 1118 2991 suppressa
1134 2961 1210 2983 sunt
1227 2964 1245 2982 a
1263 2955 1420 2982 Poianco.
