2074 3179
842 175 924 211 Ax.
955 175 1046 212 1550
1689 176 1759 212 227

131 273 223 312 alia
246 279 384 322 esset,
408 283 546 321 nunc,
572 283 710 311 versa
731 283 887 311 rerum
908 271 1025 320 vice,
1051 271 1220 310 mirum
1237 276 1306 310 est
1323 282 1463 322 quam
1484 272 1620 322 longe
1638 271 1757 322 abje-

131 343 246 382 cerit
267 354 387 393 quae
407 342 538 393 prius
558 348 740 382 tantum
760 354 853 382 non
882 341 1123 381 adorabat.
1155 340 1289 391 Quod
1310 352 1416 381 cum
1443 341 1756 381 advertissent

130 425 380 464 secumque
401 413 705 453 contulissent
727 413 906 452 nobiles
927 412 1005 462 illi,
1027 423 1143 463 quos
1160 417 1299 452 antea
1316 412 1648 461 memorabam,
1673 412 1755 452 Pa-

128 485 186 524 tri
208 483 489 524 Villanovae
506 484 664 534 templi
681 483 919 534 magnifici
936 482 1302 527 exstructionem
1320 488 1365 523 et
1381 483 1570 523 domum
1586 485 1758 534 templo

128 556 319 606 dignam
345 555 622 605 obtulerunt,
648 566 728 606 per
750 554 887 594 fidem
907 555 1220 605 pietatemque
1242 554 1544 594 obsecrantes
1573 566 1630 594 ne
1655 566 1759 594 eam

129 626 384 674 civitatem,
414 626 489 665 cui
516 625 691 665 fontem
726 626 891 666 salutis
926 631 1230 676 aperuerant,
1254 625 1470 665 deserere
1491 625 1756 674 sustineret;

128 697 237 748 quin
258 697 318 736 ad
338 708 387 736 se
408 697 562 748 potius
585 702 769 736 curaret
787 695 1080 736 mandandos
1101 695 1264 735 Patres
1285 696 1477 748 aliquot,
1502 697 1580 748 qui
1600 697 1759 747 populi

126 773 280 807 motus
302 767 534 817 sedarent,
554 767 669 807 vitia
689 773 1053 818 compescerent,
1070 766 1362 817 juventutem
1380 767 1666 807 catechismo
1688 779 1757 807 ar-

126 844 308 878 marent
342 839 797 890 praemunirentque.
833 837 929 878 Sibi
964 849 1105 877 curae
1135 837 1234 877 fore
1253 870 1260 888 ,
1302 849 1359 877 ne
1376 838 1555 889 templi,
1593 838 1758 878 domus

127 915 430 960 sumptusque
456 909 803 960 magnificentia
825 909 1184 949 desideraretur.
1209 908 1293 949 His
1320 914 1416 949 tam
1444 921 1503 949 ex
1527 910 1667 949 animi
1694 910 1758 948 vi-

123 981 333 1021 sceribus
355 980 575 1032 profectis
595 980 1010 1032 pollicitationibus
1032 979 1170 1020 Pater
1186 980 1441 1020 Villanova
1462 992 1555 1020 uno
1578 980 1756 1020 satisfe-

124 1052 185 1092 cit
219 1063 459 1103 responso,
493 1063 542 1091 se
577 1057 918 1091 conventurum
949 1051 1161 1091 Gandiae
1188 1050 1443 1090 Doctorem
1477 1050 1636 1090 Araoz
1670 1050 1678 1068 ¹
1713 1058 1757 1091 et

123 1135 227 1163 eum
245 1122 303 1162 ad
319 1134 368 1163 se
385 1123 639 1163 relaturum
661 1122 911 1173 affirmans,
934 1122 1119 1162 interim
1129 1122 1263 1162 bonis
1277 1133 1378 1162 esse
1396 1122 1563 1162 animis
1571 1122 1753 1173 jubens,

123 1194 208 1234 iter
236 1205 372 1234 suum
400 1194 598 1245 amplius
619 1205 712 1233 non
739 1194 1028 1233 existimavit
1052 1193 1370 1243 differendum,
1407 1194 1486 1245 qui
1508 1199 1552 1233 et
1575 1193 1672 1244 jam
1698 1195 1758 1233 ad

122 1277 206 1305 nos
223 1265 359 1305 rediit
380 1265 494 1305 satis
516 1270 829 1316 exspectatus;
854 1277 940 1304 nec
962 1264 1181 1304 Conchae
1203 1264 1375 1304 diutius
1392 1270 1600 1305 moratus
1625 1265 1671 1304 in
1688 1276 1756 1304 re-

122 1337 219 1376 ditu
241 1342 325 1386 est,
350 1348 490 1388 quam
511 1347 702 1376 necesse
722 1336 808 1376 fuit
828 1335 887 1375 ad
907 1335 1239 1387 paciscendum
1260 1347 1366 1375 cum
1382 1336 1658 1387 quibusdam
1681 1348 1756 1375 ca-

121 1407 302 1447 nonicis
329 1413 377 1447 ut
398 1407 488 1447 huc
509 1412 615 1458 post
636 1418 685 1446 se
705 1413 1036 1458 properarent3
1072 1412 1210 1457 atque
1233 1418 1312 1446 eos
1335 1407 1472 1447 modo
1495 1413 1755 1458 exspectat.

201 1477 334 1528 Vale,
358 1477 497 1518 Pater
519 1478 947 1518 observantissime.

201 1548 436 1600 Compluti
456 1548 727 1600 Hispaniae,
751 1547 1012 1600 Septembri
1034 1560 1192 1589 mense
1218 1548 1332 1588 1550.

203 1620 560 1671 Indignissimus
582 1626 690 1660 tuae
710 1620 1013 1660 Paternitatis
1036 1620 1156 1660 filius

1375 1762 1642 1803 DIONYSIUS.

203 1975 375 2015 Patrzs
397 1975 609 2015 Polanco
631 1987 775 2016 mmm
792 1976 841 2015 c'n
862 1976 936 2015 2⁰
947 1975 1042 2026 fol.
1068 1977 1157 2016 v.⁰:
1186 1975 1304 2026 1550,
1328 1975 1509 2015 Alcala.

178 2137 187 2156 ¹
229 2136 334 2163 Pater
349 2136 517 2163 Antonius
533 2137 645 2164 Araoz
661 2140 736 2164 erat
750 2137 812 2164 hoc
828 2141 979 2172 tempore
995 2136 1182 2171 Hispaniae
1195 2136 1431 2170 ProvincialiS,
1444 2143 1503 2163 seu
1515 2136 1643 2163 cunctis
1655 2144 1756 2170 prae-

123 2188 198 2211 erat
214 2184 313 2211 sociis
329 2184 383 2218 qui
399 2184 431 2210 in
447 2184 611 2219 Hispania
626 2185 806 2218 degebant.
