2074 3179
833 129 872 164 A
880 140 915 165 x.
948 130 1038 166 1352
1675 133 1748 168 547

117 224 318 275 scriptis,
338 222 435 274 jam
455 225 677 265 exercitia
700 237 871 276 magno
892 238 998 266 cum
1017 226 1171 267 fructu
1191 226 1405 278 perfecit,
1430 238 1571 278 seque
1594 234 1744 268 totum

119 293 200 333 X.⁰
221 306 277 334 ac
297 293 518 334 Societati
540 306 588 335 se
609 302 757 336 totum
779 297 885 347 (sic)
908 297 1020 337 dare
1041 297 1332 337 deliberavit.

198 365 248 405 In
267 365 492 418 Januario
520 367 858 408 celebravimus
878 367 1015 408 valde
1043 369 1313 408 solemniter
1339 368 1508 409 festum
1540 369 1742 410 Sanctis-

119 436 223 476 simi
255 436 466 476 Nominis
494 437 619 490 Jesu,
655 450 746 489 quo
773 439 846 478 die
873 438 1011 478 Pater
1041 439 1278 479 Arnoldus
1313 440 1554 490 egregiam
1582 440 1745 481 habuit

118 507 505 547 declamationem
538 520 644 549 cum
678 521 850 560 magna
875 509 1080 549 omnium
1108 510 1374 550 auditorum
1407 510 1742 562 satisfactione,
1788 543 1793 547 .

120 577 212 628 qui,
235 583 283 617 ut
304 578 527 629 intellexi,
561 581 820 620 voluissent
849 586 899 620 ut
930 581 1082 620 adhuc
1109 593 1192 632 per
1217 587 1312 621 tres
1341 581 1484 622 horas
1513 582 1744 632 durasset,

120 649 207 688 etsi
227 660 309 700 per
329 650 446 689 duas
464 651 604 691 horas
624 651 740 691 bene
758 651 1011 692 duraverit.
1031 651 1285 703 Plusquam
1302 660 1490 692 centum
1506 653 1748 693 auditores

120 719 166 759 in
188 720 293 759 aula
313 728 475 761 nostra
497 728 767 772 praesentes
787 728 934 773 erant,
966 723 1086 762 inter
1107 734 1224 774 quos
1245 723 1431 774 plurimi
1457 730 1592 764 erant
1618 725 1747 765 nobi-

120 791 186 830 les
207 797 252 831 et
273 797 367 831 tres
387 791 466 832 filii
488 792 756 833 Praefectus
782 793 1068 843 Leodiensis,
1093 794 1171 845 qui
1192 805 1354 834 omnes
1382 806 1497 846 erga
1516 807 1602 835 nos
1626 796 1746 836 bene

122 868 228 901 sunt
248 861 424 913 affecti;
447 863 562 903 bene
578 861 674 914 jam
696 864 909 904 audimus
933 865 990 903 ab
1008 865 1237 905 omnibus.

201 932 377 972 Nobilis
398 933 476 973 illa
497 933 749 974 Abbatissa
778 935 824 974 in
853 935 974 975 bono
1004 946 1087 975 suo
1116 936 1357 987 proposito
1386 936 1582 977 feliciter
1612 938 1745 989 profi-

122 1003 203 1053 cit,
227 1003 505 1055 ubicumque
532 1011 684 1055 potest
706 1017 789 1056 pro
820 1006 953 1046 nobis
980 1007 1182 1057 loquitur
1210 1019 1387 1059 nosque
1415 1008 1632 1058 defendit,
1663 1021 1749 1049 nec

122 1085 270 1124 parvo
289 1085 395 1114 cum
415 1074 588 1125 fructu3
612 1075 679 1115 sic
692 1075 806 1116 facit
827 1083 871 1116 et
891 1089 1014 1116 nunc
1034 1083 1194 1128 pastor
1216 1084 1260 1118 et
1282 1078 1437 1129 plures
1468 1080 1561 1119 alii.
1593 1080 1751 1120 Bonus

123 1144 238 1184 odor
259 1143 505 1185 Societatis
526 1146 662 1186 valde
684 1147 730 1186 in
752 1147 852 1187 istis
871 1148 1083 1199 partibus
1105 1149 1361 1200 spargitur.

201 1215 305 1268 Jam
326 1215 591 1256 Lovanium
611 1217 905 1269 proficiscor;
934 1219 1173 1270 hucusque
1201 1221 1324 1260 enim
1350 1233 1533 1272 semper
1560 1222 1750 1273 impedi—

121 1292 196 1326 tus
216 1286 296 1337 fui,
326 1293 374 1326 ut
401 1287 460 1327 ad
480 1288 684 1338 gratiam
713 1289 825 1328 mihi
846 1302 873 1329 a
895 1289 943 1329 P.
968 1290 1027 1330 V.
1051 1302 1327 1332 concessam
1347 1304 1419 1332 me
1437 1292 1534 1344 jam
1555 1305 1747 1345 praepa-

122 1369 234 1408 rem,
259 1369 344 1409 pro
371 1370 462 1409 qua
483 1359 714 1399 maximas
742 1371 832 1410 ago
853 1360 901 1400 P.
926 1361 984 1401 V.
1008 1362 1189 1412 gratias
1217 1369 1261 1403 et
1282 1374 1422 1414 agam
1444 1363 1552 1404 dum
1572 1365 1747 1414 vivam,

122 1429 344 1479 quoniam
376 1430 543 1470 laetius
569 1430 656 1470 hoc
678 1430 742 1470 nil
769 1431 881 1471 mihi
909 1432 955 1471 in
981 1431 1070 1472 hoc
1098 1433 1271 1473 mundo
1300 1434 1543 1485 obtingere
1576 1435 1751 1486 potuis-

123 1506 193 1540 set
218 1499 242 1537 ¹.

201 1570 332 1610 Haec
353 1577 459 1611 sunt
479 1583 598 1623 quae
618 1571 668 1612 P.
692 1572 750 1612 V.
775 1573 1021 1614 scribenda
1044 1581 1316 1626 occurrunt,
1343 1576 1418 1616 cui
1438 1587 1511 1616 me
1531 1582 1629 1616 toto
1652 1589 1749 1617 cor-

108 1629 193 1681 'dis
209 1641 439 1682 desiderio
456 1643 591 1683 unice
608 1644 898 1684 commendo
922 1644 1047 1685 Bene
1064 1647 1220 1686 valeat
1235 1645 1285 1685 P.
1304 1646 1362 1687 V.
1383 1647 1430 1686 in
1450 1647 1534 1686 X.0
1550 1659 1750 1699 semper.

203 1711 377 1753 Ultimo
393 1713 635 1753 Februarii
659 1713 773 1754 1552.

202 1782 256 1822 R.
281 1783 342 1823 V.
364 1795 530 1824 servus
550 1784 785 1835 indignus,

1030 1930 1312 1971 LEONARDUS
1339 1931 1538 1973 KEssm„

207 2137 317 2178 Alia
341 2150 530 2189 manns,
551 2143 604 2179 ut
629 2141 832 2181 bre-viter
854 2141 1085 2183 indicaret
1115 2155 1169 2183 ea
1198 2155 1316 2195 qnae
1346 2145 1396 2184 ln
1422 2144 1599 2185 litteris
1625 2151 1752 2197 repe-

128 2213 340 2260 mmtm‘,
367 2210 456 2250 llas
481 2216 570 2262 per
589 2215 738 2251 totam
765 2212 957 2252 chartae
983 2225 1118 2254 oram
1146 2216 1480 2256 annotationes
1513 2217 1754 2268 apposnit:

128 2280 260 2320 Coc.r
287 2281 632 2332 (concionatur)
649 2282 698 2322 Ρ.
721 2283 772 2323 L.
794 2307 842 2310 —
859 2283 956 2324 Stu.
982 2285 1055 2325 ad.
1086 2285 1356 2335 (studiosas
1376 2287 1684 2338 adolescens).
1705 2311 1754 2314 —

128 2350 293 2392 Enodu
309 2350 398 2391 Ph:
421 2352 531 2392 deli:
548 2376 599 2380 —
615 2352 824 2394 Declam.
844 2354 893 2394 Ρ.
913 2354 996 2395 Ar.
1016 2378 1063 2382 —
1077 2355 1197 2396 Abb.
1221 2380 1268 2384 —
1286 2357 1452 2398 Pastor
1469 2358 1511 2398 b.
1532 2358 1607 2398 aff.
1627 2359 1756 2409 (bene

128 2422 374 2472 affectus).
396 2446 444 2449 —
460 2422 574 2463 Lou.
593 2435 637 2474 p.
662 2424 1040 2475 (proficiscitur).
1062 2449 1110 2454 —
1126 2426 1248 2467 Gras
1270 2439 1345 2480 ag.
1369 2427 1417 2468 Ρ.

189 2556 198 2575 ¹
238 2556 341 2584 “Cum
355 2558 555 2586 facultatem
569 2561 599 2586 ei
616 2559 662 2591 ζΡ.
678 2559 856 2588 Leonardo
872 2561 1001 2595 Kessel)
1017 2562 1165 2590 misisset
1182 2563 1216 2590 P.
1231 2563 1386 2597 Ignatius
1399 2564 1644 2598 professionem
1664 2566 1761 2601 emit-

130 2604 220 2630 tendi
236 2608 270 2631 et
284 2609 418 2638 patrem
432 2605 576 2633 haberet
590 2607 818 2641 superstitem,
835 2609 978 2636 contulit
993 2617 1028 2636 se
1048 2610 1081 2636 in
1102 2610 1297 2638 inferiorem
1318 2610 1539 2639 Germaniam
1554 2616 1590 2639 ut
1605 2620 1639 2639 se
1656 2620 1675 2640 a
1689 2613 1760 2640 suis

130 2652 230 2678 rebus
246 2653 431 2687 expediret;
448 2661 507 2680 nec
523 2654 556 2681 in
570 2654 691 2681 itinere
707 2654 897 2683 Lovanium
912 2663 1066 2684 versus...
1084 2657 1277 2692 ΡοιΑΝευε,
1294 2658 1315 2685 1.
1331 2666 1357 2686 c.
1372 2666 1402 2685 n.
1417 2659 1481 2687 393,
