2074 3179
853 185 935 223 Ax.
967 185 1058 223 1552
1702 186 1774 222 727

147 288 328 331 ventus,
352 282 516 333 quibus
537 284 765 334 exemptis
792 283 975 332 diebus,
1001 284 1039 323 si
1066 283 1166 335 quis
1196 284 1446 324 conciones
1477 283 1765 334 expetiisset,

146 363 238 391 non
258 352 409 392 minus
430 352 634 393 insanire
654 354 905 405 putabatur
925 365 1064 405 quam
1084 354 1162 405 qui
1183 366 1314 394 rosas
1336 354 1504 405 hyeme
1521 354 1595 393 vel
1611 353 1657 393 in
1674 354 1771 403 gla-

145 423 214 461 cie
235 423 381 463 lilium
402 424 726 475 quaesivisset;
749 436 871 465 nunc
889 437 980 465 non
1001 426 1150 465 solum
1171 437 1264 465 non
1284 436 1462 465 novum
1483 430 1527 464 et
1548 424 1769 476 intempe-

144 494 315 534 stivum
340 494 536 540 videtur.
562 495 641 535 sed
669 503 828 536 nostro
856 497 1068 547 exemplo
1097 496 1288 536 excitati
1316 502 1360 536 et
1387 496 1515 536 velut
1545 507 1767 547 experge-

145 564 253 604 facti
273 565 556 605 dominicani
574 566 770 617 singulis
786 566 1030 606 dominicis
1046 572 1299 618 coeperunt
1316 567 1407 606 alia
1424 577 1514 618 qua
1532 577 1618 606 nos
1634 567 1766 615 hora,

142 647 306 686 nempe
333 637 700 687 promeridiana,
731 638 877 677 tribus
912 638 1080 678 abhinc
1111 638 1347 678 mensibus
1377 638 1423 677 in
1453 638 1652 678 ecclesia
1684 649 1768 678 sua

139 706 431 756 concionari3
462 713 506 747 et
528 708 745 748 videntur
772 709 817 748 in
845 708 933 749 hoc
961 709 1170 749 instituto
1198 709 1568 760 perseveraturi,
1600 709 1769 760 quippe

140 777 304 827 quibus
325 777 547 829 perfacile
570 786 654 829 est,
678 779 876 819 diversis
897 786 941 820 et
959 780 1311 831 quamplurimis
1329 780 1417 820 hoc
1434 791 1550 821 onus
1568 781 1767 820 alterna-

142 848 222 887 tim
257 848 572 889 subeuntibus.
615 850 844 890 Dominus
871 857 916 890 et
948 862 1033 890 nos
1059 857 1103 890 et
1136 851 1262 902 ipsos
1291 851 1452 891 fulciat
1479 858 1525 890 et
1556 851 1765 903 utrisque

139 920 472 969 perseverandi
493 921 618 961 vires
640 933 724 961 sua
747 922 881 961 solita
901 922 1179 962 liberalitate
1200 923 1427 973 largiatur
1446 955 1453 972 ,
1489 933 1580 973 quo
1608 923 1765 973 plures

138 990 282 1029 simus
302 990 348 1030 in
371 990 467 1042 ejus
489 992 627 1032 vinea
650 999 920 1043 operantes.

217 1060 408 1101 Praeter
428 1062 589 1102 solitas
611 1063 837 1103 ecclesiae
858 1070 1048 1103 nostrae
1070 1064 1335 1114 conciones,
1361 1064 1480 1104 aliae
1502 1064 1702 1104 diversis
1720 1064 1765 1103 in

136 1132 431 1172 monasteriis
452 1132 679 1173 habentur
701 1134 1054 1184 monacharum;
1078 1135 1326 1186 praecipue
1349 1135 1395 1174 in
1412 1134 1636 1174 coenobio
1653 1133 1762 1175 San—

135 1208 236 1241 ctae
259 1201 553 1253 Catherinae,
580 1204 705 1255 quod
728 1204 1092 1245 famosissimum
1111 1205 1253 1245 totius
1275 1205 1479 1245 civitatis
1501 1211 1585 1254 est,
1605 1204 1652 1244 in
1673 1216 1764 1256 quo

136 1273 288 1323 plures
309 1280 380 1314 ter
402 1280 587 1314 centum
608 1282 714 1315 sunt
736 1275 1009 1326 monachae,
1035 1287 1197 1316 omnes
1217 1276 1314 1316 fere
1334 1277 1526 1327 nobiles,
1546 1287 1654 1316 cum
1670 1277 1767 1327 qui-

134 1344 219 1384 bus
235 1344 487 1385 domestice
503 1347 871 1397 quamplurimae
887 1347 1199 1398 potentiorum
1213 1358 1502 1398 quorumque
1515 1346 1652 1395 filiae,
1672 1358 1764 1398 quo

132 1416 189 1454 ab
213 1416 300 1455 illis
323 1416 509 1467 optimis
532 1417 799 1457 imbuantur
825 1418 1051 1466 moribus,
1085 1424 1441 1458 conversantur.
1479 1417 1617 1469 Apud
1646 1430 1763 1469 quas

132 1486 188 1526 D.
231 1486 431 1527 Michael
473 1487 686 1538 Boteglio
725 1489 911 1539 saepius
949 1496 1018 1528 est
1057 1489 1381 1529 concionatus.
1425 1488 1476 1528 In
1516 1489 1760 1540 principio,

132 1569 294 1597 earum
310 1559 573 1608 nonnullae,
594 1559 680 1598 sibi
692 1559 1026 1610 persuadentes
1039 1571 1087 1599 se
1100 1560 1157 1599 ab
1170 1559 1486 1600 Illustrissima
1499 1560 1735 1611 quondam
1753 1558 1762 1578 ¹

135 1628 407 1680 Pro-regina
428 1629 644 1681 injuriam
664 1631 917 1682 accepisse,
938 1631 1060 1682 quod
1077 1631 1154 1670 illa
1172 1631 1400 1682 quasdam
1412 1629 1583 1681 januas
1599 1642 1761 1671 earum

133 1700 429 1751 monasterii,
458 1701 579 1740 sicut
607 1701 827 1750 aliorum,
857 1713 976 1753 quae
1006 1701 1270 1741 liberiorem
1302 1702 1348 1741 in
1375 1701 1507 1742 vicos
1535 1702 1762 1742 haberent

132 1778 449 1822 prospectum,
486 1771 689 1822 jusserat
728 1773 956 1823 obturari,
998 1773 1199 1813 scientes
1237 1771 1373 1823 hujus
1413 1773 1480 1813 rei
1519 1773 1763 1813 authorem

132 1842 184 1881 R.
216 1841 265 1881 Ρ.
294 1842 352 1882 D.
382 1842 724 1895 Hieronymum
750 1844 1049 1884 Dominicum
1079 1844 1310 1895 extitisse,
1342 1845 1438 1895 pati
1466 1845 1591 1884 nullo
1620 1845 1758 1885 modo

131 1919 377 1963 potuerant
397 1919 445 1953 ut
465 1915 568 1965 quis
589 1920 800 1955 nostrum
821 1927 875 1955 eo
897 1916 1259 1956 concionaturus
1286 1921 1551 1955 vocaretur.
1581 1915 1671 1956 Sed
1701 1928 1760 1956 ex

129 1995 219 2034 quo
241 1984 392 2036 coepit
412 1983 469 2024 D.
494 1985 695 2025 Michael
715 1987 998 2037 concionari,
1022 1991 1152 2026 tanta
1173 1992 1364 2037 repente
1393 1986 1535 2026 animi
1562 1987 1759 2026 mutatio

130 2054 255 2094 facta
276 2060 344 2094 est
365 2062 414 2095 ut
435 2067 556 2095 nunc
579 2057 771 2096 alterius
792 2056 966 2097 ordinis
989 2056 1368 2097 concionatorem
1388 2057 1510 2097 ferre
1529 2068 1625 2096 non
1655 2068 1757 2108 pos-

127 2126 233 2174 sint3
257 2125 321 2166 ita
344 2131 449 2166 sunt
470 2126 534 2166 illi
550 2127 689 2167 modo
707 2127 920 2167 addictae
936 2134 985 2167 ut
1003 2128 1051 2167 in
1066 2128 1184 2168 festo
1208 2127 1321 2168 Divi
1343 2127 1601 2179 Dominici,
1628 2127 1759 2179 cujus

129 2196 406 2246 professioni
427 2203 471 2237 et
490 2198 681 2248 regulae
703 2197 961 2249 subjacent,
986 2210 1075 2250 quo
1097 2199 1170 2239 die
1192 2206 1503 2239 consueverat
1525 2210 1645 2239 unus
1666 2199 1758 2239 Do-

128 2267 469 2308 minicanorum
490 2268 774 2319 concionari,
794 2269 928 2309 solito
951 2270 1281 2310 concionatore
1303 2270 1464 2310 relicto
1483 2302 1489 2320 ,
1515 2269 1643 2310 facta
1673 2282 1756 2321 per

128 2340 417 2389 superiorem
446 2346 705 2380 conventus
730 2340 1026 2381 Dominicani
1047 2347 1299 2393 potestate,
1329 2341 1520 2391 obnixe,
1554 2340 1758 2393 quodam

127 2410 441 2460 dominicano,
466 2411 544 2463 qui
564 2411 653 2452 illis
674 2418 744 2452 est
766 2424 791 2452 a
814 2412 1204 2463 confessionibus,
1228 2424 1391 2452 earum
1410 2413 1598 2453 nomine
1619 2413 1757 2452 inter-

128 2481 335 2531 cedente,
358 2489 586 2532 rogarunt
607 2488 655 2522 ut
676 2482 733 2522 D.
757 2482 957 2523 Michael
977 2490 1087 2523 tunc
1109 2483 1232 2534 apud
1251 2495 1331 2523 eas
1353 2483 1626 2534 dignaretur
1648 2495 1756 2524 con-

127 2552 318 2603 cionari3
341 2563 539 2603 quarum
559 2559 716 2593 tantae
737 2553 975 2593 devotioni
1001 2565 1108 2594 cum
1135 2554 1338 2594 abnuere
1365 2565 1458 2594 non
1478 2560 1657 2605 posset,
1681 2566 1755 2606 pe-

125 2624 275 2663 titioni
302 2624 537 2675 acquievit
565 2636 649 2664 nec
677 2636 756 2664 eas
784 2630 995 2676 spectata
1024 2626 1214 2676 spiritus
1245 2626 1428 2666 interna
1455 2626 1634 2666 laetitia
1663 2626 1755 2666 fru-

124 2700 296 2734 stratus
331 2700 414 2735 est.
453 2695 626 2735 Earum
661 2696 830 2736 multas
860 2697 919 2736 ad
946 2697 1070 2736 vitae
1096 2697 1389 2748 perfectioris
1416 2697 1754 2737 institutionem

124 2765 378 2806 concitavit
398 2767 718 2817 persuasitque
740 2774 803 2817 ut,
828 2768 966 2807 rebus
983 2768 1199 2808 omnibus
1214 2768 1416 2820 propriis
1443 2768 1689 2819 abnegatis
1711 2776 1756 2809 et

126 2837 167 2875 in
193 2836 394 2876 medium
414 2837 673 2889 productis,
696 2838 742 2877 in
764 2849 1009 2879 commune
1036 2840 1208 2879 vellent
1235 2839 1282 2879 in
1307 2846 1547 2890 posterum
1575 2840 1752 2880 Vivere.

179 2949 187 2966 ¹
228 2948 411 2980 ,Quondam
433 2949 492 2979 ait,
521 2950 599 2983 quia
622 2949 798 2977 Dominica
822 2950 1026 2984 Palmarum,
1044 2958 1098 2983 sc„
1115 2951 1175 2978 22³²
1196 2950 1310 2978 Martii
1325 2951 1564 2985 praecedentis
1581 2952 1658 2979 anni
1674 2952 1751 2988 1551,

123 2996 210 3021 ‹liem
227 3002 418 3030 supremum
434 2996 575 3024 obierat.
592 2997 679 3024 Vide
696 2997 862 3029 Pomm-0,
882 2998 1102 3028 (ltron.,t.11.
1120 3006 1197 3033 pag.
1213 2998 1256 3031 40,
1274 3006 1303 3025 n.
1319 2998 1363 3026 81.
