2074 3179
298 166 370 204 268
813 166 1038 204 LITTERAE
1065 176 1423 209 QUADRIMESTRES

299 262 372 302 his
394 263 556 303 diebus
579 269 648 315 ut,
672 270 833 304 nostro
852 263 1040 303 nomine
1056 263 1330 315 interposito
1348 294 1356 312 ,
1382 263 1665 314 gravissime
1686 262 1940 303 deterrere-

299 340 374 374 tur
397 335 454 374 ab
476 335 708 375 adulterio
731 335 804 374 vir
826 334 1017 385 quidam
1035 334 1219 385 nobilis,
1243 335 1378 374 nobis
1399 334 1571 375 insciis.

380 405 642 446 Omiseram
666 406 791 456 illud,
816 417 875 446 ex
895 417 986 456 quo
1009 405 1142 445 multi
1158 404 1384 456 juvantur
1405 406 1620 445 obdurati
1641 396 1935 456 peccatores;

298 477 525 517 habemus
547 477 722 531 aliquot
749 489 772 516 e
798 477 1037 516 veteranis
1062 477 1236 516 nostris
1264 476 1467 527 devotis,
1500 477 1767 516 saeculares
1798 476 1939 516 homi-

300 559 404 598 nes;
433 548 479 588 hi
506 548 686 588 solicite
715 548 976 598 piscantur,
1001 554 1045 588 et
1073 548 1268 587 subinde
1295 547 1499 598 grandes
1522 539 1757 588 adducunt
1788 548 1941 599 pisces

300 625 539 659 veteratos
561 631 641 659 seu
664 625 940 670 peccatores
962 619 1021 659 ad
1042 618 1400 659 confessionem.

378 691 508 730 Haec
529 698 650 741 sunt,
674 690 814 730 Pater
836 691 882 730 in
903 690 988 730 X.⁰
1007 689 1378 730 observandiss.e
1405 723 1412 740 ,
1437 702 1555 741 quae
1573 690 1644 729 his
1663 690 1688 728 4
1703 690 1941 730 mensibus

299 761 548 802 habuimus
570 762 834 802 scribenda.
854 761 992 802 Certo
1014 762 1188 801 scimus
1211 761 1373 801 deesse
1395 772 1482 801 nos
1501 762 1700 812 gratiae,
1720 772 1840 812 quae
1857 773 1940 812 per

301 834 540 873 orationes
561 832 610 872 P.
639 833 699 874 V.
735 833 926 873 offertur
947 833 1083 873 nobis
1113 845 1140 872 a
1161 832 1386 882 Domino,
1418 838 1462 872 et
1483 833 1529 872 in
1555 832 1628 872 his
1656 832 1791 883 ipsis,
1823 844 1941 883 quae

299 916 564 956 narramus,
585 905 802 955 agnoscit
822 904 870 944 P.
891 904 950 944 V.
971 905 1262 944 voluntatem
1283 903 1469 956 quidem
1489 904 1661 943 bonam
1683 908 1823 954 atque
1844 903 1940 942 avi-

301 976 409 1016 dam
430 982 557 1016 recte
584 975 775 1026 agendi,
807 981 1046 1016 caeterum
1074 986 1160 1015 nos
1187 986 1289 1015 esse
1319 986 1484 1014 servos
1513 975 1698 1030 inutiles
1726 975 1866 1026 plane
1897 981 1940 1013 et

300 1047 486 1088 inertes.
506 1047 646 1087 Faxit
666 1047 745 1087 X.S
766 1047 902 1100 Jesus
919 1053 967 1087 ut
988 1047 1169 1099 peracti
1189 1047 1414 1098 temporis
1435 1046 1731 1086 inutilitatem
1752 1052 1797 1086 et
1819 1046 1940 1085 iner-

299 1119 414 1158 tiam
430 1117 527 1169 jam
553 1119 755 1170 primum
785 1118 975 1159 tandem
1002 1118 1280 1169 incipiamus
1307 1117 1559 1164 resarcire,
1589 1123 1634 1157 et
1663 1128 1941 1167 germanum

301 1188 552 1230 Societatis
569 1190 784 1242 spiritum
802 1190 1022 1230 cordibus
1038 1190 1213 1229 nostris
1230 1189 1414 1241 penitus
1436 1189 1722 1240 imprimere,
1742 1195 1786 1228 et
1802 1188 1942 1228 actio-

300 1261 437 1301 nibus
457 1262 633 1301 nostris
649 1262 928 1313 exprimere,
950 1261 1009 1301 ad
1029 1260 1215 1300 laudem
1232 1266 1276 1300 et
1292 1260 1494 1311 gloriam
1510 1259 1598 1299 Dei
1616 1266 1659 1300 et
1679 1259 1736 1299 D.
1758 1259 1811 1300 N.
1832 1259 1943 1312 Jesu

302 1332 477 1373 Christi
498 1338 544 1372 et
564 1334 819 1373 multarum
840 1332 1104 1372 animarum
1125 1333 1335 1372 salutem.
1362 1330 1528 1371 Amen.

380 1404 653 1455 Messanae,
670 1405 737 1444 §.a
757 1404 970 1458 Januarii
995 1403 1109 1443 1551.

382 1475 431 1516 P.
456 1475 515 1517 V.
538 1476 593 1517 R.

384 1546 562 1588 Servus
585 1548 633 1588 in
661 1547 848 1588 Christo

1164 1688 1473 1728 HIERONYMUS
1504 1688 1726 1729 NATALls.

389 1905 444 1945 In
473 1904 602 1955 folio
644 1904 842 1944 203-v.0
881 1902 1077 1954 scripsit
1117 1902 1386 1942 Polcmcus:
1431 1901 1551 1952 1550,
1595 1901 1668 1943 Ex
1708 1903 1945 1953 Messana,

301 1978 326 2015 6
347 1977 561 2030 Jan.—C.
