2074 3179
263 160 339 197 ‘262
785 159 1009 196 LITTERAE
1036 170 1394 202 QUADmMESTREs

265 269 424 308 quum,
461 263 668 308 tempore
702 255 1030 305 nundinarum,
1068 266 1123 295 eo
1160 267 1415 297 concursus
1449 256 1529 298 fiat
1559 269 1583 296 e
1618 263 1686 297 tot
1715 264 1905 309 tamque

264 329 536 379 longinquis
555 327 840 379 regionibus.
865 326 1115 367 Pollicetur
1141 338 1190 366 se
1217 326 1434 368 daturum
1456 328 1666 379 domum,
1698 336 1902 369 caetera-

267 412 356 451 que
378 400 532 440 omnia
548 399 605 438 ad
627 399 804 439 victum
824 397 1094 437 necessaria
1114 398 1531 450 suppeditaturum,
1555 400 1679 450 quod
1700 405 1743 439 et
1765 411 1904 451 quon-

268 471 375 512 dam
417 471 579 511 obtulit
614 469 743 530 Patri
778 469 956 517 FabrO,
996 469 1068 509 cui
1105 469 1283 510 solebat
1320 469 1546 511 confiteri.
1582 471 1802 522 Largitus
1838 477 1907 511 est

264 543 401 583 nobis
422 542 494 582 his
515 542 677 582 diebus
699 546 876 581 certam
897 539 1123 592 pecuni'ae
1151 551 1382 581 summam
1411 541 1471 581 ad
1497 542 1718 583 emendos
1746 543 1903 593 libros,

265 614 425 666 aitque
455 625 503 653 se
533 613 653 652 velle
681 612 943 663 sumptibus
974 612 1070 652 suis
1102 612 1226 652 alere
1258 611 1523 652 scholarem
1549 611 1798 654 Societatis
1825 625 1909 654 no—

266 692 393 725 strae
424 685 471 724 in
498 684 818 724 Universitate
847 684 1215 723 salmanticensi.
1244 683 1374 723 Haec
1396 689 1517 734 sunt,
1541 695 1659 734 quae
1681 684 1908 726 hactenus

261 756 591 808 cognovimus,
626 755 682 795 de
713 755 770 794 iis
799 766 918 806 quae
953 760 1088 805 gesta
1122 760 1230 795 sunt
1266 755 1313 795 in
1343 755 1513 806 oppido
1546 756 1906 808 methymnensi.

263 828 458 867 Praeter
479 827 597 867 haec
618 832 774 866 tamen
796 826 973 874 omnia,
1005 826 1305 866 scribendum
1334 833 1480 867 restat
1508 827 1624 867 duos
1652 839 1754 867 esse
1781 826 1908 878 juve-

264 911 348 938 nes
378 904 680 948 mercatores,
704 898 959 937 multarum
986 897 1354 948 possessionum,
1378 905 1571 949 paratos
1593 899 1748 938 omnia
1775 899 1909 939 relin-

260 981 406 1021 quere
429 975 620 1021 propter
650 968 889 1009 Christum
916 974 960 1009 et
986 968 1171 1020 ingredi
1200 969 1473 1020 religionem
1504 976 1728 1010 nostram.
1757 969 1805 1011 Si
1833 970 1909 1010 ad—

264 1042 525 1092 mittantur,
550 1041 834 1081 arbitramur
855 1052 935 1081 eos
956 1041 1046 1080 huc
1068 1046 1293 1081 venturos
1314 1046 1420 1093 post
1441 1041 1689 1093 nundinas,
1713 1048 1762 1082 ut
1784 1042 1909 1082 domi

263 1118 456 1153 nostrae
477 1112 640 1152 diebus
661 1112 836 1163 aliquot
858 1112 904 1152 in
926 1112 1245 1164 spiritualibus
1267 1119 1591 1153 exerceantur.
1615 1113 1722 1154 Duo
1750 1113 1910 1154 itidem

264 1184 536 1225 sacerdotes
559 1182 961 1235 methymnenses,
986 1195 1092 1223 cum
1113 1183 1316 1235 primum
1337 1195 1391 1224 eo
1414 1183 1706 1225 advenerunt
1727 1184 1907 1235 Patres,

264 1261 388 1296 totos
409 1267 458 1295 se
480 1253 707 1295 Societati
729 1254 1021 1304 dedicarunt;
1045 1261 1089 1294 et
1110 1255 1219 1295 licet
1249 1267 1330 1295 eos
1360 1255 1422 1295 ibi
1449 1255 1656 1296 detinere
1684 1268 1908 1297 conaren-

265 1332 340 1367 tur
356 1327 504 1367 donec
522 1325 857 1367 Salmanticam
882 1326 1104 1377 redirent,
1130 1327 1249 1366 alter
1272 1331 1443 1376 tamen,
1463 1339 1624 1367 morae
1644 1328 1906 1380 impatiens,

263 1399 389 1439 illico
419 1399 479 1438 ad
508 1410 596 1438 nos
629 1397 772 1438 venit.
810 1397 865 1437 Ei
898 1409 1022 1438 nunc
1058 1397 1307 1438 traduntur
1341 1398 1588 1439 exercitia:
1622 1398 1807 1450 juvenis
1840 1404 1909 1439 est

263 1477 405 1511 natus
426 1481 576 1510 annos
597 1469 784 1509 circiter
805 1469 871 1519 27,
891 1469 1041 1509 bonae
1063 1475 1111 1509 ut
1133 1475 1329 1521 apparet
1346 1469 1514 1509 indolis
1535 1481 1542 1509 :
1568 1470 1655 1510 etsi
1675 1481 1909 1520 gramma-

263 1542 409 1582 ticam
425 1542 672 1581 dumtaxat
689 1540 918 1591 didicerit,
938 1540 1020 1580 sed
1037 1539 1258 1592 studiose,
1279 1540 1403 1592 quod
1424 1553 1528 1581 eam
1548 1548 1710 1593 postea
1733 1541 1906 1581 docuit.

265 1613 391 1653 Nihil
411 1613 537 1653 aliud
558 1612 606 1652 in
625 1612 894 1663 praesentia
916 1611 1216 1652 scribendum
1237 1612 1443 1652 occurrit
1464 1624 1604 1664 quam
1625 1612 1749 1664 quod
1780 1624 1910 1652 exer-

264 1684 377 1724 citia
399 1682 687 1735 quotidiana,
709 1688 758 1722 ut
777 1689 888 1734 puta
910 1682 1246 1733 confessiones,
1267 1682 1620 1722 communiones
1642 1688 1687 1722 et
1708 1694 1910 1723 commu-

261 1756 525 1795 nicationes
547 1759 827 1805 caeteraque
849 1753 1134 1806 hujusmodi,
1160 1754 1205 1794 in
1228 1753 1346 1804 dies,
1371 1760 1565 1794 auctore
1587 1753 1703 1803 Deo,
1727 1765 1910 1806 promo-

265 1833 435 1868 ventur
468 1827 515 1866 in
546 1826 724 1866 melius.
758 1825 927 1865 Paucis
962 1825 1124 1865 diebus
1154 1831 1262 1865 ante
1290 1824 1506 1865 Natalem
1532 1823 1725 1865 Domini
1752 1831 1911 1865 tantus

262 1898 350 1938 fuit
372 1909 631 1939 concursus
653 1896 712 1937 ad
733 1896 1073 1947 confessiones,
1098 1902 1147 1936 ut
1179 1908 1273 1936 non
1300 1896 1504 1947 potuerit
1532 1896 1746 1936 omnibus
1779 1896 1911 1936 satis—

264 1970 387 2021 fieri,
417 1969 539 2009 unde
571 1974 614 2009 et
640 1968 829 2021 plurimi
856 1968 1014 2008 tristes
1042 1979 1097 2008 ac
1134 1968 1332 2008 desolati
1368 1968 1459 2008 alio
1494 1968 1561 2008 ire
1599 1968 1753 2008 coacti
1787 1973 1909 2008 sunt.

266 2041 315 2081 Ρ.
336 2040 516 2081 Doctor
533 2041 607 2081 die
624 2039 907 2081 Sanctorum
924 2039 1247 2080 Innocentium
1263 2039 1501 2092 profectus
1524 2045 1593 2079 est
1611 2039 1670 2079 ad
1691 2039 1912 2091 oppidum

267 2113 391 2164 quod
412 2113 582 2153 dicitur
604 2112 831 2164 Oropesa,
852 2111 898 2152 id
920 2111 1232 2152 contendente
1250 2111 1430 2152 Comite
1451 2111 1508 2151 de
1526 2109 1738 2162 Oropesa
1760 2116 1804 2150 et
1821 2109 1912 2150 Do-

265 2185 392 2225 mino
428 2184 637 2224 Antonio
673 2184 730 2223 de
765 2183 1010 2234 Corduba,
1048 2183 1126 2234 qui
1156 2182 1254 2235 jam
1288 2188 1359 2223 est
1394 2194 1500 2222 cum
1534 2181 1728 2223 Comite.
1768 2180 1914 2222 Offert

267 2256 438 2296 Comes
459 2256 649 2296 domum
670 2254 908 2296 Societati:
932 2254 979 2294 in
1001 2254 1180 2294 duobus
1203 2254 1306 2294 aliis
1326 2254 1443 2294 locis
1465 2253 1588 2294 idem
1609 2252 1814 2293 offertur.
1838 2252 1907 2292 In-

263 2327 419 2378 junxit
439 2326 488 2366 P.
513 2326 692 2367 Doctor
723 2332 772 2366 ut
800 2325 937 2377 hujus
964 2326 1031 2366 rei
1062 2324 1110 2365 Ρ.
1144 2325 1195 2365 Τ.
1226 2325 1476 2366 certiorem
1502 2325 1784 2374 faceremus,
1823 2335 1913 2375 quo

269 2409 615 2450 cognoscamus
637 2398 748 2449 quid
768 2397 818 2437 P.
843 2398 894 2437 T.
919 2397 1008 2437 hac
1030 2397 1076 2437 in
1096 2409 1147 2437 re
1168 2396 1268 2437 fieri
1294 2396 1569 2448 praecipiat.
1601 2395 1649 2436 Si
1676 2395 1814 2435 isthic
1842 2406 1913 2434 su-

270 2475 513 2521 peressent
548 2469 626 2521 qui
661 2470 752 2509 huc
783 2468 1100 2519 mitterentur,
1133 2468 1324 2509 minime
1358 2467 1495 2508 otiosi
1522 2467 1676 2508 forent
1702 2467 1750 2506 in
1775 2466 1914 2506 vinea

270 2540 484 2592 Domini;
507 2551 646 2592 quem
667 2552 836 2592 precor
857 2546 906 2580 ut
927 2540 1110 2580 mittere
1131 2539 1349 2590 dignetur
1371 2539 1613 2591 operarios
1642 2538 1688 2578 in
1715 2549 1915 2577 messem

270 2624 422 2653 suam.
445 2611 613 2652 Amen.

353 2682 686 2734 Salmanticae,
709 2683 845 2723 nonis
863 2682 1076 2736 Januarii
1099 2683 1214 2723 anniv
1236 2682 1349 2723 1551.

353 2754 573 2795 Minimus
594 2754 715 2795 filius
735 2754 783 2795 P.
809 2760 917 2794 tuae

1094 2825 1444 2866 MAXIMILIANUS
1474 2838 1505 2865 A
1537 2824 1775 2865 CAPELLA.

355 2897 725 2949 Superscriptt'o.
758 2897 990 2949 Perquam
1010 2895 1111 2937 R.<¹0
1144 2897 1191 2936 in
1212 2896 1399 2937 Christo
1416 2895 1558 2947 Patri,
1580 2895 1628 2935 Ρ.
1651 2894 1836 2946 Ignatio
1859 2892 1915 2932 de

274 2969 470 3020 Loyola,
494 2968 767 3020 Praeposito
789 2968 1009 3008 Generali
1031 2967 1281 3008 Societatis
1301 2968 1425 3021 Jesu.
1451 2967 1641 3007 Romae.
