2074 3179
182 123 252 161 376
698 125 924 162 Ll'rTERAE
951 137 1308 169 QUADRmsssrREs

181 219 405 260 scientiae
444 221 721 261 scrutationi
760 227 805 261 et
850 221 1053 262 orationi
1092 229 1333 264 vacantes.
1376 224 1600 276 Quidam,
1644 226 1816 267 mundo

180 290 368 330 omnino
389 291 567 343 relicto,
590 291 916 332 monachalem
937 292 1024 332 sibi
1044 293 1286 344 elegerunt
1302 294 1463 345 vitam,
1488 307 1603 347 quos
1626 297 1814 348 quidem

179 363 220 402 si
239 362 374 402 nobis
392 362 490 414 jam
510 364 666 414 ampla
686 363 849 403 fuisset
870 363 1050 415 domus,
1075 370 1260 404 constat
1281 365 1328 404 in
1348 364 1629 408 Societatem
1659 369 1815 420 potius

179 445 319 485 quam
347 434 393 474 in
429 435 574 475 ullum
595 435 744 475 alium
773 434 983 475 ordinem
1012 435 1311 485 ingressuros
1349 436 1506 477 fuisse.
1541 437 1815 490 Spiritualia

178 506 403 546 exercitia
424 507 577 546 fecere
608 506 838 558 nonnulli,
875 506 1015 546 iidem
1047 508 1442 558 praestantissimi
1462 510 1815 562 acutissimique

178 577 367 628 ingenii:
392 578 523 617 multi
545 577 871 617 vacationibus
893 577 965 618 his
986 577 1150 618 eadem
1170 578 1325 619 facere
1348 579 1523 620 sitiunt.

257 648 564 700 Presbyteros
585 655 681 688 tres
703 649 749 688 in
770 648 1055 690 Societatem
1071 650 1347 702 recepimus,
1369 662 1567 702 quorum
1584 652 1674 692 duo
1691 653 1813 693 theo-

176 720 315 771 logici
338 720 480 760 studii
502 720 640 759 finem
661 720 879 771 attigere;
906 721 1071 760 tertius
1092 733 1176 772 per
1197 721 1338 762 trium
1360 733 1589 763 annorum
1611 724 1813 764 curricu-

176 791 270 830 lum
291 792 332 831 ei
354 791 549 831 navavit
572 802 784 842 operam;
810 804 868 832 ex
890 791 1058 844 quibus
1079 792 1169 832 duo
1187 791 1502 833 Salmanticae
1520 792 1617 845 jam
1636 795 1815 845 publice

176 863 593 903 concionabantur.
633 862 767 903 Multi
803 863 883 903 alii
914 863 1129 904 doctrina
1155 864 1366 915 insignes
1392 865 1498 916 viri,
1531 877 1636 905 cum
1671 866 1816 906 divini

176 934 350 974 amoris
380 934 642 974 certissimo
666 933 824 985 jaculo
855 935 947 974 sint
976 935 1225 986 vulnerati,
1255 935 1474 976 addicere
1510 948 1572 976 se>
1593 936 1815 977 Societati

174 1017 269 1045 non
310 1017 475 1056 parum
518 1012 758 1058 exoptant.
800 1006 1165 1046 Versutissimus
1204 1012 1362 1047 tamen
1401 1007 1475 1047 ille
1515 1020 1569 1048 ac
1605 1008 1813 1048 lubricus

173 1077 356 1127 anguis,
386 1077 565 1128 primus
592 1077 725 1129 pacis
752 1084 943 1118 nostrae
971 1078 1208 1129 inimicus,
1242 1090 1339 1119 non
1367 1079 1536 1119 desinit
1573 1080 1813 1120 obstacula

170 1149 329 1188 nescio
353 1161 472 1200 quae
501 1148 725 1201 objicere,
756 1149 884 1189 Deus
911 1155 1069 1190 tamen
1098 1149 1311 1201 Optimus
1338 1150 1592 1202 Maximus,
1625 1152 1701 1202 qui
1730 1153 1812 1192 hos

170 1219 404 1260 adducere
426 1220 649 1272 dignatus
670 1227 754 1272 est,
778 1221 984 1273 reliquos
1005 1222 1147 1261 etiam
1169 1221 1361 1262 adferet.

250 1291 460 1332 Veniunt
480 1292 641 1332 itidem
661 1292 871 1332 nonnulli
893 1298 942 1332 ut
964 1304 1071 1332 cum
1097 1292 1314 1333 Patribus
1337 1293 1392 1333 de
1420 1294 1560 1334 rebus
1586 1295 1675 1345 piis
1705 1306 1809 1334 san-

169 1364 349 1415 ctisque
370 1363 622 1404 familiaria
645 1364 850 1404 excitent
877 1364 1129 1416 colloquia;
1154 1365 1233 1416 qui
1254 1376 1415 1405 omnes
1436 1365 1533 1405 fere
1553 1365 1809 1405 maximam

168 1435 277 1475 inde
315 1441 559 1487 reportant
597 1436 859 1476 utilitatem,
898 1435 1142 1476 Vocamur
1176 1442 1421 1487 praeterea
1457 1437 1623 1477 crebro
1664 1443 1713 1476 ut
1748 1437 1807 1476 ad

168 1507 419 1547 coelestem
441 1507 568 1548 illam
589 1508 791 1559 patriam
813 1509 1115 1559 pervolantes
1137 1507 1428 1560 adjuvemus.
1447 1508 1543 1548 Nec
1561 1509 1713 1548 solum
1729 1509 1808 1560 qui

167 1578 213 1618 id
233 1590 383 1629 genus
402 1579 593 1631 pietatis
615 1585 837 1620 exercent
859 1580 1077 1620 morienti
1099 1591 1235 1631 opem
1255 1580 1426 1630 ferunt,
1445 1591 1611 1620 verum
1628 1586 1672 1620 et
1695 1580 1803 1620 inci-

164 1649 303 1691 dente
331 1651 581 1691 occasione
609 1652 969 1691 circumstantes
998 1657 1185 1691 monent
1214 1663 1268 1691 ac
1299 1652 1548 1691 hortantur
1583 1658 1633 1691 ut
1674 1652 1720 1691 in
1762 1652 1807 1692 id

164 1722 344 1774 seipsos
371 1729 538 1774 parent
570 1723 809 1774 temporis,
841 1723 1179 1763 conscientiam
1209 1723 1266 1763 ab
1299 1723 1425 1763 omni
1455 1723 1679 1763 vitiorum
1702 1723 1806 1763 labe

163 1794 464 1846 mundantes;
488 1800 538 1834 ut
564 1806 713 1846 nuper
736 1794 930 1846 accidit,
963 1807 1069 1835 cum
1101 1795 1292 1846 quidam
1319 1795 1487 1835 nobilis
1515 1807 1573 1835 ex
1603 1795 1806 1846 proceri-

163 1865 248 1905 bus
269 1866 491 1917 civitatis,
516 1866 743 1918 proximis
771 1866 949 1917 diebus,
973 1873 1043 1907 ter
1073 1867 1150 1907 vel
1169 1874 1335 1919 quater
1364 1866 1423 1907 ad
1450 1867 1612 1907 ultima
1640 1878 1804 1918 perve-

161 1937 321 1977 nisset.
341 1938 391 1977 P.
415 1939 539 1978 enim
562 1937 743 1979 Doctor
762 1937 771 1956 ¹
790 1939 1049 1979 accersitus
1074 1951 1128 1979 eo
1153 1950 1202 1979 se
1220 1939 1428 1989 contulit,
1444 1938 1577 1990 eique
1595 1938 1803 1978 animum

162 2015 211 2049 ut
239 2014 428 2050 strenue
465 2017 698 2062 pugnaret
727 2011 956 2051 adversus
987 2010 1160 2050 diaboli
1188 2011 1473 2050 tentationes
1510 2015 1708 2050 conatus
1736 2016 1806 2050 est

162 2080 350 2131 addere,
376 2093 431 2122 ac
453 2093 508 2121 ea
530 2082 632 2134 ipsa
653 2081 742 2133 die,
767 2094 859 2134 qua
888 2083 1094 2123 animam
1121 2082 1376 2132 exhalavit,
1407 2081 1555 2122 adfuit
1583 2092 1689 2121 cum
1713 2082 1804 2121 alio

161 2152 306 2193 fratre
326 2159 503 2194 nostro.
529 2153 742 2194 Aderant
763 2160 807 2194 et
829 2153 1007 2194 nobiles
1028 2154 1237 2205 plerique
1254 2159 1299 2194 et
1315 2154 1567 2193 multorum
1589 2152 1804 2193 ordinum

163 2224 403 2276 monachi,
436 2225 527 2276 qui,
560 2237 666 2266 cum
699 2226 929 2266 admoniti
963 2226 1020 2265 ab
1048 2225 1153 2265 aliis
1188 2237 1215 2265 a
1249 2236 1467 2265 sermone
1496 2224 1800 2274 destitissent,

162 2301 272 2336 tunc
285 2303 420 2348 pater
433 2296 626 2348 Doctor,
647 2297 792 2337 divini
809 2297 985 2337 amoris
997 2298 1106 2348 igne
1118 2297 1341 2348 flagrans,
1357 2297 1632 2337 morientem
1650 2295 1803 2347 coepit

163 2367 418 2420 cohortari,
452 2380 642 2409 monere
677 2368 887 2419 subinde,
926 2368 1179 2409 vociferari
1214 2368 1274 2408 ad
1302 2379 1478 2419 aurem,
1517 2367 1803 2407 christianae

162 2439 268 2479 fidei
290 2439 513 2480 articulos
535 2440 630 2480 alta
652 2452 771 2481 voce
793 2439 1019 2491 proferre,
1043 2451 1175 2479 arma
1205 2438 1434 2480 adversus
1464 2438 1603 2490 ignea
1631 2437 1803 2478 diaboli

161 2511 253 2551 tela
280 2511 522 2562 praebere,
559 2523 682 2552 nunc
717 2512 773 2552 de
806 2513 934 2552 Vitae
970 2512 1234 2563 privatione
1269 2517 1516 2562 aegrotum
1550 2509 1799 2558 consolari,

161 2594 285 2623 nunc
306 2582 667 2623 circumstantes
686 2583 807 2623 illius
825 2583 1047 2635 temporis
1065 2588 1194 2623 tanto
1213 2582 1420 2634 periculo
1443 2588 1634 2632 terrere3
1653 2586 1801 2620 tanto-

161 2665 250 2705 que
278 2654 377 2705 ipse
405 2654 573 2694 ardore
602 2655 944 2706 corripiebatur
964 2660 1014 2694 ut
1034 2666 1118 2706 per
1140 2654 1344 2706 quinque
1365 2653 1612 2693 continuas
1642 2651 1799 2700 horas,

160 2737 255 2765 non
277 2725 378 2765 sine
398 2726 605 2766 maxima
627 2726 944 2778 praesentium
967 2725 1292 2776 admiratione,
1317 2725 1381 2765 ita
1402 2723 1671 2764 vociferans
1702 2735 1800 2775 per-

161 2797 407 2848 manserit,
428 2804 478 2837 ut
499 2797 656 2838 multis
678 2803 785 2849 post
807 2796 971 2837 diebus
993 2796 1244 2837 raucedine
1266 2801 1497 2847 gravatus
1519 2795 1674 2836 suerit.

217 2958 226 2977 ¹
267 2957 411 2985 Michael
427 2958 466 2985 de
484 2958 618 2985 Torres.
