2074 3179
247 141 318 178 264
758 142 987 180 LITTERAE
1022 153 1380 186 QUADIUMESTRES

248 239 324 290 pio
347 240 651 291 constitutae,
676 246 724 279 ut
751 239 949 290 singulis
975 239 1213 279 mensibus
1241 251 1402 280 omnes
1430 239 1668 279 auditores
1692 246 1886 291 peccata

250 309 576 362 confiteantur,
596 311 759 351 diebus
780 310 966 350 veneris
988 310 1180 350 audiant
1201 310 1463 351 doctrinam
1484 310 1804 362 christianam,
1829 312 1889 350 ad

250 382 501 423 conciones
540 388 729 434 praesto
764 382 856 421 sint
890 387 1078 421 nostras
1113 381 1275 421 diebus
1311 382 1523 422 omnibus
1563 382 1809 422 dominicis
1844 388 1888 422 et

250 452 400 504 festis,
430 453 519 505 piis
540 453 783 504 colloquiis
814 465 839 492 a
862 452 989 492 vitiis
1012 452 1365 492 absterreantur
1387 459 1431 492 et
1453 453 1511 492 ad
1526 453 1726 493 virtutes
1747 453 1887 504 pieta—

250 530 436 576 temque
458 524 755 564 inducantur.

331 595 492 647 Itaque
514 607 619 635 cum
640 596 687 635 in
708 595 812 635 aliis
834 596 1049 635 omnibus
1069 595 1250 635 fructus
1278 595 1533 646 spiritualis
1559 607 1653 636 non
1679 596 1890 647 vulgaris

253 667 540 718 agnoscitur,
565 673 663 707 tum
683 679 798 706 vero
822 667 896 706 ille
918 672 987 706 est
1007 667 1435 719 praeclarissimus,
1466 667 1589 718 quod
1616 667 1769 706 nullus
1794 666 1892 706 fere

253 744 323 778 est
350 738 395 778 in
423 738 640 778 omnibus
675 738 924 787 classibus,
963 738 1041 789 qui
1076 749 1243 789 parum
1272 738 1349 778 vel
1377 738 1565 789 ingenio
1593 738 1791 778 excellat
1818 739 1891 777 vel

253 810 433 861 spiritu,
458 809 536 861 qui
558 809 681 849 idem
701 821 795 849 non
816 821 1048 860 propense
1070 809 1129 849 ad
1151 808 1433 849 Societatem
1453 809 1646 859 feratur,
1666 809 1894 859 enixeque

255 887 354 921 oret
376 893 403 921 a
424 881 558 921 nobis
579 881 746 932 recip13
770 887 983 920 nostrum
1011 887 1168 920 tamen
1198 880 1445 920 consilium
1473 886 1542 920 est
1572 881 1660 920 hoc
1686 886 1894 931 tempore

255 953 436 992 animos
457 963 621 993 eorum
648 953 773 992 alere
803 964 857 992 ac
890 952 1053 992 fovere
1082 952 1318 1003 spiritum,
1349 951 1496 992 donec
1524 952 1804 992 maturiores
1839 964 1894 992 ac

256 1023 551 1074 probatiores
585 1023 718 1071 fiant,
757 1030 800 1063 et
828 1035 915 1063 nos
942 1024 1095 1074 magis
1128 1024 1281 1074 parati
1312 1030 1359 1063 ut
1393 1023 1495 1063 illos
1525 1023 1572 1062 in
1605 1023 1896 1074 probationis

257 1095 447 1135 domum
468 1095 684 1146 accipere
705 1095 956 1146 possimus.

336 1166 467 1218 Quae
489 1167 547 1206 ad
568 1172 780 1206 nostrum
802 1167 1051 1218 collegium
1073 1179 1128 1206 ac
1149 1166 1440 1218 probationis
1462 1167 1650 1206 domum
1683 1167 1894 1212 attinent.

258 1237 523 1290 hujusmodi
543 1244 671 1287 sunt,
697 1238 871 1278 Christi
891 1239 1002 1291 Jesu
1023 1238 1311 1289 benignitate
1333 1250 1388 1278 ac
1410 1238 1585 1289 gratia,
1616 1244 1664 1278 ut
1693 1238 1899 1278 animum

256 1316 472 1349 nostrum
505 1310 778 1361 quotidiana
815 1310 942 1349 alant
974 1308 1282 1361 jucunditate.
1314 1309 1382 1350 Ita
1413 1308 1540 1349 fovet
1562 1321 1647 1349 nos
1669 1309 1901 1349 Dominus

257 1381 635 1432 praeclarissimo
656 1381 734 1420 illo
757 1381 944 1432 spiritu,
970 1392 1109 1432 quem
1129 1380 1424 1432 gratificatus
1445 1387 1514 1421 est
1535 1380 1760 1421 Societati
1787 1392 1899 1420 suae

260 1452 458 1501 abunde,
482 1458 531 1492 ut
549 1452 687 1492 facile
709 1453 756 1492 in
776 1452 899 1492 illius
920 1452 1106 1492 luminis
1135 1460 1179 1492 et
1208 1452 1392 1503 gratiae
1414 1453 1724 1495 illustratione
1745 1452 1899 1492 omnia

259 1524 392 1564 nobis
424 1529 697 1576 suppetant,
736 1530 780 1564 et
815 1523 1093 1564 confirment
1121 1535 1238 1575 quae
1264 1523 1324 1563 ad
1352 1523 1628 1574 religionem
1655 1522 1904 1564 Societatis

261 1601 475 1646 spectant
498 1601 541 1635 et
563 1595 623 1635 ad
643 1595 982 1647 perfectionem
1004 1594 1296 1634 obedientiae
1318 1600 1667 1635 sacrosanctae.

342 1666 506 1707 Oratio
528 1665 694 1718 majori
715 1678 855 1707 sensu
883 1672 1129 1708 exercetur
1161 1672 1205 1706 et
1233 1666 1402 1707 fructu.
1432 1665 1507 1706 Ad
1528 1678 1605 1717 ea,
1629 1678 1748 1718 quae
1771 1678 1902 1717 supe·

261 1738 464 1778 rioribus
498 1738 664 1778 litteris
693 1738 989 1790 scripsimus,
1025 1738 1116 1778 hoc
1152 1738 1294 1777 etiam
1329 1737 1553 1788 accessit,
1592 1744 1641 1778 ut
1676 1744 1903 1789 quotquot

261 1815 369 1850 sunt
388 1810 436 1850 in
457 1810 595 1850 domo
616 1810 907 1862 probationis
929 1809 1150 1861 juvenes,
1178 1815 1407 1861 quotquot
1434 1810 1481 1849 in
1502 1810 1701 1860 collegio
1722 1809 1904 1860 novitii,

262 1882 326 1922 illi
346 1881 533 1933 quidem
554 1882 783 1933 magistro
800 1881 1092 1933 probationis
1109 1881 1313 1933 quotidie
1331 1881 1390 1921 ad
1410 1892 1658 1933 vesperum
1673 1880 1907 1920 rationem

262 1954 496 2005 explicent
518 1965 573 1994 ac
595 1953 794 1994 reddant
816 1953 1012 1995 diurnae
1035 1952 1410 1993 conversationis
1431 1963 1565 2003 suae,
1590 1951 1637 1992 hi
1668 1963 1783 1992 vero
1813 1963 1908 1992 ma·

261 2025 411 2076 gistro
432 2025 739 2076 novitiorum;
763 2036 853 2076 qua
875 2025 922 2065 in
950 2037 1000 2065 re
1029 2030 1161 2064 tanta
1193 2030 1493 2075 comparatur
1523 2024 1787 2063 animorum
1813 2035 1909 2075 pax

263 2103 306 2137 et
329 2096 660 2148 tranquillitas,
684 2102 734 2137 ut
756 2107 989 2136 summum
1011 2096 1057 2135 in
1078 2107 1134 2135 ea
1156 2107 1270 2136 cura
1291 2094 1577 2146 praesidium
1606 2094 1911 2134 constitutum

266 2179 369 2208 esse
390 2168 606 2208 videatur
629 2179 791 2208 eorum
812 2168 890 2219 qui
911 2168 1032 2207 lacte
1054 2167 1309 2207 etiamdum
1330 2166 1483 2206 alendi
1512 2172 1633 2206 sunt.
1658 2165 1775 2206 Illud
1795 2177 1908 2206 Vero

265 2251 361 2279 non
382 2239 596 2279 omittam
612 2239 668 2279 de
685 2238 825 2279 domo
843 2238 1149 2290 probationis,
1169 2244 1350 2278 tantam
1369 2237 1465 2289 jam
1486 2237 1551 2277 illi
1568 2236 1729 2277 domui
1749 2237 1908 2277 autho-

265 2311 454 2351 ritatem
475 2310 599 2362 apud
621 2310 883 2360 civitatem,
908 2308 981 2349 X.i
1010 2309 1187 2359 gratia,
1212 2309 1534 2358 conciliatam,
1558 2314 1740 2348 tantam
1760 2307 1908 2348 chari-

268 2387 412 2422 tatem
450 2382 658 2422 omnium
698 2381 929 2431 ordinum,
962 2386 1011 2420 ut
1045 2381 1305 2431 margarita
1342 2380 1573 2432 quaedam
1621 2379 1913 2419 existimetur

269 2453 476 2493 civitatis
491 2452 654 2493 videre
671 2451 870 2504 juvenes
892 2452 939 2492 in
960 2451 1114 2491 media
1134 2451 1289 2503 patria
1311 2452 1437 2497 velut
1460 2451 1505 2490 in
1534 2462 1690 2491 eremo
1711 2450 1909 2498 versari,

270 2524 486 2575 orationi,
506 2524 663 2564 carnis
680 2523 1044 2573 mortificationi,
1065 2523 1358 2563 obedientiae
1381 2534 1436 2562 ac
1458 2522 1624 2562 studiis
1651 2522 1915 2562 litterarum

271 2595 581 2636 attentissime
612 2606 887 2646 summaque
916 2605 1023 2634 cum
1057 2594 1202 2634 animi
1236 2593 1473 2634 hilaritate
1509 2592 1710 2643 deditos,
1744 2597 1794 2632 ut
1828 2604 1914 2632 nos

271 2679 366 2707 non
387 2678 496 2707 raro
523 2671 714 2706 nostrae
746 2664 1123 2706 conversationis
1151 2665 1346 2717 pudeat,
1376 2664 1555 2705 adeone
1585 2664 1787 2714 ignavos
1812 2675 1915 2703 esse

273 2750 380 2790 nos,
413 2750 441 2778 a
467 2738 641 2790 pueris,
672 2737 874 2778 necdum
901 2736 1087 2788 quidem
1117 2737 1380 2788 tyronibus,
1404 2745 1454 2776 ut
1474 2735 1736 2786 vincamur,
1760 2734 1839 2786 qui
1860 2734 1915 2784 (si

274 2816 458 2862 tempus
480 2809 733 2862 spectetur)
755 2814 1008 2849 veteranos
1025 2813 1268 2859 praestare
1290 2807 1551 2848 debuimus?
1568 2805 1660 2847 Sed
1677 2806 1766 2846 hoc
1782 2805 1918 2846 nobis

275 2881 505 2921 victoriae
525 2882 629 2921 loco
652 2886 743 2932 est,
767 2880 814 2920 in
834 2879 919 2919 X.0
937 2879 1071 2933 Jesu,
1097 2878 1137 2918 si
1157 2890 1184 2918 a
1205 2879 1362 2931 pueris
1376 2879 1430 2925 ,in
1449 2878 1539 2918 hac
1559 2877 1797 2929 palaestra
1818 2876 1915 2916 vin·

278 2963 456 3003 camur,
475 2952 616 2992 modo
637 2957 848 2992 nostram
870 2950 957 3002 ipsi
980 2950 1195 2990 inertiam
1218 2958 1401 3001 semper
1423 2949 1655 2989 enitamur
1675 2958 1915 2999 superare.
