2074 3179
195 87 266 123 416
708 88 936 126 LlTTERAE
963 100 1322 132 QUADRIMESTRES

194 183 452 234 desperans
473 183 622 236 deque
643 183 732 224 Dei
752 184 1077 225 misericordia
1099 186 1324 237 diffidens,
1350 188 1396 227 in
1417 194 1596 228 tantam
1618 189 1831 240 despera-

196 254 371 294 tionem
392 255 635 306 inciderat,
658 262 708 295 ut
730 268 757 295 a
778 255 935 295 multis
956 256 1192 297 sublevari
1207 269 1301 297 non
1318 259 1487 310 potuit,
1511 272 1692 312 verum,
1718 261 1831 300 invi-

194 325 404 365 sentibus
431 338 537 366 eum
563 326 801 377 PatribuS,
834 325 994 366 divino
1019 327 1184 367 favore
1217 329 1410 380 resipuit
1439 341 1493 370 ac
1521 342 1700 382 paucos
1727 338 1834 382 post

196 397 295 436 dies
318 397 524 437 animam
545 397 735 437 efflavit.

276 467 352 509 Ad
373 451 692 509 confessiones
713 480 974 509 concursus
995 481 1089 509 non
1110 475 1180 510 est
1207 470 1506 512 mediocriter
1535 484 1757 524 magnus,
1791 480 1835 513 et

196 540 317 579 inter
338 551 419 580 eos
441 540 519 591 qui
540 539 860 580 confessiones
891 551 947 580 ac
978 540 1171 580 sanctis.
1203 547 1551 582 sacramentum
1579 544 1832 591 celebrant,

196 611 403 651 maxima
425 622 536 662 pars
557 622 720 651 eorum
741 616 810 651 est
831 611 910 662 qui
930 623 1043 651 vere
1074 618 1270 663 possunt
1292 612 1560 664 spirituales
1593 615 1832 665 appellari,

194 694 305 722 nam
328 682 519 723 Domini
540 682 741 733 vestigia
764 694 946 722 summo
966 682 1154 723 fervore
1182 690 1541 736 prosequuntur.
1572 685 1633 725 Hi
1660 696 1760 725 sese
1789 687 1835 726 in

195 754 519 806 componenda
540 765 658 806 pace
680 765 786 794 cum
803 754 1035 805 aliquibus
1051 761 1286 807 exercent,
1308 762 1353 795 et
1373 756 1591 796 mulieres
1609 757 1834 808 pernicio-

195 837 297 866 sam
318 826 466 866 vitam
487 831 683 876 agentes
705 825 764 865 ad
783 825 956 866 bonum
977 826 1240 866 institutum
1261 827 1486 867 reducere
1514 828 1725 876 student3
1758 828 1835 868 ho-

195 897 382 948 spitalia
404 896 609 936 invisere
630 908 724 937 non
746 897 1138 948 praetermittunt.

274 968 368 1008 Dat
399 968 538 1008 Pater
558 968 843 1008 Paschasius
863 968 1021 1009 multis
1041 968 1089 1008 in
1114 969 1383 1020 praesentia
1410 970 1673 1021 spiritualia
1703 982 1833 1010 exer-

193 1040 326 1091 citia,
357 1046 402 1080 et
429 1040 666 1080 nonnullis
693 1039 1011 1080 nobilissimae
1038 1039 1244 1081 familiae
1278 1041 1402 1081 natis
1421 1053 1475 1081 ea
1508 1041 1633 1082 dedit
1665 1042 1833 1091 multis,

193 1111 406 1162 proxime
428 1111 599 1163 elapsis
621 1111 798 1162 diebus,
819 1123 1018 1163 quorum
1039 1112 1223 1163 aliquae
1244 1112 1457 1163 virgines
1478 1112 1737 1164 ingressae,
1758 1113 1836 1153 ali-

193 1194 313 1233 quae
334 1182 637 1233 ingressurae
658 1188 766 1223 sunt
788 1183 1042 1234 coenobia,
1075 1188 1119 1223 et
1140 1183 1322 1223 Doctor
1344 1183 1533 1235 quidam
1562 1184 1608 1224 in
1638 1189 1836 1236 utroque

187 1253 305 1306 jure,
330 1254 497 1295 iisdem
519 1254 757 1295 exercitiis
777 1260 1034 1306 promotus,
1056 1254 1115 1295 ad
1130 1255 1254 1295 idem
1270 1256 1607 1307 praestandum
1628 1267 1677 1296 se
1698 1268 1833 1307 para-

194 1332 292 1366 tum
318 1325 457 1366 fateri
484 1337 578 1365 non
613 1326 807 1366 dubitat.
839 1326 899 1366 Hi
927 1326 1214 1378 spirituales,
1245 1326 1301 1367 de
1330 1327 1496 1378 quibus
1523 1327 1662 1367 modo
1690 1327 1836 1367 verba

192 1397 297 1448 feci,
320 1409 414 1437 non
436 1397 559 1437 enim
579 1398 727 1437 multa
747 1396 803 1437 de
827 1397 917 1437 illis
937 1397 1214 1449 praedicare
1235 1398 1482 1449 desistam,
1515 1398 1579 1438 ita
1612 1409 1726 1449 erga
1755 1397 1832 1439 So—

193 1468 412 1509 cietatem
434 1475 541 1509 sunt
563 1468 716 1509 affecti
733 1474 782 1509 ut
798 1480 1054 1521 numquam
1076 1482 1102 1509 a
1119 1474 1281 1509 nostra
1298 1470 1581 1521 praesentia,
1602 1469 1711 1510 dum
1732 1481 1834 1521 pos-

193 1546 316 1589 sunt,
335 1539 557 1580 recedere
577 1541 697 1580 velle
713 1540 977 1580 videantur.
997 1540 1143 1581 Immo
1165 1546 1210 1580 et
1228 1540 1443 1592 quamvis
1460 1540 1653 1581 audiant
1673 1540 1836 1580 diebus

192 1612 323 1652 festis
357 1623 494 1652 mane
530 1612 808 1652 concionem
835 1617 880 1651 et
907 1624 933 1652 a
962 1611 1160 1663 prandio
1192 1612 1459 1663 lectionem,
1491 1623 1675 1652 necnon
1711 1611 1836 1652 domi

191 1683 454 1724 orationem
485 1695 512 1723 a
545 1682 767 1723 fratribus
807 1682 1035 1734 habitam,
1078 1683 1187 1723 licet
1221 1695 1316 1724 non
1356 1695 1518 1724 omnes
1555 1683 1834 1734 intelligant,

194 1760 351 1795 tamen
372 1767 465 1795 non
486 1754 576 1794 illis
598 1754 787 1805 sufficit;
812 1754 965 1794 adhuc
981 1754 1156 1795 vellent
1178 1766 1205 1794 a
1226 1754 1365 1795 Patre
1395 1753 1652 1795 Paschasio
1684 1755 1840 1806 priva-

194 1832 292 1866 tam
320 1826 722 1877 exhortationem,
752 1832 1017 1868 asserentes
1047 1838 1097 1866 se
1127 1838 1221 1866 non
1248 1825 1374 1866 aliud
1410 1831 1573 1878 optare
1603 1837 1744 1878 quam
1773 1826 1841 1866 sic

194 1904 345 1938 totum
367 1897 489 1938 diem
510 1897 557 1937 in
578 1897 739 1938 divino
761 1897 955 1938 servitio
977 1898 1258 1949 transigere.

275 1969 350 2009 Ad
371 1980 457 2009 nos
478 1968 666 2009 deducti
696 1968 847 2020 fuere,
879 1974 1041 2009 nostro
1070 1969 1230 2009 audito
1257 1969 1484 2020 adventu,
1517 1970 1781 2020 complures
1814 1981 1839 2009 a

194 2040 435 2092 spiritibus
469 2040 720 2081 immundis
746 2041 931 2092 vexati3
963 2052 1161 2093 quorum
1191 2041 1356 2081 mulier
1387 2052 1480 2081 una
1507 2053 1566 2081 ex
1593 2040 1841 2081 duodecim

194 2112 470 2152 milliaribus
498 2117 567 2152 est
594 2123 741 2164 usque
770 2112 970 2153 deducta
996 2118 1046 2152 ut
1069 2125 1096 2153 a
1124 2112 1343 2152 Patribus
1371 2117 1493 2152 esset
1520 2112 1733 2152 liberata.
1764 2111 1840 2152 Al-

194 2190 296 2224 tera
331 2183 388 2224 ab
420 2183 584 2224 eodem
618 2183 865 2224 sacerdote
900 2182 1122 2235 deducta,
1153 2184 1232 2235 qui
1260 2195 1364 2224 eam
1395 2184 1512 2224 alias
1539 2195 1565 2223 a
1595 2183 1841 2224 daemonio

195 2255 393 2295 liberare
415 2260 613 2295 conatus
634 2254 810 2307 fuerat,
842 2255 921 2307 qui
942 2253 1130 2306 quidem
1152 2255 1355 2307 quadam
1384 2255 1684 2306 simplicitate
1715 2254 1841 2294 Patri

197 2326 452 2367 Paschasio
474 2326 660 2367 dicebat
682 2326 959 2367 daemonem
981 2326 1029 2366 in
1051 2326 1185 2378 digiti
1213 2326 1395 2378 apicem
1422 2338 1472 2366 se
1499 2326 1708 2378 recipere
1740 2329 1840 2366 coe-

195 2398 338 2449 gisse,
357 2398 440 2438 sed
460 2397 733 2449 neutiquam
754 2397 861 2438 inde
878 2397 1125 2438 detrudere
1142 2398 1272 2438 illum
1287 2397 1510 2449 potuisse,
1528 2409 1647 2449 quae
1665 2397 1723 2437 ab
1739 2397 1841 2449 ipso

198 2468 337 2510 Patre
358 2468 618 2509 Paschasio
641 2469 740 2509 sola
762 2467 1060 2509 confessione
1080 2469 1278 2509 liberata
1299 2468 1405 2520 fuit,
1435 2479 1704 2520 paucosque
1734 2473 1842 2518 post

198 2541 297 2581 dies
318 2552 376 2581 ex
397 2541 489 2580 hoc
511 2540 651 2580 exilio
674 2540 734 2580 ad
754 2545 978 2592 paternas
998 2539 1134 2581 sedes
1155 2540 1397 2591 migravit.

278 2612 405 2653 Idem
420 2611 561 2652 Pater
581 2611 628 2651 in
646 2611 904 2652 christiana
920 2611 1010 2652 fide
1027 2610 1145 2651 duos
1163 2611 1363 2652 erudivit
1381 2611 1625 2662 hebranS,
1645 2622 1844 2662 quorum

197 2695 337 2735 unus,
362 2684 440 2724 ubi
462 2683 656 2723 edoctus
676 2682 784 2734 fuit,
808 2694 902 2723 uno
935 2683 1192 2734 eodemque
1225 2683 1298 2723 die
1326 2694 1417 2735 quo
1444 2682 1530 2723 fuit
1560 2682 1839 2734 baptizatus,

198 2756 322 2797 sacri
343 2755 432 2796 olei
453 2755 723 2795 unctionem
744 2755 967 2806 suscepit,
988 2765 1043 2794 ac
1061 2755 1121 2794 ad
1142 2765 1339 2806 superos
1356 2753 1644 2795 convolavit.
1665 2753 1843 2794 Recon-

198 2827 376 2868 ciliavit
396 2827 538 2867 etiam
559 2826 661 2867 Deo
683 2825 931 2879 quemdam
959 2837 1142 2876 eorum,
1173 2826 1251 2877 qui
1282 2826 1390 2866 olim
1418 2826 1466 2866 in
1492 2825 1737 2865 Lusitania
1767 2825 1842 2865 ba-

199 2899 359 2950 ptizati
389 2899 542 2947 fuere,
576 2898 654 2949 qui
683 2897 870 2950 quidem
898 2897 957 2937 ad
987 2897 1237 2947 vomitum,
1272 2897 1331 2937 ad
1362 2895 1642 2948 judaeorum
1676 2907 1843 2948 nempe
