2074 3179
260 171 333 208 ι>84
775 168 1001 205 LITTERAE
1029 178 1394 211 QUADRIMESTRES

261 268 413 307 virtus
435 267 507 306 sui
527 266 765 316 diffusiva,
791 265 1176 316 commilitonem,
1201 266 1301 317 qui,
1325 265 1397 305 his
1424 265 1562 305 nonis
1593 264 1728 316 Maji,
1761 267 1904 306 totius

263 339 389 378 vitae
419 338 583 378 sordes
619 338 774 377 eluere
809 342 1055 387 satagens,
1084 337 1377 387 generalem,
1409 335 1680 387 ingeniosus
1714 347 1769 376 ac
1800 336 1904 387 pius

263 410 523 458 mascuIUS,
547 409 741 460 protulit
763 408 1121 448 confessionem.
1145 407 1271 448 Vere
1293 407 1521 447 mirabilis
1541 406 1695 457 Deus,
1721 407 1797 458 qui
1818 419 1904 447 nec

262 480 479 525 adverso,
499 480 630 531 vulgi
651 479 838 531 quidem
859 480 1105 530 sententia,
1126 486 1334 530 tempore
1351 490 1437 518 nos
1458 478 1581 518 felici
1604 489 1716 518 suae
1738 478 1904 518 vineae

263 553 389 592 cultu
411 552 678 591 exhilarare
701 551 886 592 desivit.

343 622 414 663 De
451 622 747 663 confessione
782 628 921 674 atque
956 622 1283 663 communione
1322 633 1473 673 pauca
1511 620 1780 672 adjungam.
1820 621 1903 661 Ca-

262 702 395 735 terva
419 695 615 746 singulis
645 695 904 747 quibusque
933 694 1179 734 dominicis
1211 705 1267 734 ac
1296 694 1429 734 festis
1461 693 1623 733 diebus
1653 692 1906 733 communi-

261 766 469 806 cantium
491 766 536 806 in
558 772 740 806 tantum
760 777 1007 806 numerum
1024 765 1235 805 excrevit
1257 771 1321 816 ut,
1343 764 1465 816 quod
1484 770 1694 816 tempore
1710 764 1907 816 pascha—

262 839 318 879 lis
340 837 650 878 solemnitatis
670 837 769 877 fieri
792 837 1038 877 dumtaxat
1060 836 1253 887 assolet,
1280 836 1477 876 calicem
1498 847 1592 875 una
1616 846 1722 875 cum
1742 834 1908 875 hostiis

264 909 554 950 consecratis
592 920 702 948 arae
742 919 989 948 necessum
1023 908 1082 948 sit
1117 908 1306 960 imponi.
1343 907 1652 947 Ascensionis
1686 918 1800 946 vero
1836 905 1908 946 die

264 987 452 1021 nostrae
474 980 749 1032 parochiae,
782 980 829 1020 in
851 980 954 1020 aliis
975 980 1099 1020 enim
1126 979 1380 1030 vestigium
1409 978 1491 1019 vix
1523 983 1738 1030 apparet,
1773 989 1908 1017 omne

263 1063 414 1103 genus
433 1052 646 1092 homines
668 1051 785 1091 adeo
809 1051 968 1091 sedulo
991 1063 1097 1091 cum
1117 1050 1321 1091 Domino
1344 1049 1613 1099 ascendere,
1636 1054 1686 1089 ut
1709 1048 1909 1089 antehac

263 1135 519 1176 numquam
540 1134 589 1163 se
611 1123 675 1163 ita
697 1122 1007 1174 defatigatum
1029 1121 1400 1162 administrando
1428 1120 1680 1161 Dominico
1711 1131 1909 1172 corpore

263 1195 592 1247 pronunciavit
619 1194 773 1234 Pater.
802 1194 854 1234 In
881 1194 954 1234 his
983 1193 1325 1234 numerandum
1352 1198 1483 1244 putat
1509 1191 1632 1231 Μ.ῑιῑη
1655 1191 1908 1231 Theodori-

264 1279 385 1317 cum,
408 1265 500 1306 Κῶ
522 1265 676 1306 Patris
697 1265 876 1306 Canisii
896 1265 1105 1315 fratrem,
1130 1270 1210 1305 aut
1232 1270 1358 1304 certe
1380 1263 1422 1303 ei
1442 1274 1638 1315 prorsus
1664 1261 1787 1302 facie
1809 1274 1909 1302 cae-

264 1339 485 1390 terisque,
510 1350 629 1389 quae
651 1337 735 1377 sub
757 1348 948 1377 sensum
968 1336 1156 1387 cadunt,
1181 1335 1486 1376 consimilem.

345 1410 469 1450 Inter
503 1409 813 1449 confessionis
848 1408 967 1449 filios
1002 1414 1072 1448 est
1108 1407 1186 1459 qui
1217 1406 1518 1448 Carthusiam
1546 1405 1908 1456 Lovaniensem,

264 1482 465 1522 caeteris
492 1481 772 1531 tenuiorem,
803 1481 946 1520 semel
976 1480 1240 1531 ingressus,
1278 1490 1361 1530 per
1397 1478 1658 1518 amicorum
1692 1476 1911 1516 immode-

265 1554 404 1594 stiam
426 1553 563 1605 primi
585 1553 696 1592 anni
717 1563 949 1604 expensas
970 1552 1154 1591 solvere
1174 1550 1452 1600 nolentium,
1478 1560 1697 1600 egressus
1728 1547 1913 1600 quidem

266 1631 357 1675 est,
382 1625 463 1665 sed
485 1625 543 1664 ad
566 1624 691 1664 aliud
712 1622 917 1675 ejusdem
939 1623 1024 1663 ivit
1047 1622 1223 1663 ordinis
1250 1621 1526 1662 coenobium
1557 1621 1697 1672 paulo
1729 1620 1914 1671 opulen-

268 1697 372 1737 tius.
397 1695 556 1736 Alium
578 1694 717 1735 Pater
738 1693 993 1744 Adrianus,
1017 1694 1093 1733 cui
1115 1693 1295 1733 duobus
1318 1693 1453 1732 annis
1476 1692 1533 1731 ab
1557 1691 1744 1731 animae
1766 1702 1914 1731 secre-

267 1768 326 1808 tis
346 1768 454 1813 fuit,
492 1766 737 1807 Coloniam
769 1766 935 1806 deduci
963 1765 1168 1812 curavit,
1200 1763 1515 1804 carthusianis
1546 1761 1910 1813 adjungendum

263 1839 468 1890 jamque,
496 1838 620 1890 quod
645 1837 842 1878 feliciter
864 1837 905 1877 ei
926 1836 1077 1887 cedat,
1097 1842 1166 1876 est
1189 1834 1450 1887 adjunctus.
1471 1834 1545 1875 Ad
1566 1835 1685 1874 haec
1709 1834 1912 1885 quidam,

263 1910 513 1962 ⁴cujusdam
549 1916 598 1950 ut
639 1909 802 1960 opinor
842 1908 1063 1960 Episcopi
1099 1918 1354 1958 germanus
1377 1938 1384 1957 ,
1426 1905 1681 1946 rarissimis
1719 1912 1917 1946 naturae

267 1982 400 2022 donis
422 1981 684 2033 praeditus,
709 1981 767 2020 ab
790 1980 966 2032 aliquot
988 1979 1226 2019 mensibus
1254 1977 1385 2018 Patri
1414 1977 1628 2017 Adriano
1657 1976 1913 2027 confessus,

259 2054 410 2094 etiam
431 2053 596 2093 eodem
613 2052 972 2092 administrante
990 2050 1372 2092 communicavit.
1395 2049 1485 2100 Qui
1507 2050 1548 2089 si
1565 2049 1786 2090 vestitum
1806 2048 1913 2088 alia-

260 2138 370 2178 que,
390 2125 518 2165 hisce
539 2136 689 2175 genus
710 2124 975 2164 hominibus
996 2122 1265 2171 familiaria,
1291 2128 1489 2173 spectes,
1513 2120 1721 2161 nondum
1741 2119 1917 2160 saeculi

268 2208 488 2249 pompam
511 2197 773 2237 deseruisse
796 2196 997 2245 videtur,
1021 2206 1146 2235 nunc
1167 2206 1217 2234 se
1245 2193 1453 2245 disponit
1481 2193 1539 2232 ad
1568 2191 1917 2242 suscipiendum

269 2268 502 2309 Brunonis
537 2268 770 2319 habitum,
804 2266 935 2318 cujus
964 2266 1152 2306 statutis
1182 2264 1475 2316 decretisque
1503 2264 1691 2315 privato
1723 2268 1836 2302 voto
1867 2274 1917 2301 se

267 2340 485 2381 subdidit.
510 2339 947 2380 Ambstelredamus
971 2336 980 2356 ¹
1004 2337 1213 2389 quidam,
1236 2336 1375 2376 Croci
1406 2335 1419 2354 ‘²
1452 2335 1689 2387 quondam
1718 2333 1916 2385 discipu-

268 2414 361 2463 lus,
384 2412 513 2452 Patri
535 2411 744 2452 Adriano
773 2409 984 2451 confiteri
1011 2419 1350 2460 saepenumero
1383 2406 1643 2447 consuevit.
1676 2405 1811 2456 Quod
1838 2416 1915 2456 pa-

267 2491 427 2524 rentes
449 2483 743 2533 subodorati,
768 2482 926 2522 statim
947 2485 1255 2521 accurrerunt
1277 2484 1321 2519 et
1344 2478 1559 2518 omnibus
1582 2476 1732 2517 modis
1762 2476 1916 2516 virum

272 2556 330 2596 ab
347 2556 436 2595 hac
454 2554 708 2595 accedendi
725 2553 913 2593 Patrem
931 2551 1269 2592 consuetudine
1288 2561 1492 2590 avocare
1510 2554 1748 2599 satagunt,
1769 2559 1917 2599 eoque

272 2627 430 2668 multis
462 2626 644 2667 technis
666 2625 904 2665 adducunt
931 2629 980 2664 ut
1002 2623 1144 2663 alium
1165 2622 1343 2674 potius,
1370 2620 1674 2671 assignarunt
1696 2625 1853 2659 autem
1875 2619 1917 2658 ei

273 2698 464 2739 Petrum
491 2697 719 2748 Curtium,
743 2707 977 2736 summum
997 2693 1309 2735 Lovaniensis
1330 2691 1619 2732 Academiae
1640 2691 1913 2739 Doctorem,

270 2770 470 2821 posthac
492 2781 541 2809 se
563 2769 799 2809 aditurum
819 2767 1109 2819 polliceatur.
1132 2764 1250 2805 Cum
1272 2775 1346 2804 res
1374 2763 1437 2803 ita
1465 2774 1548 2814 per
1579 2762 1757 2814 aliquot
1790 2772 1914 2801 men-

337 2907 344 2926 ¹
385 2906 450 2933 Ubi
475 2913 535 2933 nos
559 2907 591 2933 in
616 2905 841 2939 autographis
857 2904 1000 2939 legimus
1017 2902 1360 2930 AmbstelredamuS.
1386 2900 1468 2934 legit
1492 2898 1773 2934 apographarum
1796 2901 1918 2925 auctor

274 2954 456 2981 ,lrnhestel
472 2954 666 2980 Redamus.

330 3003 344 3021 ‘³
382 3001 529 3029 Cornelii
547 3001 644 3029 Croci
661 2999 852 3034 (Saffra‘enl,
869 3000 909 3027 de
926 3007 989 3034 quo
1006 2999 1140 3033 saepius
1156 3004 1258 3031 supra
1275 3000 1308 3023 et
1325 2997 1357 3024 in
1372 2996 1527 3024 historiis
1549 2994 1739 3022 SocietatiS.
