<?xml version="1.0" encoding="UTF-8"?>
<!DOCTYPE html PUBLIC "-//W3C//DTD XHTML 1.0 Transitional//EN"
    "http://www.w3.org/TR/xhtml1/DTD/xhtml1-transitional.dtd">
<html xmlns="http://www.w3.org/1999/xhtml" xml:lang="en" lang="en">
 <head>
  <title>
</title>
<meta http-equiv="Content-Type" content="text/html;charset=utf-8" />
  <meta name='ocr-system' content='tesseract 3.04.00' />
  <meta name='ocr-capabilities' content='ocr_page ocr_carea ocr_par ocr_line ocrx_word'/>
</head>
<body>
  <div class='ocr_page' id='page_1' title='image "./litteraequadrime13lain_0226.png"; bbox 0 0 2074 3179; ppageno 0'>
   <div class='ocr_carea' id='block_1_1' title="bbox 297 159 1436 203">
    <p class='ocr_par' dir='ltr' id='par_1_1' title="bbox 297 159 1436 203">
     <span class='ocr_line' id='line_1_1' title="bbox 297 159 1436 203; baseline 0.003 -7"><span class='ocrx_word' id='word_1_1' title='bbox 297 159 368 196; x_wconf 78' lang='lat'>222</span> <span class='ocrx_word' id='word_1_2' title='bbox 825 160 1051 196; x_wconf 81' lang='lat' dir='ltr'>LITTERAE</span> <span class='ocrx_word' id='word_1_3' title='bbox 1078 171 1436 203; x_wconf 70' lang='lat' dir='ltr'>QUADRfflEsrm-:s</span> 
     </span>
    </p>
   </div>
   <div class='ocr_carea' id='block_1_2' title="bbox 271 255 1935 2660">
    <p class='ocr_par' dir='ltr' id='par_1_2' title="bbox 293 255 1935 1162">
     <span class='ocr_line' id='line_1_2' title="bbox 298 255 1934 310; baseline 0.003 -14"><span class='ocrx_word' id='word_1_4' title='bbox 298 257 638 308; x_wconf 81' lang='lat' dir='ltr'>rosolymitano</span> <span class='ocrx_word' id='word_1_5' title='bbox 657 257 885 306; x_wconf 80' lang='lat' dir='ltr'>serviens,</span> <span class='ocrx_word' id='word_1_6' title='bbox 909 268 990 307; x_wconf 91' lang='lat' dir='ltr'>per</span> <span class='ocrx_word' id='word_1_7' title='bbox 1007 255 1260 297; x_wconf 87' lang='lat' dir='ltr'>indiscreta</span> <span class='ocrx_word' id='word_1_8' title='bbox 1276 256 1468 309; x_wconf 84' lang='lat' dir='ltr'>jejunia,</span> <span class='ocrx_word' id='word_1_9' title='bbox 1491 259 1680 310; x_wconf 68' lang='lat' dir='ltr'>vigilias</span> <span class='ocrx_word' id='word_1_10' title='bbox 1701 266 1744 299; x_wconf 92' lang='lat' dir='ltr'>et</span> <span class='ocrx_word' id='word_1_11' title='bbox 1767 261 1934 301; x_wconf 89' lang='lat' dir='ltr'>oratio—</span> 
     </span>
     <span class='ocr_line' id='line_1_3' title="bbox 297 328 1934 382; baseline 0.003 -15"><span class='ocrx_word' id='word_1_12' title='bbox 297 339 381 368; x_wconf 99' lang='lat' dir='ltr'>nes</span> <span class='ocrx_word' id='word_1_13' title='bbox 416 328 462 368; x_wconf 90' lang='lat' dir='ltr'>in</span> <span class='ocrx_word' id='word_1_14' title='bbox 491 328 772 368; x_wconf 85' lang='lat' dir='ltr'>dementiam</span> <span class='ocrx_word' id='word_1_15' title='bbox 800 339 967 367; x_wconf 66' lang='lat' dir='ltr'>versus</span> <span class='ocrx_word' id='word_1_16' title='bbox 1003 333 1091 378; x_wconf 89' lang='lat' dir='ltr'>est,</span> <span class='ocrx_word' id='word_1_17' title='bbox 1126 333 1170 367; x_wconf 90' lang='lat' dir='ltr'>et</span> <span class='ocrx_word' id='word_1_18' title='bbox 1198 340 1224 368; x_wconf 87' lang='lat' dir='ltr'>a</span> <span class='ocrx_word' id='word_1_19' title='bbox 1251 329 1438 369; x_wconf 91' lang='lat' dir='ltr'>domino</span> <span class='ocrx_word' id='word_1_20' title='bbox 1465 341 1549 369; x_wconf 92' lang='lat' dir='ltr'>suo</span> <span class='ocrx_word' id='word_1_21' title='bbox 1581 329 1845 382; x_wconf 88' lang='lat' dir='ltr'>derelictus;</span> <span class='ocrx_word' id='word_1_22' title='bbox 1879 343 1934 372; x_wconf 84' lang='lat' dir='ltr'>ac</span> 
     </span>
     <span class='ocr_line' id='line_1_4' title="bbox 298 398 1933 451; baseline 0.002 -12"><span class='ocrx_word' id='word_1_23' title='bbox 298 399 415 439; x_wconf 88' lang='lat' dir='ltr'>adeo</span> <span class='ocrx_word' id='word_1_24' title='bbox 436 411 518 451; x_wconf 90' lang='lat' dir='ltr'>per</span> <span class='ocrx_word' id='word_1_25' title='bbox 539 411 710 451; x_wconf 89' lang='lat' dir='ltr'>pueros</span> <span class='ocrx_word' id='word_1_26' title='bbox 732 398 960 449; x_wconf 80' lang='lat' dir='ltr'>civitatis,</span> <span class='ocrx_word' id='word_1_27' title='bbox 985 399 1114 438; x_wconf 90' lang='lat' dir='ltr'>illum</span> <span class='ocrx_word' id='word_1_28' title='bbox 1134 406 1488 451; x_wconf 72' lang='lat' dir='ltr'>persequentes,</span> <span class='ocrx_word' id='word_1_29' title='bbox 1513 401 1559 441; x_wconf 91' lang='lat' dir='ltr'>in</span> <span class='ocrx_word' id='word_1_30' title='bbox 1580 401 1785 442; x_wconf 90' lang='lat' dir='ltr'>furorem</span> <span class='ocrx_word' id='word_1_31' title='bbox 1802 403 1933 443; x_wconf 86' lang='lat' dir='ltr'>reda-</span> 
     </span>
     <span class='ocr_line' id='line_1_5' title="bbox 297 469 1933 524; baseline 0.002 -14"><span class='ocrx_word' id='word_1_32' title='bbox 297 476 420 521; x_wconf 92' lang='lat' dir='ltr'>ctus,</span> <span class='ocrx_word' id='word_1_33' title='bbox 446 477 493 511; x_wconf 94' lang='lat' dir='ltr'>ut</span> <span class='ocrx_word' id='word_1_34' title='bbox 516 482 621 510; x_wconf 90' lang='lat' dir='ltr'>cum</span> <span class='ocrx_word' id='word_1_35' title='bbox 643 470 772 521; x_wconf 89' lang='lat' dir='ltr'>prius</span> <span class='ocrx_word' id='word_1_36' title='bbox 795 469 908 509; x_wconf 86' lang='lat' dir='ltr'>nihil</span> <span class='ocrx_word' id='word_1_37' title='bbox 929 481 1023 509; x_wconf 90' lang='lat' dir='ltr'>non</span> <span class='ocrx_word' id='word_1_38' title='bbox 1048 469 1176 521; x_wconf 88' lang='lat' dir='ltr'>pium</span> <span class='ocrx_word' id='word_1_39' title='bbox 1197 471 1480 522; x_wconf 86' lang='lat' dir='ltr'>loqueretur,</span> <span class='ocrx_word' id='word_1_40' title='bbox 1512 473 1717 524; x_wconf 89' lang='lat' dir='ltr'>coeperit</span> <span class='ocrx_word' id='word_1_41' title='bbox 1738 473 1837 513; x_wconf 91' lang='lat' dir='ltr'>sine</span> <span class='ocrx_word' id='word_1_42' title='bbox 1857 485 1933 513; x_wconf 88' lang='lat' dir='ltr'>ve-</span> 
     </span>
     <span class='ocr_line' id='line_1_6' title="bbox 297 540 1934 593; baseline 0.002 -12"><span class='ocrx_word' id='word_1_43' title='bbox 297 542 519 582; x_wconf 87' lang='lat' dir='ltr'>recundia</span> <span class='ocrx_word' id='word_1_44' title='bbox 557 548 601 581; x_wconf 91' lang='lat' dir='ltr'>et</span> <span class='ocrx_word' id='word_1_45' title='bbox 636 552 741 580; x_wconf 87' lang='lat' dir='ltr'>cum</span> <span class='ocrx_word' id='word_1_46' title='bbox 775 540 906 580; x_wconf 89' lang='lat' dir='ltr'>rabie</span> <span class='ocrx_word' id='word_1_47' title='bbox 940 540 1145 592; x_wconf 84' lang='lat' dir='ltr'>quadam</span> <span class='ocrx_word' id='word_1_48' title='bbox 1174 541 1327 581; x_wconf 92' lang='lat' dir='ltr'>nudus</span> <span class='ocrx_word' id='word_1_49' title='bbox 1353 553 1436 593; x_wconf 90' lang='lat' dir='ltr'>per</span> <span class='ocrx_word' id='word_1_50' title='bbox 1463 542 1566 582; x_wconf 76' lang='lat' dir='ltr'>vias</span> <span class='ocrx_word' id='word_1_51' title='bbox 1595 544 1858 584; x_wconf 77' lang='lat' dir='ltr'>discurrere</span> <span class='ocrx_word' id='word_1_52' title='bbox 1889 551 1934 585; x_wconf 92' lang='lat' dir='ltr'>et</span> 
     </span>
     <span class='ocr_line' id='line_1_7' title="bbox 296 612 1935 664; baseline 0.003 -13"><span class='ocrx_word' id='word_1_53' title='bbox 296 612 510 663; x_wconf 86' lang='lat' dir='ltr'>pudenda</span> <span class='ocrx_word' id='word_1_54' title='bbox 533 612 680 664; x_wconf 72' lang='lat' dir='ltr'>loqui,</span> <span class='ocrx_word' id='word_1_55' title='bbox 706 623 840 663; x_wconf 86' lang='lat' dir='ltr'>quem</span> <span class='ocrx_word' id='word_1_56' title='bbox 862 623 949 652; x_wconf 90' lang='lat' dir='ltr'>nos</span> <span class='ocrx_word' id='word_1_57' title='bbox 969 612 1291 652; x_wconf 78' lang='lat' dir='ltr'>misericordia</span> <span class='ocrx_word' id='word_1_58' title='bbox 1314 613 1556 664; x_wconf 90' lang='lat' dir='ltr'>commoti,</span> <span class='ocrx_word' id='word_1_59' title='bbox 1589 615 1671 654; x_wconf 88' lang='lat' dir='ltr'>sed</span> <span class='ocrx_word' id='word_1_60' title='bbox 1701 615 1935 655; x_wconf 88' lang='lat' dir='ltr'>neminem</span> 
     </span>
     <span class='ocr_line' id='line_1_8' title="bbox 296 683 1933 736; baseline 0.001 -12"><span class='ocrx_word' id='word_1_61' title='bbox 296 684 610 733; x_wconf 83' lang='lat' dir='ltr'>invenientes,</span> <span class='ocrx_word' id='word_1_62' title='bbox 635 683 714 734; x_wconf 85' lang='lat' dir='ltr'>qui</span> <span class='ocrx_word' id='word_1_63' title='bbox 735 694 1012 723; x_wconf 82' lang='lat' dir='ltr'>succurrere</span> <span class='ocrx_word' id='word_1_64' title='bbox 1035 683 1076 722; x_wconf 92' lang='lat' dir='ltr'>ei</span> <span class='ocrx_word' id='word_1_65' title='bbox 1096 683 1251 734; x_wconf 87' lang='lat' dir='ltr'>vellet,</span> <span class='ocrx_word' id='word_1_66' title='bbox 1276 689 1320 723; x_wconf 93' lang='lat' dir='ltr'>et</span> <span class='ocrx_word' id='word_1_67' title='bbox 1347 689 1561 735; x_wconf 88' lang='lat' dir='ltr'>apertum</span> <span class='ocrx_word' id='word_1_68' title='bbox 1589 686 1849 736; x_wconf 87' lang='lat' dir='ltr'>periculum</span> <span class='ocrx_word' id='word_1_69' title='bbox 1869 687 1933 726; x_wconf 81' lang='lat' dir='ltr'>vi-</span> 
     </span>
     <span class='ocr_line' id='line_1_9' title="bbox 295 754 1934 808; baseline 0.002 -14"><span class='ocrx_word' id='word_1_70' title='bbox 295 755 455 795; x_wconf 78' lang='lat' dir='ltr'>dentes</span> <span class='ocrx_word' id='word_1_71' title='bbox 478 767 534 794; x_wconf 91' lang='lat' dir='ltr'>ne</span> <span class='ocrx_word' id='word_1_72' title='bbox 556 755 655 806; x_wconf 89' lang='lat' dir='ltr'>ipse</span> <span class='ocrx_word' id='word_1_73' title='bbox 676 754 845 794; x_wconf 87' lang='lat' dir='ltr'>misere</span> <span class='ocrx_word' id='word_1_74' title='bbox 866 760 1142 805; x_wconf 91' lang='lat' dir='ltr'>moreretur,</span> <span class='ocrx_word' id='word_1_75' title='bbox 1168 761 1213 795; x_wconf 93' lang='lat' dir='ltr'>et</span> <span class='ocrx_word' id='word_1_76' title='bbox 1234 766 1404 806; x_wconf 89' lang='lat' dir='ltr'>pueros</span> <span class='ocrx_word' id='word_1_77' title='bbox 1426 755 1568 796; x_wconf 91' lang='lat' dir='ltr'>etiam</span> <span class='ocrx_word' id='word_1_78' title='bbox 1590 756 1771 808; x_wconf 85' lang='lat' dir='ltr'>aliquos</span> <span class='ocrx_word' id='word_1_79' title='bbox 1798 756 1934 798; x_wconf 88' lang='lat' dir='ltr'>facile</span> 
     </span>
     <span class='ocr_line' id='line_1_10' title="bbox 293 825 1932 878; baseline 0.002 -13"><span class='ocrx_word' id='word_1_80' title='bbox 293 826 597 876; x_wconf 88' lang='lat' dir='ltr'>interficeret,</span> <span class='ocrx_word' id='word_1_81' title='bbox 622 825 669 865; x_wconf 92' lang='lat' dir='ltr'>in</span> <span class='ocrx_word' id='word_1_82' title='bbox 690 836 854 865; x_wconf 87' lang='lat' dir='ltr'>curam</span> <span class='ocrx_word' id='word_1_83' title='bbox 876 831 1084 866; x_wconf 87' lang='lat' dir='ltr'>nostram</span> <span class='ocrx_word' id='word_1_84' title='bbox 1108 825 1420 877; x_wconf 84' lang='lat' dir='ltr'>suscepimus,</span> <span class='ocrx_word' id='word_1_85' title='bbox 1443 828 1710 878; x_wconf 76' lang='lat' dir='ltr'>procuratis</span> <span class='ocrx_word' id='word_1_86' title='bbox 1741 829 1932 869; x_wconf 89' lang='lat' dir='ltr'>nonnul·</span> 
     </span>
     <span class='ocr_line' id='line_1_11' title="bbox 294 897 1935 951; baseline 0.001 -13"><span class='ocrx_word' id='word_1_87' title='bbox 294 898 350 938; x_wconf 90' lang='lat' dir='ltr'>lis</span> <span class='ocrx_word' id='word_1_88' title='bbox 371 897 682 949; x_wconf 77' lang='lat' dir='ltr'>eleemosynis</span> <span class='ocrx_word' id='word_1_89' title='bbox 705 902 843 948; x_wconf 86' lang='lat' dir='ltr'>atque</span> <span class='ocrx_word' id='word_1_90' title='bbox 864 897 1129 948; x_wconf 88' lang='lat' dir='ltr'>medicinis,</span> <span class='ocrx_word' id='word_1_91' title='bbox 1163 897 1332 949; x_wconf 88' lang='lat' dir='ltr'>quibus</span> <span class='ocrx_word' id='word_1_92' title='bbox 1360 897 1569 949; x_wconf 77' lang='lat' dir='ltr'>adJ&#39;utum</span> <span class='ocrx_word' id='word_1_93' title='bbox 1597 904 1641 939; x_wconf 94' lang='lat' dir='ltr'>et</span> <span class='ocrx_word' id='word_1_94' title='bbox 1662 911 1807 951; x_wconf 86' lang='lat' dir='ltr'>prope</span> <span class='ocrx_word' id='word_1_95' title='bbox 1828 900 1935 940; x_wconf 91' lang='lat' dir='ltr'>libe-</span> 
     </span>
     <span class='ocr_line' id='line_1_12' title="bbox 293 967 1932 1021; baseline 0.001 -12"><span class='ocrx_word' id='word_1_96' title='bbox 293 975 448 1009; x_wconf 90' lang='lat' dir='ltr'>ratum</span> <span class='ocrx_word' id='word_1_97' title='bbox 470 969 527 1008; x_wconf 91' lang='lat' dir='ltr'>ab</span> <span class='ocrx_word' id='word_1_98' title='bbox 549 968 750 1019; x_wconf 86' lang='lat' dir='ltr'>insania,</span> <span class='ocrx_word' id='word_1_99' title='bbox 769 967 1056 1008; x_wconf 86' lang='lat' dir='ltr'>Panormum</span> <span class='ocrx_word' id='word_1_100' title='bbox 1076 967 1287 1008; x_wconf 89' lang='lat' dir='ltr'>misimus</span> <span class='ocrx_word' id='word_1_101' title='bbox 1309 967 1367 1008; x_wconf 84' lang='lat' dir='ltr'>ad</span> <span class='ocrx_word' id='word_1_102' title='bbox 1389 969 1619 1021; x_wconf 89' lang='lat' dir='ltr'>hospitale</span> <span class='ocrx_word' id='word_1_103' title='bbox 1636 970 1807 1010; x_wconf 90' lang='lat' dir='ltr'>talibus</span> <span class='ocrx_word' id='word_1_104' title='bbox 1825 982 1932 1011; x_wconf 88' lang='lat' dir='ltr'>con-</span> 
     </span>
     <span class='ocr_line' id='line_1_13' title="bbox 294 1039 1935 1091; baseline 0.001 -11"><span class='ocrx_word' id='word_1_105' title='bbox 294 1041 528 1091; x_wconf 91' lang='lat' dir='ltr'>stitutum,</span> <span class='ocrx_word' id='word_1_106' title='bbox 557 1039 635 1080; x_wconf 90' lang='lat' dir='ltr'>ubi</span> <span class='ocrx_word' id='word_1_107' title='bbox 670 1050 916 1090; x_wconf 88' lang='lat' dir='ltr'>speramus</span> <span class='ocrx_word' id='word_1_108' title='bbox 949 1039 1082 1079; x_wconf 85' lang='lat' dir='ltr'>brevi</span> <span class='ocrx_word' id='word_1_109' title='bbox 1110 1050 1212 1079; x_wconf 90' lang='lat' dir='ltr'>esse</span> <span class='ocrx_word' id='word_1_110' title='bbox 1237 1039 1443 1091; x_wconf 84' lang='lat' dir='ltr'>perfecte</span> <span class='ocrx_word' id='word_1_111' title='bbox 1478 1041 1838 1082; x_wconf 76' lang='lat' dir='ltr'>convaliturum.</span> <span class='ocrx_word' id='word_1_112' title='bbox 1876 1042 1935 1082; x_wconf 91' lang='lat' dir='ltr'>Et</span> 
     </span>
     <span class='ocr_line' id='line_1_14' title="bbox 294 1110 1772 1162; baseline -0.001 -10"><span class='ocrx_word' id='word_1_113' title='bbox 294 1112 383 1152; x_wconf 94' lang='lat' dir='ltr'>hoc</span> <span class='ocrx_word' id='word_1_114' title='bbox 405 1111 529 1151; x_wconf 86' lang='lat' dir='ltr'>facto</span> <span class='ocrx_word' id='word_1_115' title='bbox 551 1111 734 1162; x_wconf 88' lang='lat' dir='ltr'>publice</span> <span class='ocrx_word' id='word_1_116' title='bbox 757 1110 949 1162; x_wconf 82' lang='lat' dir='ltr'>cognito</span> <span class='ocrx_word' id='word_1_117' title='bbox 970 1110 1085 1151; x_wconf 91' lang='lat' dir='ltr'>mire</span> <span class='ocrx_word' id='word_1_118' title='bbox 1108 1110 1355 1151; x_wconf 83' lang='lat' dir='ltr'>aedificata</span> <span class='ocrx_word' id='word_1_119' title='bbox 1377 1117 1446 1151; x_wconf 94' lang='lat' dir='ltr'>est</span> <span class='ocrx_word' id='word_1_120' title='bbox 1467 1117 1566 1152; x_wconf 89' lang='lat' dir='ltr'>tota</span> <span class='ocrx_word' id='word_1_121' title='bbox 1587 1112 1772 1152; x_wconf 82' lang='lat' dir='ltr'>civitas.</span> 
     </span>
    </p>

    <p class='ocr_par' dir='ltr' id='par_1_3' title="bbox 291 1181 1935 1591">
     <span class='ocr_line' id='line_1_15' title="bbox 374 1181 1934 1235; baseline 0.002 -14"><span class='ocrx_word' id='word_1_122' title='bbox 374 1182 591 1222; x_wconf 21' lang='lat' dir='ltr'>thissimus</span> <span class='ocrx_word' id='word_1_123' title='bbox 612 1181 874 1233; x_wconf 89' lang='lat' dir='ltr'>Episcopus</span> <span class='ocrx_word' id='word_1_124' title='bbox 895 1181 1158 1232; x_wconf 86' lang='lat' dir='ltr'>Pactensis,</span> <span class='ocrx_word' id='word_1_125' title='bbox 1183 1182 1326 1222; x_wconf 91' lang='lat' dir='ltr'>totius</span> <span class='ocrx_word' id='word_1_126' title='bbox 1347 1182 1498 1234; x_wconf 80' lang='lat' dir='ltr'>Regni</span> <span class='ocrx_word' id='word_1_127' title='bbox 1524 1183 1795 1235; x_wconf 87' lang='lat' dir='ltr'>Inquisitor,</span> <span class='ocrx_word' id='word_1_128' title='bbox 1829 1195 1934 1224; x_wconf 92' lang='lat' dir='ltr'>cum</span> 
     </span>
     <span class='ocr_line' id='line_1_16' title="bbox 292 1253 1935 1307; baseline 0.001 -14"><span class='ocrx_word' id='word_1_129' title='bbox 292 1260 415 1294; x_wconf 89' lang='lat' dir='ltr'>esset</span> <span class='ocrx_word' id='word_1_130' title='bbox 437 1253 706 1304; x_wconf 79' lang='lat' dir='ltr'>Messanae,</span> <span class='ocrx_word' id='word_1_131' title='bbox 729 1253 859 1293; x_wconf 76' lang='lat' dir='ltr'>venit</span> <span class='ocrx_word' id='word_1_132' title='bbox 887 1253 946 1293; x_wconf 92' lang='lat' dir='ltr'>ad</span> <span class='ocrx_word' id='word_1_133' title='bbox 973 1265 1060 1293; x_wconf 90' lang='lat' dir='ltr'>nos</span> <span class='ocrx_word' id='word_1_134' title='bbox 1087 1253 1339 1294; x_wconf 81' lang='lat' dir='ltr'>admodum</span> <span class='ocrx_word' id='word_1_135' title='bbox 1366 1253 1659 1295; x_wconf 83' lang='lat' dir='ltr'>familiariter</span> <span class='ocrx_word' id='word_1_136' title='bbox 1687 1255 1935 1307; x_wconf 86' lang='lat' dir='ltr'>prandium</span> 
     </span>
     <span class='ocr_line' id='line_1_17' title="bbox 293 1324 1930 1378; baseline 0.001 -12"><span class='ocrx_word' id='word_1_137' title='bbox 293 1332 583 1377; x_wconf 85' lang='lat' dir='ltr'>sumpturus,</span> <span class='ocrx_word' id='word_1_138' title='bbox 610 1325 845 1365; x_wconf 89' lang='lat' dir='ltr'>celebrata</span> <span class='ocrx_word' id='word_1_139' title='bbox 866 1324 1012 1365; x_wconf 87' lang='lat' dir='ltr'>Missa</span> <span class='ocrx_word' id='word_1_140' title='bbox 1033 1325 1080 1365; x_wconf 91' lang='lat' dir='ltr'>in</span> <span class='ocrx_word' id='word_1_141' title='bbox 1100 1330 1263 1365; x_wconf 90' lang='lat' dir='ltr'>nostra</span> <span class='ocrx_word' id='word_1_142' title='bbox 1284 1325 1418 1376; x_wconf 82' lang='lat' dir='ltr'>aede,</span> <span class='ocrx_word' id='word_1_143' title='bbox 1442 1331 1683 1378; x_wconf 88' lang='lat' dir='ltr'>totumque</span> <span class='ocrx_word' id='word_1_144' title='bbox 1705 1327 1827 1367; x_wconf 90' lang='lat' dir='ltr'>diem</span> <span class='ocrx_word' id='word_1_145' title='bbox 1855 1339 1930 1367; x_wconf 90' lang='lat' dir='ltr'>no-</span> 
     </span>
     <span class='ocr_line' id='line_1_18' title="bbox 292 1395 1933 1449; baseline 0.001 -12"><span class='ocrx_word' id='word_1_146' title='bbox 292 1397 473 1437; x_wconf 88' lang='lat' dir='ltr'>biscum</span> <span class='ocrx_word' id='word_1_147' title='bbox 495 1396 741 1447; x_wconf 77' lang='lat' dir='ltr'>transegit.</span> <span class='ocrx_word' id='word_1_148' title='bbox 765 1395 961 1436; x_wconf 86' lang='lat' dir='ltr'>Indulsit</span> <span class='ocrx_word' id='word_1_149' title='bbox 981 1395 1115 1436; x_wconf 92' lang='lat' dir='ltr'>nobis</span> <span class='ocrx_word' id='word_1_150' title='bbox 1135 1396 1258 1436; x_wconf 87' lang='lat' dir='ltr'>ultra</span> <span class='ocrx_word' id='word_1_151' title='bbox 1281 1408 1356 1447; x_wconf 87' lang='lat' dir='ltr'>ea,</span> <span class='ocrx_word' id='word_1_152' title='bbox 1382 1397 1437 1436; x_wconf 91' lang='lat' dir='ltr'>de</span> <span class='ocrx_word' id='word_1_153' title='bbox 1464 1397 1628 1448; x_wconf 89' lang='lat' dir='ltr'>quibus</span> <span class='ocrx_word' id='word_1_154' title='bbox 1659 1397 1933 1449; x_wconf 86' lang='lat' dir='ltr'>scripsimus</span> 
     </span>
     <span class='ocr_line' id='line_1_19' title="bbox 293 1467 1932 1521; baseline 0 -12"><span class='ocrx_word' id='word_1_155' title='bbox 293 1474 454 1519; x_wconf 87' lang='lat' dir='ltr'>antea,</span> <span class='ocrx_word' id='word_1_156' title='bbox 480 1469 527 1508; x_wconf 92' lang='lat' dir='ltr'>in</span> <span class='ocrx_word' id='word_1_157' title='bbox 548 1468 650 1508; x_wconf 92' lang='lat' dir='ltr'>foro</span> <span class='ocrx_word' id='word_1_158' title='bbox 671 1467 990 1508; x_wconf 88' lang='lat' dir='ltr'>conscientiae</span> <span class='ocrx_word' id='word_1_159' title='bbox 1011 1473 1214 1519; x_wconf 89' lang='lat' dir='ltr'>tantum,</span> <span class='ocrx_word' id='word_1_160' title='bbox 1238 1468 1591 1508; x_wconf 90' lang='lat' dir='ltr'>commissiones</span> <span class='ocrx_word' id='word_1_161' title='bbox 1619 1469 1847 1521; x_wconf 86' lang='lat' dir='ltr'>quasdam</span> <span class='ocrx_word' id='word_1_162' title='bbox 1874 1469 1932 1509; x_wconf 89' lang='lat' dir='ltr'>ad</span> 
     </span>
     <span class='ocr_line' id='line_1_20' title="bbox 291 1538 1455 1591; baseline 0 -12"><span class='ocrx_word' id='word_1_163' title='bbox 291 1541 491 1580; x_wconf 87' lang='lat' dir='ltr'>salutem</span> <span class='ocrx_word' id='word_1_164' title='bbox 512 1540 791 1590; x_wconf 88' lang='lat' dir='ltr'>animarum,</span> <span class='ocrx_word' id='word_1_165' title='bbox 816 1544 866 1579; x_wconf 90' lang='lat' dir='ltr'>ut</span> <span class='ocrx_word' id='word_1_166' title='bbox 887 1550 1146 1590; x_wconf 87' lang='lat' dir='ltr'>speramus,</span> <span class='ocrx_word' id='word_1_167' title='bbox 1169 1538 1455 1591; x_wconf 89' lang='lat' dir='ltr'>profuturas.</span> 
     </span>
    </p>

    <p class='ocr_par' dir='ltr' id='par_1_4' title="bbox 371 1610 1931 1663">
     <span class='ocr_line' id='line_1_21' title="bbox 371 1610 1931 1663; baseline 0 -12"><span class='ocrx_word' id='word_1_168' title='bbox 371 1610 700 1663; x_wconf 84' lang='lat' dir='ltr'>Superioribus</span> <span class='ocrx_word' id='word_1_169' title='bbox 721 1610 794 1650; x_wconf 91' lang='lat' dir='ltr'>his</span> <span class='ocrx_word' id='word_1_170' title='bbox 816 1610 979 1650; x_wconf 90' lang='lat' dir='ltr'>diebus</span> <span class='ocrx_word' id='word_1_171' title='bbox 993 1616 1299 1662; x_wconf 89' lang='lat' dir='ltr'>procuratum</span> <span class='ocrx_word' id='word_1_172' title='bbox 1315 1616 1384 1650; x_wconf 94' lang='lat' dir='ltr'>est</span> <span class='ocrx_word' id='word_1_173' title='bbox 1406 1622 1522 1662; x_wconf 92' lang='lat' dir='ltr'>opus</span> <span class='ocrx_word' id='word_1_174' title='bbox 1544 1622 1745 1661; x_wconf 83' lang='lat' dir='ltr'>magnae</span> <span class='ocrx_word' id='word_1_175' title='bbox 1763 1611 1931 1651; x_wconf 87' lang='lat' dir='ltr'>utilita-</span> 
     </span>
    </p>

    <p class='ocr_par' dir='ltr' id='par_1_5' title="bbox 271 1674 1932 2233">
     <span class='ocr_line' id='line_1_22' title="bbox 289 1674 1932 1733; baseline -0.001 -11"><span class='ocrx_word' id='word_1_176' title='bbox 289 1683 349 1722; x_wconf 89' lang='lat' dir='ltr'>tis</span> <span class='ocrx_word' id='word_1_177' title='bbox 366 1688 409 1722; x_wconf 90' lang='lat' dir='ltr'>et</span> <span class='ocrx_word' id='word_1_178' title='bbox 428 1681 783 1732; x_wconf 87' lang='lat' dir='ltr'>aedificationis,</span> <span class='ocrx_word' id='word_1_179' title='bbox 803 1687 852 1721; x_wconf 92' lang='lat' dir='ltr'>ut</span> <span class='ocrx_word' id='word_1_180' title='bbox 868 1681 1154 1733; x_wconf 84' lang='lat' dir='ltr'>pauperibus</span> <span class='ocrx_word' id='word_1_181' title='bbox 1170 1674 1450 1721; x_wconf 85' lang='lat' dir='ltr'>verecundis</span> <span class='ocrx_word' id='word_1_182' title='bbox 1472 1688 1777 1722; x_wconf 87' lang='lat' dir='ltr'>succurratur</span> <span class='ocrx_word' id='word_1_183' title='bbox 1795 1693 1932 1733; x_wconf 83' lang='lat' dir='ltr'>gene-</span> 
     </span>
     <span class='ocr_line' id='line_1_23' title="bbox 289 1752 1931 1804; baseline 0 -11"><span class='ocrx_word' id='word_1_184' title='bbox 289 1753 377 1794; x_wconf 91' lang='lat' dir='ltr'>rali</span> <span class='ocrx_word' id='word_1_185' title='bbox 411 1754 725 1804; x_wconf 82' lang='lat' dir='ltr'>eleemosyna,</span> <span class='ocrx_word' id='word_1_186' title='bbox 763 1763 857 1793; x_wconf 90' lang='lat' dir='ltr'>non</span> <span class='ocrx_word' id='word_1_187' title='bbox 888 1753 1038 1793; x_wconf 90' lang='lat' dir='ltr'>solum</span> <span class='ocrx_word' id='word_1_188' title='bbox 1068 1764 1095 1792; x_wconf 89' lang='lat' dir='ltr'>a</span> <span class='ocrx_word' id='word_1_189' title='bbox 1127 1752 1313 1792; x_wconf 84' lang='lat' dir='ltr'>devotis</span> <span class='ocrx_word' id='word_1_190' title='bbox 1330 1753 1607 1804; x_wconf 86' lang='lat' dir='ltr'>quibusdam</span> <span class='ocrx_word' id='word_1_191' title='bbox 1629 1753 1825 1804; x_wconf 91' lang='lat' dir='ltr'>nostris,</span> <span class='ocrx_word' id='word_1_192' title='bbox 1850 1753 1931 1793; x_wconf 92' lang='lat' dir='ltr'>sed</span> 
     </span>
     <span class='ocr_line' id='line_1_24' title="bbox 271 1823 1931 1879; baseline 0 -15"><span class='ocrx_word' id='word_1_193' title='bbox 271 1825 434 1879; x_wconf 48' lang='lat' dir='ltr'>xetiam</span> <span class='ocrx_word' id='word_1_194' title='bbox 459 1836 486 1864; x_wconf 86' lang='lat' dir='ltr'>a</span> <span class='ocrx_word' id='word_1_195' title='bbox 507 1825 740 1865; x_wconf 87' lang='lat' dir='ltr'>nobilibus</span> <span class='ocrx_word' id='word_1_196' title='bbox 772 1830 816 1864; x_wconf 92' lang='lat' dir='ltr'>et</span> <span class='ocrx_word' id='word_1_197' title='bbox 843 1823 1012 1875; x_wconf 88' lang='lat' dir='ltr'>juratis</span> <span class='ocrx_word' id='word_1_198' title='bbox 1040 1823 1235 1876; x_wconf 87' lang='lat' dir='ltr'>aliisque</span> <span class='ocrx_word' id='word_1_199' title='bbox 1263 1823 1445 1864; x_wconf 83' lang='lat' dir='ltr'>civibus</span> <span class='ocrx_word' id='word_1_200' title='bbox 1472 1825 1687 1875; x_wconf 86' lang='lat' dir='ltr'>collecta,</span> <span class='ocrx_word' id='word_1_201' title='bbox 1719 1825 1778 1865; x_wconf 87' lang='lat' dir='ltr'>ad</span> <span class='ocrx_word' id='word_1_202' title='bbox 1807 1825 1931 1876; x_wconf 89' lang='lat' dir='ltr'>quod</span> 
     </span>
     <span class='ocr_line' id='line_1_25' title="bbox 289 1895 1928 1948; baseline -0.001 -11"><span class='ocrx_word' id='word_1_203' title='bbox 289 1897 581 1937; x_wconf 88' lang='lat' dir='ltr'>commodius</span> <span class='ocrx_word' id='word_1_204' title='bbox 615 1896 881 1936; x_wconf 88' lang='lat' dir='ltr'>faciendum</span> <span class='ocrx_word' id='word_1_205' title='bbox 918 1895 1070 1935; x_wconf 86' lang='lat' dir='ltr'>divisa</span> <span class='ocrx_word' id='word_1_206' title='bbox 1105 1901 1176 1935; x_wconf 90' lang='lat' dir='ltr'>est</span> <span class='ocrx_word' id='word_1_207' title='bbox 1209 1895 1379 1936; x_wconf 87' lang='lat' dir='ltr'>civitas</span> <span class='ocrx_word' id='word_1_208' title='bbox 1410 1896 1457 1936; x_wconf 90' lang='lat' dir='ltr'>in</span> <span class='ocrx_word' id='word_1_209' title='bbox 1484 1895 1730 1936; x_wconf 89' lang='lat' dir='ltr'>duodecim</span> <span class='ocrx_word' id='word_1_210' title='bbox 1755 1902 1928 1948; x_wconf 90' lang='lat' dir='ltr'>partes,</span> 
     </span>
     <span class='ocr_line' id='line_1_26' title="bbox 290 1966 1931 2019; baseline -0.001 -11"><span class='ocrx_word' id='word_1_211' title='bbox 290 1979 491 2016; x_wconf 75' lang='lat' dir='ltr'>Quarum</span> <span class='ocrx_word' id='word_1_212' title='bbox 526 1967 724 2019; x_wconf 83' lang='lat' dir='ltr'>singulis</span> <span class='ocrx_word' id='word_1_213' title='bbox 759 1966 1095 2018; x_wconf 87' lang='lat' dir='ltr'>praeficiuntur</span> <span class='ocrx_word' id='word_1_214' title='bbox 1130 1966 1221 2006; x_wconf 92' lang='lat' dir='ltr'>duo</span> <span class='ocrx_word' id='word_1_215' title='bbox 1248 1967 1359 2016; x_wconf 88' lang='lat' dir='ltr'>viri,</span> <span class='ocrx_word' id='word_1_216' title='bbox 1395 1967 1564 2007; x_wconf 90' lang='lat' dir='ltr'>nobilis</span> <span class='ocrx_word' id='word_1_217' title='bbox 1593 1978 1713 2007; x_wconf 91' lang='lat' dir='ltr'>unus</span> <span class='ocrx_word' id='word_1_218' title='bbox 1740 1973 1784 2007; x_wconf 91' lang='lat' dir='ltr'>et</span> <span class='ocrx_word' id='word_1_219' title='bbox 1815 1967 1931 2007; x_wconf 89' lang='lat' dir='ltr'>alter</span> 
     </span>
     <span class='ocr_line' id='line_1_27' title="bbox 290 2037 1928 2092; baseline 0.001 -14"><span class='ocrx_word' id='word_1_220' title='bbox 290 2039 543 2092; x_wconf 82' lang='lat' dir='ltr'>popularis.</span> <span class='ocrx_word' id='word_1_221' title='bbox 563 2038 771 2079; x_wconf 83' lang='lat' dir='ltr'>Maxima</span> <span class='ocrx_word' id='word_1_222' title='bbox 785 2050 892 2090; x_wconf 91' lang='lat' dir='ltr'>spes</span> <span class='ocrx_word' id='word_1_223' title='bbox 909 2044 978 2078; x_wconf 91' lang='lat' dir='ltr'>est</span> <span class='ocrx_word' id='word_1_224' title='bbox 993 2038 1251 2078; x_wconf 82' lang='lat' dir='ltr'>maximum</span> <span class='ocrx_word' id='word_1_225' title='bbox 1262 2038 1351 2078; x_wconf 89' lang='lat' dir='ltr'>hoc</span> <span class='ocrx_word' id='word_1_226' title='bbox 1363 2038 1462 2078; x_wconf 92' lang='lat' dir='ltr'>fore</span> <span class='ocrx_word' id='word_1_227' title='bbox 1477 2037 1736 2078; x_wconf 87' lang='lat' dir='ltr'>subsidium</span> <span class='ocrx_word' id='word_1_228' title='bbox 1752 2039 1928 2089; x_wconf 83' lang='lat' dir='ltr'>egenis,</span> 
     </span>
     <span class='ocr_line' id='line_1_28' title="bbox 290 2108 1930 2161; baseline -0.001 -10"><span class='ocrx_word' id='word_1_229' title='bbox 290 2116 335 2151; x_wconf 87' lang='lat' dir='ltr'>et</span> <span class='ocrx_word' id='word_1_230' title='bbox 362 2110 620 2151; x_wconf 90' lang='lat' dir='ltr'>remedium</span> <span class='ocrx_word' id='word_1_231' title='bbox 654 2110 887 2150; x_wconf 89' lang='lat' dir='ltr'>malorum</span> <span class='ocrx_word' id='word_1_232' title='bbox 916 2109 1117 2161; x_wconf 89' lang='lat' dir='ltr'>plurium</span> <span class='ocrx_word' id='word_1_233' title='bbox 1145 2108 1202 2148; x_wconf 93' lang='lat' dir='ltr'>ob</span> <span class='ocrx_word' id='word_1_234' title='bbox 1231 2109 1561 2150; x_wconf 87' lang='lat' dir='ltr'>necessitatem</span> <span class='ocrx_word' id='word_1_235' title='bbox 1592 2109 1721 2161; x_wconf 86' lang='lat' dir='ltr'>prius</span> <span class='ocrx_word' id='word_1_236' title='bbox 1753 2110 1930 2151; x_wconf 89' lang='lat' dir='ltr'>contin-</span> 
     </span>
     <span class='ocr_line' id='line_1_29' title="bbox 288 2182 513 2233; baseline 0 -11"><span class='ocrx_word' id='word_1_237' title='bbox 288 2182 513 2233; x_wconf 71' lang='lat' dir='ltr'>gentium.</span> 
     </span>
    </p>

    <p class='ocr_par' dir='ltr' id='par_1_6' title="bbox 276 2251 1929 2594">
     <span class='ocr_line' id='line_1_30' title="bbox 368 2251 1929 2305; baseline -0.001 -11"><span class='ocrx_word' id='word_1_238' title='bbox 368 2251 653 2305; x_wconf 86' lang='lat' dir='ltr'>Scripsimus</span> <span class='ocrx_word' id='word_1_239' title='bbox 681 2252 857 2292; x_wconf 89' lang='lat' dir='ltr'>dudum</span> <span class='ocrx_word' id='word_1_240' title='bbox 884 2257 1129 2303; x_wconf 88' lang='lat' dir='ltr'>acceptam</span> <span class='ocrx_word' id='word_1_241' title='bbox 1159 2263 1262 2292; x_wconf 91' lang='lat' dir='ltr'>esse</span> <span class='ocrx_word' id='word_1_242' title='bbox 1289 2252 1611 2304; x_wconf 90' lang='lat' dir='ltr'>possesionem</span> <span class='ocrx_word' id='word_1_243' title='bbox 1641 2252 1929 2293; x_wconf 79' lang='lat' dir='ltr'>Universita-</span> 
     </span>
     <span class='ocr_line' id='line_1_31' title="bbox 291 2322 1928 2375; baseline -0.002 -10"><span class='ocrx_word' id='word_1_244' title='bbox 291 2325 374 2375; x_wconf 88' lang='lat' dir='ltr'>tis;</span> <span class='ocrx_word' id='word_1_245' title='bbox 397 2324 551 2365; x_wconf 83' lang='lat' dir='ltr'>factus</span> <span class='ocrx_word' id='word_1_246' title='bbox 572 2330 643 2364; x_wconf 92' lang='lat' dir='ltr'>est</span> <span class='ocrx_word' id='word_1_247' title='bbox 663 2329 829 2375; x_wconf 88' lang='lat' dir='ltr'>postea</span> <span class='ocrx_word' id='word_1_248' title='bbox 851 2334 1100 2363; x_wconf 91' lang='lat' dir='ltr'>consessus</span> <span class='ocrx_word' id='word_1_249' title='bbox 1122 2323 1182 2363; x_wconf 86' lang='lat' dir='ltr'>ad</span> <span class='ocrx_word' id='word_1_250' title='bbox 1203 2323 1608 2363; x_wconf 89' lang='lat' dir='ltr'>determinandam</span> <span class='ocrx_word' id='word_1_251' title='bbox 1635 2322 1820 2374; x_wconf 79' lang='lat' dir='ltr'>collegii</span> <span class='ocrx_word' id='word_1_252' title='bbox 1852 2323 1928 2363; x_wconf 88' lang='lat' dir='ltr'>do-</span> 
     </span>
     <span class='ocr_line' id='line_1_32' title="bbox 287 2394 1929 2436; baseline -0.001 0"><span class='ocrx_word' id='word_1_253' title='bbox 287 2396 513 2436; x_wconf 88' lang='lat' dir='ltr'>tationem</span> <span class='ocrx_word' id='word_1_254' title='bbox 534 2402 578 2436; x_wconf 90' lang='lat' dir='ltr'>et</span> <span class='ocrx_word' id='word_1_255' title='bbox 600 2395 811 2436; x_wconf 86' lang='lat' dir='ltr'>ordinem</span> <span class='ocrx_word' id='word_1_256' title='bbox 830 2394 1164 2435; x_wconf 85' lang='lat' dir='ltr'>Universitatis</span> <span class='ocrx_word' id='word_1_257' title='bbox 1185 2395 1504 2435; x_wconf 85' lang='lat' dir='ltr'>statuendum:</span> <span class='ocrx_word' id='word_1_258' title='bbox 1535 2395 1679 2435; x_wconf 91' lang='lat' dir='ltr'>missa</span> <span class='ocrx_word' id='word_1_259' title='bbox 1708 2399 1814 2434; x_wconf 92' lang='lat' dir='ltr'>sunt</span> <span class='ocrx_word' id='word_1_260' title='bbox 1840 2394 1929 2434; x_wconf 85' lang='lat' dir='ltr'>Pa-</span> 
     </span>
     <span class='ocr_line' id='line_1_33' title="bbox 289 2465 1925 2518; baseline -0.001 -11"><span class='ocrx_word' id='word_1_261' title='bbox 289 2478 505 2507; x_wconf 91' lang='lat' dir='ltr'>normum</span> <span class='ocrx_word' id='word_1_262' title='bbox 541 2467 747 2518; x_wconf 88' lang='lat' dir='ltr'>capitula</span> <span class='ocrx_word' id='word_1_263' title='bbox 782 2472 825 2506; x_wconf 93' lang='lat' dir='ltr'>et</span> <span class='ocrx_word' id='word_1_264' title='bbox 860 2465 1044 2506; x_wconf 87' lang='lat' dir='ltr'>felicem</span> <span class='ocrx_word' id='word_1_265' title='bbox 1074 2465 1313 2517; x_wconf 85' lang='lat' dir='ltr'>Pro-regis</span> <span class='ocrx_word' id='word_1_266' title='bbox 1348 2466 1548 2506; x_wconf 90' lang='lat' dir='ltr'>reditum</span> <span class='ocrx_word' id='word_1_267' title='bbox 1582 2471 1925 2517; x_wconf 81' lang='lat' dir='ltr'>exspectamus,</span> 
     </span>
     <span class='ocr_line' id='line_1_34' title="bbox 276 2535 1285 2594; baseline -0.003 -15"><span class='ocrx_word' id='word_1_268' title='bbox 276 2538 389 2594; x_wconf 21' lang='lat' dir='ltr'>’sine</span> <span class='ocrx_word' id='word_1_269' title='bbox 410 2549 500 2589; x_wconf 87' lang='lat' dir='ltr'>quo</span> <span class='ocrx_word' id='word_1_270' title='bbox 521 2537 637 2577; x_wconf 92' lang='lat' dir='ltr'>nihil</span> <span class='ocrx_word' id='word_1_271' title='bbox 658 2537 841 2577; x_wconf 80' lang='lat' dir='ltr'>civitati</span> <span class='ocrx_word' id='word_1_272' title='bbox 861 2537 969 2577; x_wconf 93' lang='lat' dir='ltr'>licet</span> <span class='ocrx_word' id='word_1_273' title='bbox 990 2535 1285 2577; x_wconf 87' lang='lat' dir='ltr'>concludere.</span> 
     </span>
    </p>

    <p class='ocr_par' dir='ltr' id='par_1_7' title="bbox 370 2607 1109 2660">
     <span class='ocr_line' id='line_1_35' title="bbox 370 2607 1109 2660; baseline -0.004 -11"><span class='ocrx_word' id='word_1_274' title='bbox 370 2608 617 2649; x_wconf 84' lang='lat' dir='ltr'>Messanae</span> <span class='ocrx_word' id='word_1_275' title='bbox 636 2608 662 2648; x_wconf 81' lang='lat'>2</span> <span class='ocrx_word' id='word_1_276' title='bbox 683 2607 968 2660; x_wconf 85' lang='lat' dir='ltr'>Septembris</span> <span class='ocrx_word' id='word_1_277' title='bbox 995 2607 1109 2647; x_wconf 82' lang='lat'>1550.</span> 
     </span>
    </p>
   </div>
  </div>
 </body>
</html>
