2074 3179
891 208 975 244 AN.
1007 208 1097 243 1552
1741 207 1811 243 503

181 304 397 344 millibus.
421 304 616 354 Deinde,
640 305 768 344 finito
790 304 1002 355 prandiO,
1026 303 1148 343 idem
1168 303 1433 342 licentiatus
1460 302 1580 342 serio
1609 303 1807 353 explica-

181 375 249 415 vit
269 375 403 415 nobis
425 375 629 415 animum
652 387 785 415 suum
808 382 851 415 et
869 375 984 415 dixit
1005 375 1051 414 in
1069 374 1333 425 praesentia
1349 374 1578 413 dictorum
1595 373 1808 412 duorum:

181 457 306 496 ecce,
329 446 491 497 inquit,
516 458 659 486 causa
681 458 764 486 cur
785 446 1059 486 vocaverim
1075 457 1161 485 vos
1182 451 1226 485 et
1243 445 1492 496 praecipue
1510 450 1554 484 te
1572 443 1804 483 dominum

179 516 463 565 Adrianum‚
489 517 600 557 mihi
628 518 842 569 loquens:
872 518 989 567 vidi,
1022 517 1191 569 inquit,
1227 515 1499 568 patientiam
1527 521 1735 565 vestram
1764 515 1809 553 in

179 588 398 628 omnibus
420 588 521 628 istis
543 588 757 628 adversis
779 595 822 629 et
841 587 937 639 jam
958 600 984 628 a
1005 589 1150 628 multo
1173 594 1380 638 tempore
1402 586 1609 637 cogitavi
1631 593 1673 625 et
1703 586 1809 625 deli-

176 659 342 698 beravi
362 659 501 709 istud,
523 659 754 707 videlicet;
774 666 1022 710 procurate
1043 671 1130 699 vos
1149 658 1351 705 domum,
1377 669 1457 697 seu
1478 657 1713 697 licentiam
1734 669 1810 696 ex-

180 729 390 769 struendi
418 741 499 770 seu
530 730 711 770 emendi
740 731 927 770 domum
954 742 1038 781 pro
1067 730 1264 780 collegio
1295 729 1492 769 fratrum
1526 733 1809 767 vestrorum

186 801 287 850 Ego
316 801 379 840 ita
408 801 619 841 eamdem
646 801 835 841 domum
863 801 1053 847 dotabo,
1083 807 1132 840 ut
1161 800 1382 851 quinque,
1413 810 1496 839 sex
1526 804 1606 838 aut
1633 806 1808 849 septem

182 871 354 911 fratres
374 872 480 911 inde
500 872 679 923 possint
701 872 969 919 sustentari;
993 878 1036 911 et
1052 872 1173 911 istud
1190 871 1381 910 tirmiter
1400 870 1540 909 statui
1558 875 1601 909 et
1617 869 1664 909 in
1680 881 1806 920 prae-

180 943 332 983 sentia
352 943 551 983 duorum
566 943 663 994 jam
684 944 880 994 explico,
912 943 1013 993 Ego
1042 954 1181 994 opere
1210 942 1454 982 ostendam
1480 952 1553 980 me
1579 940 1812 980 fautorem

177 1019 228 1053 et
249 1019 432 1065 patrem
452 1013 698 1055 Societatis
719 1014 868 1066 hujus.
895 1014 1047 1054 Video
1077 1015 1200 1054 enirn
1228 1014 1352 1064 quod
1380 1013 1493 1053 nihil
1519 1012 1608 1052 nisi
1636 1012 1807 1051 nudum

181 1084 421 1124 Christum
442 1091 486 1124 et
506 1086 914 1125 mortificationem
935 1086 1175 1136 propriam
1197 1085 1453 1136 quaeratis,
1478 1090 1523 1123 et
1544 1083 1732 1125 similia:
1767 1089 1810 1121 et

179 1155 296 1200 dixit
317 1155 431 1195 mihi
453 1156 575 1207 quod
598 1157 714 1196 haec
737 1157 991 1196 indicarem
1014 1156 1062 1197 P.
1086 1157 1145 1197 V.
1169 1156 1369 1196 Proinde
1388 1166 1502 1205 rogo
1519 1154 1567 1194 Ρ.
1588 1154 1646 1194 V.
1665 1160 1715 1193 ut
1731 1153 1810 1193 fiat

178 1225 244 1276 id,
281 1227 404 1277 quod
431 1227 478 1266 in
502 1227 605 1267 aliis
634 1228 799 1267 litteris
821 1229 1011 1279 scripsi,
1048 1229 1120 1267 Vel
1151 1234 1200 1267 ut
1229 1226 1441 1267 Societas
1472 1225 1756 1277 approbetur
1784 1237 1808 1264 a

178 1297 386 1337 Concilio
422 1297 713 1338 Tridentino,
744 1298 965 1350 Alioquin
992 1310 1077 1350 pro
1105 1299 1195 1338 hoc
1231 1306 1439 1348 tempore
1473 1308 1568 1336 non
1601 1302 1672 1335 est
1703 1307 1814 1346 spes

177 1368 450 1408 exstruendi
481 1369 751 1419 collegium,
785 1381 934 1420 neque
966 1381 1072 1421 spes
1093 1370 1234 1409 libere
1265 1368 1422 1408 utendi
1452 1367 1711 1419 privilegiis
1731 1378 1811 1405 no-

177 1440 287 1479 stris
319 1440 594 1480 admittendi
627 1440 829 1491 aliquem
852 1441 910 1480 ad
941 1441 1164 1481 exercitia
1184 1439 1432 1480 Societatis
1463 1445 1541 1478 aut
1564 1438 1623 1478 ad
1653 1437 1810 1478 Socie-

177 1516 339 1551 tatem.

258 1581 376 1622 Cum
397 1581 485 1622 hoc
507 1593 690 1634 quoque
711 1588 845 1634 posta
868 1582 982 1622 nihil
1003 1594 1196 1634 prorsus
1216 1582 1478 1622 litterarum
1504 1592 1531 1620 a
1557 1580 1606 1620 Ρ.
1637 1579 1695 1619 V.
1731 1586 1809 1618 aut

176 1653 386 1693 romanis
406 1654 691 1705 accepimus.
717 1653 876 1694 Aliam
896 1654 1056 1693 nescio
1079 1664 1284 1699 causam,
1308 1653 1396 1692 nisi
1414 1651 1537 1703 quod
1554 1657 1684 1691 tanta
1702 1661 1808 1690 con-

178 1725 407 1764 solatione
429 1737 523 1764 non
545 1737 649 1765 sum
673 1726 863 1776 dignus,
888 1731 932 1765 et
953 1725 1060 1776 quia
1082 1725 1299 1765 fortassis
1320 1724 1458 1763 nimis
1478 1723 1622 1763 multa
1644 1722 1703 1761 ad
1724 1733 1812 1761 vos

179 1795 383 1836 scribam
404 1802 448 1836 et
469 1797 616 1836 variis
639 1796 789 1836 dubiis
820 1797 1017 1836 obruere
1047 1796 1226 1835 videar.
1257 1795 1348 1835 Sed
1379 1806 1495 1845 rogo
1521 1799 1714 1845 propter
1739 1793 1807 1845 Je—

180 1877 282 1905 sum
304 1867 535 1917 ignoscite
557 1867 685 1917 mihi,
709 1867 818 1919 quia
840 1867 957 1907 nihil
977 1867 1092 1907 mihi
1113 1867 1249 1918 sapit,
1273 1866 1385 1905 nihil
1403 1865 1552 1905 audeo
1572 1864 1662 1904 nisi
1684 1876 1710 1903 a
1731 1875 1810 1903 VO-

180 1937 251 1976 bis
270 1938 401 1988 prius
422 1937 678 1978 instructus
697 1944 741 1978 et
764 1938 971 1978 edoctus.
1302 1938 1306 1940 '

260 2006 590 2048 Remansimus
613 2009 737 2048 domi
758 2009 961 2060 quinque
989 2008 1174 2048 fratres.
1206 2008 1338 2048 Unus
1367 2007 1642 2047 licenciatus
1671 2006 1811 2057 Quin-

179 2079 304 2119 tinus
328 2078 338 2097 ¹
361 2079 570 2119 nondum
591 2086 660 2119 est
680 2080 893 2131 publicus
914 2079 1074 2129 frater,
1102 2085 1146 2119 et
1167 2090 1387 2119 reversus
1408 2085 1477 2118 est
1499 2078 1558 2118 ad
1578 2089 1715 2118 suum
1737 2089 1809 2117 ca-

179 2149 451 2189 nonicatum
481 2155 527 2189 et
558 2149 729 2190 ibidem
756 2150 1008 2190 fructificat
1038 2150 1186 2190 donec
1220 2151 1345 2190 aliud
1376 2150 1417 2189 ei
1447 2161 1474 2189 a
1503 2149 1553 2189 P.
1585 2148 1644 2189 V.
1680 2149 1757 2189 vel
1783 2161 1811 2189 a

178 2220 314 2260 nobis
336 2220 531 2261 dicatur.
557 2220 726 2261 Noster
747 2220 924 2261 Sardus
943 2220 958 2239 ‘³
979 2227 1121 2272 recte,
1144 2222 1245 2261 laus
1273 2221 1394 2270 Deo,
1428 2221 1566 2270 valet,
1597 2232 1702 2260 cum
1734 2231 1809 2260 an-

180 2298 372 2342 tequam
392 2303 441 2331 se
461 2291 594 2331 nobis
616 2291 927 2343 adjunxisset,
952 2303 1092 2343 saepe
1114 2292 1171 2332 ab
1193 2292 1389 2331 infantia
1419 2297 1463 2331 et
1489 2291 1659 2342 ubique
1687 2292 1810 2331 loeo-

181 2373 285 2402 rum
307 2363 604 2402 consueverit
624 2363 744 2402 male
766 2362 960 2413 habere,
984 2368 1029 2402 et
1048 2362 1187 2403 valde
1208 2370 1278 2403 est
1299 2362 1623 2403 aedificativus
1650 2369 1693 2401 et
1723 2361 1810 2401 fer-

181 2433 333 2483 vidus,
359 2439 604 2485 promptus
625 2439 669 2473 et
691 2433 910 2474 obediens
932 2434 978 2473 in
995 2434 1224 2474 omnibus.
1243 2433 1402 2485 Pergit
1422 2434 1469 2473 in
1486 2433 1649 2473 studiis
1667 2433 1812 2484 philo-

183 2505 391 2556 sophicis
412 2510 457 2544 et
477 2515 705 2555 magnum
725 2511 915 2555 gustum
934 2506 981 2545 in
1002 2505 1091 2546 illis
1111 2506 1244 2546 brevi
1265 2505 1476 2545 invenire
1498 2504 1664 2556 coepit.
1770 2553 1774 2557 ὁ

264 2576 530 2616 Habuimus
545 2588 688 2616 unum
708 2576 1294 2627 HispanumValentinum
1313 2577 1415 2617 istis
1437 2576 1597 2616 diebus
1614 2576 1660 2616 in
1682 2587 1813 2615 exer-

182 2648 321 2698 citiis,
345 2647 562 2697 nobilem3
586 2647 667 2687 sed
688 2647 808 2687 sicut
828 2647 1020 2688 Parisiis
1041 2649 1184 2688 semel
1205 2647 1388 2698 defecit,
1412 2647 1478 2687 ita
1498 2652 1543 2687 et
1564 2645 1686 2698 apud
1707 2657 1812 2695 nos,

234 2784 245 2804 ¹
287 2783 465 2816 Quintinus
477 2783 653 2817 Charlart,
669 2783 708 2810 de
718 2791 781 2817 quo
797 2784 882 2810 haee
895 2783 1076 2818 Delplace:
1093 2784 1255 2817 “Quentin
1268 2784 1443 2818 Charlart,
1458 2786 1499 2811 ne·
1512 2785 1532 2811 ὲ.
1546 2783 1705 2810 Baudour
1720 2781 1816 2815 (Hai—

180 2833 275 2864 naut)
291 2839 332 2858 en
344 2831 424 2863 1507,
440 2831 606 2858 chanoine
622 2831 661 2857 de
677 2830 837 2865 Tournai3
854 2831 963 2858 admis
985 2832 1005 2858 a
1025 2831 1129 2858 Rome
1146 2839 1186 2858 en
1203 2832 1286 2865 1552,
1303 2837 1392 2859 mort
1409 2833 1428 2858 a
1443 2831 1591 2859 Tournai
1605 2831 1634 2858 le
1651 2830 1684 2857 28
1698 2830 1815 2863 Juillet

181 2879 279 2911 1536..,
294 2880 315 2906 1.
331 2887 358 2906 c.

235 2927 248 2946 ²
286 2926 409 2955 Petrus
425 2927 566 2961 Spigha.
582 2926 669 2953 Vide
685 2926 852 2961 POLANcc,
871 2927 1008 2958 Chron„
1028 2932 1098 2961 t.11,
1114 2935 1192 2962 pag.
1208 2928 1269 2959 289,
1286 2936 1317 2955 n.
1333 2929 1394 2955 2118.
1412 2927 1496 2962 Ejus
1511 2931 1620 2961 gesta,
1637 2927 1764 2961 domus,
1781 2926 1814 2953 in

183 2981 249 3007 qua
264 2981 458 3008 supremum
473 2975 561 3002 diem
576 2974 669 3005 obiit,
686 2974 863 3001 enarravit
882 2974 1008 3001 Rector
1025 2976 1056 3002 in
1071 2976 1215 3009 epistola
1229 2976 1369 3003 Romam
1384 2983 1498 3009 missa,
1515 2980 1547 3002 et
1559 2984 1600 3002 ex
1612 2983 1651 3002 ea
1664 2975 1818 3009 deprom-

183 3022 251 3056 psit
267 3021 491 3049 NmREamERG
509 3029 594 3056 quac
610 3029 669 3048 suo
685 3022 776 3056 operi
797 3021 950 3049 Varones
967 3023 1113 3051 ilustres
1128 3024 1169 3051 de
1185 3024 1219 3050 la
1240 3023 1431 3059 Campania
1447 3024 1490 3051 de
1504 3023 1611 3059 Jeszis
1627 3021 1778 3050 inseruit.
