2074 3179
907 186 993 224 AN.
1024 185 1114 222 1552
1758 187 1829 223 677

192 280 306 324 'dam
340 283 682 333 concionatore,
720 282 865 323 fratre
898 283 1078 336 Joanne
1112 281 1320 322 Antonio
1355 294 1382 321 a
1410 282 1607 333 Buxeto,
1649 282 1828 323 ordinis

200 353 451 403 Minorum,
489 354 658 405 populo
693 354 1024 394 denunciatum
1059 359 1128 393 est
1158 352 1442 393 Societatem
1475 353 1585 405 Jesu
1618 354 1707 393 hoc
1738 355 1828 394 sibi

198 436 316 464 onus
337 425 646 475 assumpsisse
668 425 726 464 ad
747 424 972 464 honorem
993 424 1101 474 Dei,
1131 430 1180 464 ut
1198 423 1493 475 juventutem
1524 423 1658 464 bonis
1690 425 1825 464 mori-

198 496 283 535 bus
304 495 441 535 simul
462 501 505 534 et
525 495 692 535 litteris
722 496 911 546 imbuat,
942 495 1061 535 citra
1089 506 1399 546 personarum
1425 494 1696 545 discrimen,
1731 496 1826 534 nul-

198 566 285 606 lius
306 566 503 617 praemii
532 566 802 616 temporalis
832 578 912 617 spe
934 566 1198 606 adductam.
1223 564 1377 616 Atque
1397 564 1487 604 hoc
1510 565 1697 616 quidem
1719 565 1829 605 fecit

199 637 273 676 ille
294 647 467 687 magna
485 636 778 687 dexteritate,
803 636 883 676 sed
899 648 992 676 non
1009 636 1178 676 minori
1195 636 1440 686 charitate,
1463 637 1520 675 ob
1538 636 1830 687 singularem

199 719 427 758 amorem,
452 719 541 759 quo
569 714 779 748 nostram
804 708 1105 759 prosequitur
1132 706 1427 758 Societatem,
1458 718 1599 758 quam
1627 719 1713 747 nec
1742 707 1829 747 sibi

199 777 384 818 videtur
406 789 608 829 unquam
631 778 744 818 satis
765 778 919 829 dignis
946 778 1161 818 laudibus
1183 777 1346 817 efferre
1367 789 1519 829 posse,
1552 784 1744 829 propter
1766 778 1830 817 in-

199 855 402 900 gentem,
427 861 565 900 quam
583 849 709 889 videt
731 855 1103 899 consecuturam,
1127 849 1376 889 utilitatem
1396 860 1455 889 ex
1471 849 1559 889 hoc
1581 847 1829 889 Societatis

201 927 390 960 nostrae
413 921 637 961 instituto.

277 991 380 1032 Non
392 992 536 1031 multo
550 999 652 1042 post
668 992 715 1032 id
730 993 966 1044 temporis,
982 992 1259 1042 nimirumin
1276 997 1447 1031 octava
1459 990 1619 1032 Sancti
1634 991 1829 1044 Joannis

202 1063 549 1113 Evangelistae,
588 1063 727 1103 habui
761 1063 1022 1104 orationem
1049 1064 1095 1103 in
1122 1063 1273 1103 Divae
1304 1062 1479 1102 Luciae
1513 1063 1701 1113 templo,
1738 1074 1830 1114 qua

199 1134 445 1174 ostendere
467 1142 662 1174 conatus
683 1146 785 1174 sum
812 1134 921 1186 quid
949 1134 1171 1174 momenti
1198 1134 1390 1174 haberet
1423 1139 1552 1173 recta
1578 1144 1831 1184 puerorum

197 1204 411 1244 educatio
424 1210 482 1254 et,
499 1205 632 1256 quasi
645 1205 770 1245 aliud
782 1216 944 1256 agens,
963 1205 1165 1245 nominis
1179 1205 1290 1258 Jesu
1308 1204 1554 1245 Societatis
1568 1204 1830 1244 institutum

197 1287 448 1326 exponere.
491 1275 594 1315 Huc
629 1282 949 1316 convenerunt
983 1275 1194 1316 homines
1232 1276 1336 1327 plus
1374 1275 1527 1315 minus
1567 1275 1824 1326 quingenti;

199 1345 345 1386 adfuit
366 1353 558 1397 uterque
579 1347 799 1398 Episcopi
815 1346 859 1387 V
864 1347 1052 1397 icarius,
1072 1346 1341 1386 sacerdotes
1362 1346 1563 1397 plurimi,
1583 1358 1642 1386 ex
1661 1346 1827 1397 primo-

197 1417 324 1456 ribus
364 1417 568 1457 civitatis
602 1417 765 1468 aliqui,
802 1417 1040 1468 doctores,
1081 1417 1281 1468 equites,
1320 1417 1631 1468 ingenuarum
1658 1417 1829 1457 artium

200 1487 394 1527 studiosi
411 1500 504 1528 non
528 1488 678 1540 pauci.
698 1488 786 1528 Hic
811 1488 1038 1539 singulari
1060 1487 1233 1528 Christi
1248 1488 1359 1540 Jesu
1374 1487 1625 1539 praesidio,
1645 1493 1694 1528 ut
1712 1487 1829 1527 alias

198 1570 449 1609 nunquam,
473 1559 691 1610 munitus,
717 1571 822 1599 cum
843 1570 1015 1610 magno
1036 1560 1264 1611 applausu
1285 1564 1329 1598 et
1350 1570 1560 1609 assensu,
1585 1570 1705 1609 quae
1725 1570 1827 1610 pro-

199 1641 446 1680 posueram
463 1662 470 1677 ,
494 1631 729 1682 peroravi.

278 1699 419 1740 Domi
439 1707 533 1741 tres
556 1702 705 1741 clases
731 1702 897 1753 paravi
920 1702 1036 1741 satis
1066 1701 1353 1741 commodas.
1383 1700 1567 1741 Primae
1602 1700 1828 1751 praefecti

199 1777 303 1811 sunt
336 1772 538 1825 Jacobus
573 1773 871 1813 bononiensis
912 1779 956 1813 et
995 1772 1245 1812 Baithasar
1272 1772 1519 1824 hispanus,
1559 1772 1637 1823 qui
1670 1772 1828 1823 pueris

198 1841 436 1882 Donatum
457 1843 729 1883 discendum
745 1849 1072 1895 proponerent.
1101 1842 1343 1883 Secundae
1361 1843 1581 1883 constitui
1596 1843 1827 1896 Joannem

201 1912 502 1953 Franciscum
532 1913 848 1965 Parmensem,
882 1920 930 1954 ut
959 1914 998 1954 is
1026 1914 1122 1954 suis
1155 1914 1305 1966 prima
1332 1914 1673 1965 grammaticae
1705 1914 1825 1954 rudi-

198 1990 367 2034 menta,
393 1983 618 2024 Catonem
639 1990 682 2024 et
703 1985 973 2024 Terentium
998 1985 1303 2036 praelegeret.
1335 1984 1522 2024 Tertiae
1550 1996 1663 2024 vero
1685 1984 1826 2024 classi

197 2054 473 2094 Guilielmus
493 2055 577 2094 fuit
598 2056 786 2105 electus,
811 2056 888 2107 qui
909 2061 1162 2106 exponeret
1179 2055 1436 2095 familiares
1453 2055 1675 2106 epistolas
1697 2054 1824 2095 Cice-

198 2125 325 2165 ronis
356 2137 460 2165 cum
495 2125 710 2176 Virgilio.
743 2126 982 2166 Hactenus
1012 2137 1118 2166 cum
1153 2132 1484 2177 praeceptores
1512 2137 1596 2166 suo
1632 2137 1826 2166 munere

197 2196 341 2247 probe
362 2196 508 2236 functi
528 2202 649 2248 sunt,
679 2202 777 2237 tum
796 2208 911 2237 vero
933 2197 1065 2248 pueri
1092 2208 1315 2248 magnum
1342 2197 1389 2236 in
1415 2197 1580 2237 studiis
1606 2208 1823 2248 progres-

199 2279 301 2307 sum
330 2267 556 2307 fecerunt.
591 2267 843 2319 Postquam
878 2274 1033 2308 autem
1068 2269 1158 2308 huc
1193 2268 1322 2308 venit
1353 2267 1407 2308 R.
1445 2267 1494 2307 P.
1527 2267 1745 2308 Andreas
1781 2274 1826 2308 et

198 2337 248 2376 P.
273 2337 469 2378 Fulvius
493 2337 502 2356 ¹
524 2338 598 2378 hic
622 2338 744 2390 (quia
765 2339 853 2379 sibi
873 2350 899 2378 a
919 2338 974 2379 R.
997 2338 1046 2378 P.
1070 2339 1368 2389 Provinciali,
1398 2338 1600 2379 Domino
1623 2338 1826 2379 Pascha-

198 2409 266 2448 sio
288 2408 443 2459 Broet,
469 2409 620 2449 omnis
641 2410 874 2460 regendae
896 2410 1084 2450 scholae
1105 2410 1351 2461 provincia
1371 2409 1545 2450 tradita
1565 2416 1680 2460 erat,
1701 2409 1825 2461 quod

198 2485 319 2520 esset
341 2480 613 2520 adolescens
635 2491 741 2520 cum
766 2480 813 2519 in
833 2480 1185 2520 humanioribus
1212 2480 1468 2532 disciplinis
1488 2486 1705 2521 versatus
1727 2486 1825 2520 tum

200 2551 295 2590 vita
319 2557 361 2590 et
384 2550 591 2590 moribus
612 2551 898 2602 praeclarus)
920 2551 1131 2590 nonnihil
1157 2550 1367 2591 ordinem
1387 2557 1527 2591 antea
1549 2552 1733 2592 servari
1753 2563 1823 2591 so-

198 2621 328 2661 litum
345 2621 623 2671 immutavit,
642 2621 831 2673 ipseque
843 2621 1072 2672 majorum
1089 2633 1251 2662 curam
1267 2622 1534 2673 assumpsit.
1554 2621 1823 2674 Antequam

252 2757 260 2776 ¹
300 2756 424 2784 “Sexta
440 2756 618 2784 Februarii
634 2757 820 2784 Bononiam
833 2756 869 2784 P.
883 2756 1041 2784 Andreas
1056 2756 1281 2784 Galvanellus
1296 2760 1329 2784 et
1344 2758 1510 2791 magister
1534 2757 1676 2786 Fulvius
1700 2758 1827 2786 Cardu-

198 2804 249 2831 lus
264 2808 505 2838 pervenerunt;
522 2808 554 2831 et
570 2804 605 2831 P.
622 2805 754 2839 quidem
775 2804 933 2832 Andreas
956 2810 1148 2832 nostrorum
1172 2805 1319 2832 fratrum
1343 2812 1461 2832 curam
1480 2806 1647 2840 suscepit,
1671 2808 1827 2841 quamvis

198 2852 233 2879 P.
250 2851 454 2879 Franciscus
470 2852 629 2886 Palmius,
646 2859 731 2886 quae
756 2851 798 2879 ad
821 2851 1104 2879 sustentationem
1127 2851 1274 2879 omnium
1298 2853 1492 2880 necessaria
1513 2857 1622 2888 erant,
1645 2853 1828 2888 diligenter

196 2900 353 2926 curabat.
370 2899 446 2926 Fuit
463 2904 572 2926 autem
590 2899 713 2926 scholis
733 2899 925 2933 praefectus
940 2900 1106 2934 magister
1120 2899 1279 2933 Fulvius,
1302 2900 1357 2934 qui
1377 2900 1488 2927 omnia
1505 2901 1536 2927 in
1552 2901 1728 2929 meliorem
1741 2902 1828 2929 ordi-

198 2954 273 2974 nem
288 2947 428 2980 redegit.
447 2950 479 2973 ct
495 2947 682 2974 studiorum
697 2947 968 2981 domesticorum,
985 2947 1072 2982 quod
1087 2947 1129 2974 ad
1144 2947 1270 2975 fratres
1285 2951 1419 2975 nostros
1434 2948 1574 2983 attinet,
1590 2956 1707 2976 curam
1722 2950 1828 2977 etiam

196 2995 333 3029 gessit„
350 2995 534 3028 Pomm-ecs,
553 2994 687 3027 chron„
702 2998 726 3022 t.
742 3001 776 3028 11,
793 3002 870 3029 pag.
886 2995 954 3029 503,
971 3003 1024 3022 nn.
1040 2996 1091 3022 216
1106 3000 1138 3022 et
1154 2995 1216 3022 217.
