2074 3179
843 159 875 192 A
886 168 921 193 N.
955 156 1044 193 1550
1685 160 1753 197 237

840 609 1035 661 LXIX

189 836 236 873 P.
262 836 420 874 Petrus
439 834 644 873 Canisius

238 901 358 938 Patri
378 901 545 948 Ignatio
561 900 614 938 de
635 901 817 949 Loyola.

286 965 570 1013 Ingolstadio‚
588 965 634 1003 ‘28
653 966 930 1012 Decembris,
954 965 1046 1003 1550
1065 966 1089 1001 ¹.

892 1208 988 1250 IHS

197 1387 296 1427 R.de
320 1387 366 1426 in
390 1386 576 1427 Christo
598 1386 754 1427 Pater.

197 1457 361 1498 Gratia
383 1457 558 1497 domini
577 1458 727 1498 nostri
743 1457 855 1510 Jesu
871 1457 1047 1498 Christi
1068 1464 1112 1498 et
1133 1470 1227 1510 pax
1244 1459 1491 1500 nobiscum
1507 1467 1748 1512 perpetua.

120 1530 375 1580 Postquam
395 1529 485 1569 huc
501 1528 630 1568 venit
650 1528 703 1568 R.
729 1527 777 1569 Ρ.
802 1529 862 1569 Μ.
896 1528 1116 1570 Nicolaus
1144 1529 1426 1582 Goudanus‚
1459 1532 1648 1583 eiusque
1678 1544 1750 1572 co-

115 1612 216 1641 mes
236 1600 296 1640 M.
325 1600 490 1640 Petrus
519 1599 793 1640 Scorichius
824 1600 968 1650 (nunc
998 1606 1191 1652 quartus
1223 1607 1292 1642 est
1320 1603 1538 1653 mensis),
1569 1615 1748 1643 summa

118 1672 206 1712 Dei
222 1672 430 1712 bonitate
450 1677 496 1711 et
516 1676 643 1711 recte
662 1672 876 1712 valemus
899 1677 964 1723 et,
987 1677 1038 1712 ut
1059 1678 1166 1713 ante
1188 1673 1473 1725 solebamus,
1510 1675 1556 1714 in
1576 1676 1751 1726 praele-

116 1743 257 1793 gendi
283 1742 520 1782 functione
545 1753 808 1783 versamur.
840 1741 938 1782 Nec
963 1744 1127 1794 procul
1153 1744 1261 1784 hinc
1290 1744 1421 1785 abest
1455 1744 1509 1785 R.
1538 1745 1588 1785 P.
1620 1745 1751 1786 Clau-

118 1814 244 1864 dius,
267 1814 323 1853 de
344 1825 435 1865 quo
456 1825 597 1865 saepe
617 1813 775 1854 testati
797 1825 957 1854 sumus
979 1821 1209 1866 quantum
1225 1816 1446 1867 praesidii
1469 1822 1569 1856 tum
1600 1817 1748 1863 nobiS,

120 1890 217 1925 tum
237 1883 460 1925 Societati
481 1884 589 1924 huic
609 1884 695 1925 toti
725 1884 923 1935 adferat,
956 1884 1067 1926 dum
1094 1886 1142 1926 in
1169 1886 1381 1927 Comitiis
1409 1894 1566 1928 manet
1594 1888 1750 1939 Augu-

118 1956 281 1996 stanis.
306 1955 508 1995 Perfecit
527 1967 641 1996 sane
664 1955 870 2006 (summa
890 1955 1014 2005 Deo,
1038 1957 1161 2008 patri
1183 1968 1380 2009 summo,
1405 1959 1579 2009 gloria)
1601 1965 1651 1999 ut
1676 1959 1751 1999 Se-

118 2027 283 2066 reniss.
306 2026 625 2067 Romanorum
644 2026 766 2077 Rex,
796 2026 1143 2078 Ferdinandus,
1177 2040 1271 2068 non
1298 2029 1566 2080 promiserit
1596 2030 1748 2077 modO,

119 2097 201 2138 sed
222 2097 388 2137 litteris
409 2097 551 2137 etiam
573 2097 714 2148 datis,
744 2097 917 2149 partim
943 2098 1003 2138 ad
1023 2097 1297 2139 Pontificem
1319 2099 1444 2139 Max.
1462 2132 1469 2151 ,
1500 2101 1672 2152 partim
1693 2101 1751 2141 ad

120 2168 173 2208 R.
202 2168 253 2208 P.
283 2168 359 2217 T.‚
397 2168 757 2219 promissionem
792 2168 913 2208 hanc
948 2168 1166 2219 firmarit,
1206 2175 1479 2210 curaturum
1515 2182 1564 2211 se
1594 2172 1751 2212 statim

121 2240 169 2279 in
190 2238 431 2279 academia
453 2251 538 2278 sua
560 2238 820 2279 Viennensi
840 2245 890 2279 ut
909 2239 1133 2280 Societati
1154 2247 1344 2281 nostrae
1365 2242 1616 2293 collegium
1636 2243 1751 2283 bene

120 2310 331 2351 dotatum
351 2311 633 2361 assignetur.
658 2310 813 2361 Quare
835 2310 951 2351 duos
972 2311 1080 2352 illuc
1102 2324 1125 2352 e
1148 2313 1324 2352 nostris
1347 2313 1614 2364 Theologos
1635 2314 1752 2354 mitti

120 2381 282 2432 voluit,
306 2381 384 2433 qui
404 2381 559 2421 locum
576 2386 620 2421 et
634 2380 936 2422 fundamenta
954 2382 1096 2422 totius
1113 2382 1312 2434 Collegii
1330 2390 1629 2436 occuparent.
1651 2384 1751 2425 Hoc

117 2452 322 2503 primum
343 2452 465 2503 apud
486 2451 750 2492 Germanos
771 2453 1020 2504 collegium
1040 2454 1212 2494 nostris
1244 2455 1354 2505 erit,
1379 2455 1557 2496 tamdiu
1577 2455 1750 2496 deside-

172 2587 182 2607 1
221 2587 276 2614 Ex
295 2587 495 2621 apographo
517 2587 560 2614 ad
578 2587 818 2622 Hispanienses
832 2588 942 2616 socios
958 2588 1065 2617 Roma
1082 2590 1196 2624 misso,
1215 2589 1246 2617 in
1262 2590 1341 2618 folio
1368 2590 1493 2625 duplici
1516 2592 1617 2619 nullis
1640 2599 1750 2619 nume-

117 2635 166 2662 ris
193 2634 384 2669 designato.
412 2635 659 2669 Autographae
689 2634 817 2663 Canisii
843 2636 1003 2669 litterae,
1038 2644 1180 2671 quarum
1208 2638 1445 2672 apographum
1471 2639 1652 2670 habemus.
1675 2645 1752 2667 sunt

120 2682 225 2709 etiam
248 2682 281 2708 in
304 2681 383 2708 folio
404 2680 540 2715 duplici,
556 2681 619 2709 hoc
635 2682 742 2709 modo:
759 2689 780 2710 a
794 2683 899 2710 verbo
918 2682 1025 2718 jesus
1041 2684 1084 2711 ad
1100 2685 1207 2711 verba
1223 2684 1352 2711 Petrus
1369 2685 1532 2713 Canisius
1548 2686 1580 2713 in
1594 2687 1705 2721 prima
1720 2691 1750 2714 et

118 2729 266 2757 secunda
289 2729 416 2763 pagina
438 2728 507 2756 folii
532 2729 666 2763 prioris,
692 2730 743 2757 eui
765 2731 897 2758 numeri
922 2735 1000 2759 sunt
1023 2731 1040 2758 6
1063 2735 1096 2759 et
1122 2732 1181 2765 119;
1203 2732 1314 2766 prima
1329 2733 1526 2766 posterioris
1541 2733 1611 2761 folii
1626 2734 1752 2769 pagina

117 2777 227 2804 nitida
241 2777 375 2804 omnino
390 2780 450 2810 est,
467 2780 500 2803 et
514 2777 662 2804 secunda
677 2778 1002 2813 superscriptionem
1026 2782 1158 2806 tantum
1170 2780 1332 2814 continet,
1359 2787 1461 2807 manu
1481 2779 1607 2809 Canisii
1633 2789 1753 2809 exara-

119 2828 201 2859 tam,
225 2824 277 2852 cui
302 2824 336 2852 in
359 2824 427 2852 ima
450 2824 520 2851 folii
543 2832 603 2852 ora
630 2824 760 2853 addidit
783 2826 878 2853 alius:
904 2826 1004 2858 1550,
1028 2826 1082 2853 Ex
1106 2826 1340 2861 Ingolstadlo,
1361 2828 1407 2854 28
1421 2828 1520 2855 X.bri⁸
1535 2829 1571 2856 In
1586 2830 1751 2864 superiori

119 2875 234 2898 autem
248 2871 348 2905 hujus
363 2872 509 2906 paginae
525 2879 586 2899 ora
602 2872 777 2907 inceperat
791 2873 872 2907 ipse,
889 2878 925 2900 ut
941 2874 1098 2908 videtur,
1114 2874 1150 2901 P.
1168 2874 1324 2903 Canisius
1339 2876 1490 2903 scribere
1503 2879 1538 2911 p.
1552 2880 1679 2911 prone:
1694 2878 1751 2904 sed

120 2925 221 2946 verso
237 2920 368 2946 calamo
382 2919 520 2947 delevit.
536 2919 623 2946 Item
635 2920 734 2954 juxta
749 2920 908 2955 sigillum,
932 2921 1020 2955 quod
1041 2929 1140 2949 cerae
1165 2923 1289 2950 rubrae
1314 2922 1514 2957 impressum
1529 2928 1614 2955 erat,
1632 2928 1683 2951 est
1698 2933 1754 2952 nu-

120 2973 233 2993 merus
247 2966 303 2993 50.
