<?xml version="1.0" encoding="UTF-8"?>
<!DOCTYPE html PUBLIC "-//W3C//DTD XHTML 1.0 Transitional//EN"
    "http://www.w3.org/TR/xhtml1/DTD/xhtml1-transitional.dtd">
<html xmlns="http://www.w3.org/1999/xhtml" xml:lang="en" lang="en">
 <head>
  <title>
</title>
<meta http-equiv="Content-Type" content="text/html;charset=utf-8" />
  <meta name='ocr-system' content='tesseract 3.04.00' />
  <meta name='ocr-capabilities' content='ocr_page ocr_carea ocr_par ocr_line ocrx_word'/>
</head>
<body>
  <div class='ocr_page' id='page_1' title='image "./litteraequadrime13lain_0234.png"; bbox 0 0 2074 3179; ppageno 0'>
   <div class='ocr_carea' id='block_1_1' title="bbox 246 188 1371 231">
    <p class='ocr_par' dir='ltr' id='par_1_1' title="bbox 246 188 1371 231">
     <span class='ocr_line' id='line_1_1' title="bbox 246 188 1371 231; baseline 0.001 -6"><span class='ocrx_word' id='word_1_1' title='bbox 246 188 321 225; x_wconf 65' lang='lat'>2²30</span> <span class='ocrx_word' id='word_1_2' title='bbox 762 188 987 225; x_wconf 74' lang='lat' dir='ltr'><strong>LITTERAE</strong></span> <span class='ocrx_word' id='word_1_3' title='bbox 1015 199 1371 231; x_wconf 77' lang='lat' dir='ltr'>QUADmMEsTREs</span> 
     </span>
    </p>
   </div>
   <div class='ocr_carea' id='block_1_2' title="bbox 238 284 1887 2909">
    <p class='ocr_par' dir='ltr' id='par_1_2' title="bbox 238 284 1887 2909">
     <span class='ocr_line' id='line_1_2' title="bbox 247 284 1883 339; baseline 0.002 -15"><span class='ocrx_word' id='word_1_4' title='bbox 247 291 437 336; x_wconf 85' lang='lat' dir='ltr'>praeter</span> <span class='ocrx_word' id='word_1_5' title='bbox 459 296 577 325; x_wconf 90' lang='lat' dir='ltr'>onus</span> <span class='ocrx_word' id='word_1_6' title='bbox 598 284 935 325; x_wconf 86' lang='lat' dir='ltr'>audiendarum</span> <span class='ocrx_word' id='word_1_7' title='bbox 953 284 1300 326; x_wconf 86' lang='lat' dir='ltr'>confessionum</span> <span class='ocrx_word' id='word_1_8' title='bbox 1315 285 1610 327; x_wconf 91' lang='lat' dir='ltr'>dominorum</span> <span class='ocrx_word' id='word_1_9' title='bbox 1624 286 1883 339; x_wconf 89' lang='lat' dir='ltr'>Pro-regis,</span> 
     </span>
     <span class='ocr_line' id='line_1_3' title="bbox 251 355 1885 410; baseline 0.001 -14"><span class='ocrx_word' id='word_1_10' title='bbox 251 356 443 406; x_wconf 88' lang='lat' dir='ltr'>Garsia‚</span> <span class='ocrx_word' id='word_1_11' title='bbox 468 355 649 397; x_wconf 90' lang='lat' dir='ltr'>Alvaro</span> <span class='ocrx_word' id='word_1_12' title='bbox 673 355 699 406; x_wconf 86' lang='lat'>¹,</span> <span class='ocrx_word' id='word_1_13' title='bbox 730 362 774 396; x_wconf 91' lang='lat' dir='ltr'>et</span> <span class='ocrx_word' id='word_1_14' title='bbox 802 356 999 396; x_wconf 90' lang='lat' dir='ltr'>aliorum</span> <span class='ocrx_word' id='word_1_15' title='bbox 1027 356 1233 407; x_wconf 90' lang='lat' dir='ltr'>capitum</span> <span class='ocrx_word' id='word_1_16' title='bbox 1263 358 1519 408; x_wconf 84' lang='lat' dir='ltr'>exercitus,</span> <span class='ocrx_word' id='word_1_17' title='bbox 1553 369 1670 409; x_wconf 89' lang='lat' dir='ltr'>quos</span> <span class='ocrx_word' id='word_1_18' title='bbox 1697 359 1885 410; x_wconf 87' lang='lat' dir='ltr'>saepius</span> 
     </span>
     <span class='ocr_line' id='line_1_4' title="bbox 251 427 1883 480; baseline 0.001 -12"><span class='ocrx_word' id='word_1_19' title='bbox 251 428 489 478; x_wconf 78' lang='lat' dir='ltr'>audiebat,</span> <span class='ocrx_word' id='word_1_20' title='bbox 514 428 577 468; x_wconf 91' lang='lat' dir='ltr'>illi</span> <span class='ocrx_word' id='word_1_21' title='bbox 604 428 755 467; x_wconf 91' lang='lat' dir='ltr'>omnis</span> <span class='ocrx_word' id='word_1_22' title='bbox 791 438 904 467; x_wconf 87' lang='lat' dir='ltr'>cura</span> <span class='ocrx_word' id='word_1_23' title='bbox 935 427 1234 467; x_wconf 80' lang='lat' dir='ltr'>incumbebat</span> <span class='ocrx_word' id='word_1_24' title='bbox 1259 427 1574 480; x_wconf 90' lang='lat' dir='ltr'>Xenodochii,</span> <span class='ocrx_word' id='word_1_25' title='bbox 1606 429 1653 469; x_wconf 88' lang='lat' dir='ltr'>in</span> <span class='ocrx_word' id='word_1_26' title='bbox 1679 441 1769 480; x_wconf 93' lang='lat' dir='ltr'>quo</span> <span class='ocrx_word' id='word_1_27' title='bbox 1791 441 1883 470; x_wconf 92' lang='lat' dir='ltr'>ma-</span> 
     </span>
     <span class='ocr_line' id='line_1_5' title="bbox 249 498 1881 552; baseline 0.001 -13"><span class='ocrx_word' id='word_1_28' title='bbox 249 510 345 550; x_wconf 87' lang='lat' dir='ltr'>gna</span> <span class='ocrx_word' id='word_1_29' title='bbox 380 511 564 551; x_wconf 92' lang='lat' dir='ltr'>semper</span> <span class='ocrx_word' id='word_1_30' title='bbox 592 498 809 539; x_wconf 83' lang='lat' dir='ltr'>decubuit</span> <span class='ocrx_word' id='word_1_31' title='bbox 844 498 1133 539; x_wconf 89' lang='lat' dir='ltr'>infirmorum</span> <span class='ocrx_word' id='word_1_32' title='bbox 1168 504 1386 551; x_wconf 88' lang='lat' dir='ltr'>caterva,</span> <span class='ocrx_word' id='word_1_33' title='bbox 1418 512 1614 541; x_wconf 90' lang='lat' dir='ltr'>numero</span> <span class='ocrx_word' id='word_1_34' title='bbox 1639 512 1764 541; x_wconf 89' lang='lat' dir='ltr'>nunc</span> <span class='ocrx_word' id='word_1_35' title='bbox 1794 501 1881 552; x_wconf 91' lang='lat' dir='ltr'>lOO,</span> 
     </span>
     <span class='ocr_line' id='line_1_6' title="bbox 247 562 1885 624; baseline 0.001 -13"><span class='ocrx_word' id='word_1_36' title='bbox 247 582 372 611; x_wconf 90' lang='lat' dir='ltr'>nunc</span> <span class='ocrx_word' id='word_1_37' title='bbox 406 570 497 621; x_wconf 84' lang='lat'>150,</span> <span class='ocrx_word' id='word_1_38' title='bbox 528 576 572 610; x_wconf 90' lang='lat' dir='ltr'>et</span> <span class='ocrx_word' id='word_1_39' title='bbox 601 562 835 610; x_wconf 82' lang='lat' dir='ltr'>interdum</span> <span class='ocrx_word' id='word_1_40' title='bbox 861 570 1002 610; x_wconf 88' lang='lat' dir='ltr'>etiam</span> <span class='ocrx_word' id='word_1_41' title='bbox 1031 569 1123 609; x_wconf 81' lang='grc'><strong>200.</strong></span> <span class='ocrx_word' id='word_1_42' title='bbox 1153 570 1241 610; x_wconf 91' lang='lat' dir='ltr'>Hic</span> <span class='ocrx_word' id='word_1_43' title='bbox 1270 571 1383 610; x_wconf 93' lang='lat' dir='ltr'>nulli</span> <span class='ocrx_word' id='word_1_44' title='bbox 1417 577 1602 622; x_wconf 86' lang='lat' dir='ltr'>poterat</span> <span class='ocrx_word' id='word_1_45' title='bbox 1636 573 1885 624; x_wconf 89' lang='lat' dir='ltr'>quisquam</span> 
     </span>
     <span class='ocr_line' id='line_1_7' title="bbox 249 641 1883 696; baseline 0.001 -14"><span class='ocrx_word' id='word_1_46' title='bbox 249 642 569 682; x_wconf 81' lang='lat' dir='ltr'>necessarium</span> <span class='ocrx_word' id='word_1_47' title='bbox 603 641 934 681; x_wconf 80' lang='lat' dir='ltr'>sustentationi</span> <span class='ocrx_word' id='word_1_48' title='bbox 973 641 1184 693; x_wconf 90' lang='lat' dir='ltr'>corporis</span> <span class='ocrx_word' id='word_1_49' title='bbox 1219 641 1549 682; x_wconf 88' lang='lat' dir='ltr'>administrare</span> <span class='ocrx_word' id='word_1_50' title='bbox 1581 643 1671 683; x_wconf 91' lang='lat' dir='ltr'>nisi</span> <span class='ocrx_word' id='word_1_51' title='bbox 1704 643 1883 696; x_wconf 90' lang='lat' dir='ltr'>dispen-</span> 
     </span>
     <span class='ocr_line' id='line_1_8' title="bbox 249 712 1885 765; baseline 0.002 -12"><span class='ocrx_word' id='word_1_52' title='bbox 249 719 381 754; x_wconf 87' lang='lat' dir='ltr'>sante</span> <span class='ocrx_word' id='word_1_53' title='bbox 408 713 513 753; x_wconf 82' lang='lat' dir='ltr'>D.1¹0</span> <span class='ocrx_word' id='word_1_54' title='bbox 534 712 745 763; x_wconf 85' lang='lat' dir='ltr'>Laynez,</span> <span class='ocrx_word' id='word_1_55' title='bbox 770 713 849 764; x_wconf 90' lang='lat' dir='ltr'>qui</span> <span class='ocrx_word' id='word_1_56' title='bbox 870 718 914 752; x_wconf 93' lang='lat' dir='ltr'>et</span> <span class='ocrx_word' id='word_1_57' title='bbox 934 712 1057 764; x_wconf 88' lang='lat' dir='ltr'>ipse,</span> <span class='ocrx_word' id='word_1_58' title='bbox 1081 724 1212 753; x_wconf 88' lang='lat' dir='ltr'>more</span> <span class='ocrx_word' id='word_1_59' title='bbox 1243 713 1348 765; x_wconf 90' lang='lat' dir='ltr'>piae</span> <span class='ocrx_word' id='word_1_60' title='bbox 1378 713 1594 765; x_wconf 86' lang='lat' dir='ltr'>nutricis,</span> <span class='ocrx_word' id='word_1_61' title='bbox 1619 715 1775 755; x_wconf 89' lang='lat' dir='ltr'>cibum</span> <span class='ocrx_word' id='word_1_62' title='bbox 1794 716 1885 756; x_wconf 91' lang='lat' dir='ltr'>illis</span> 
     </span>
     <span class='ocr_line' id='line_1_9' title="bbox 250 784 1886 836; baseline 0.001 -11"><span class='ocrx_word' id='word_1_63' title='bbox 250 784 496 836; x_wconf 86' lang='lat' dir='ltr'>frangebat</span> <span class='ocrx_word' id='word_1_64' title='bbox 528 790 669 836; x_wconf 90' lang='lat' dir='ltr'>atque</span> <span class='ocrx_word' id='word_1_65' title='bbox 696 784 955 835; x_wconf 83' lang='lat' dir='ltr'>ingerebat.</span> <span class='ocrx_word' id='word_1_66' title='bbox 995 784 1157 836; x_wconf 89' lang='lat' dir='ltr'>Neque</span> <span class='ocrx_word' id='word_1_67' title='bbox 1192 785 1238 825; x_wconf 94' lang='lat' dir='ltr'>id</span> <span class='ocrx_word' id='word_1_68' title='bbox 1271 786 1442 836; x_wconf 90' lang='lat' dir='ltr'>solum,</span> <span class='ocrx_word' id='word_1_69' title='bbox 1472 797 1638 826; x_wconf 89' lang='lat' dir='ltr'>verum</span> <span class='ocrx_word' id='word_1_70' title='bbox 1664 786 1807 826; x_wconf 91' lang='lat' dir='ltr'>etiam</span> <span class='ocrx_word' id='word_1_71' title='bbox 1827 799 1886 828; x_wconf 86' lang='lat' dir='ltr'>ex</span> 
     </span>
     <span class='ocr_line' id='line_1_10' title="bbox 247 855 1886 909; baseline 0.002 -15"><span class='ocrx_word' id='word_1_72' title='bbox 247 862 465 907; x_wconf 62' lang='lat' dir='ltr'>suscepto</span> <span class='ocrx_word' id='word_1_73' title='bbox 496 855 661 906; x_wconf 89' lang='lat' dir='ltr'>officio,</span> <span class='ocrx_word' id='word_1_74' title='bbox 693 856 898 907; x_wconf 81' lang='lat' dir='ltr'>clystera</span> <span class='ocrx_word' id='word_1_75' title='bbox 924 856 1241 907; x_wconf 79' lang='lat' dir='ltr'>purgationis,</span> <span class='ocrx_word' id='word_1_76' title='bbox 1276 861 1320 896; x_wconf 90' lang='lat' dir='ltr'>et</span> <span class='ocrx_word' id='word_1_77' title='bbox 1351 857 1501 896; x_wconf 90' lang='lat' dir='ltr'>omnis</span> <span class='ocrx_word' id='word_1_78' title='bbox 1536 857 1722 906; x_wconf 86' lang='lat' dir='ltr'>generis</span> <span class='ocrx_word' id='word_1_79' title='bbox 1748 857 1886 909; x_wconf 88' lang='lat' dir='ltr'>phar—</span> 
     </span>
     <span class='ocr_line' id='line_1_11' title="bbox 246 926 1886 980; baseline 0.001 -12"><span class='ocrx_word' id='word_1_80' title='bbox 246 939 382 968; x_wconf 90' lang='lat' dir='ltr'>maca</span> <span class='ocrx_word' id='word_1_81' title='bbox 416 938 557 967; x_wconf 87' lang='lat' dir='ltr'>manu</span> <span class='ocrx_word' id='word_1_82' title='bbox 591 926 784 979; x_wconf 89' lang='lat' dir='ltr'>propria</span> <span class='ocrx_word' id='word_1_83' title='bbox 820 927 1112 978; x_wconf 76' lang='lat' dir='ltr'>applicabat3</span> <span class='ocrx_word' id='word_1_84' title='bbox 1148 927 1345 978; x_wconf 89' lang='lat' dir='ltr'>singulis</span> <span class='ocrx_word' id='word_1_85' title='bbox 1374 928 1603 977; x_wconf 90' lang='lat' dir='ltr'>noctibus,</span> <span class='ocrx_word' id='word_1_86' title='bbox 1635 935 1685 969; x_wconf 94' lang='lat' dir='ltr'>ut</span> <span class='ocrx_word' id='word_1_87' title='bbox 1716 940 1886 980; x_wconf 90' lang='lat' dir='ltr'>aegros</span> 
     </span>
     <span class='ocr_line' id='line_1_12' title="bbox 247 998 1885 1052; baseline 0.001 -13"><span class='ocrx_word' id='word_1_88' title='bbox 247 999 552 1050; x_wconf 76' lang='lat' dir='ltr'>refocillaret,</span> <span class='ocrx_word' id='word_1_89' title='bbox 583 1011 610 1039; x_wconf 93' lang='lat' dir='ltr'>a</span> <span class='ocrx_word' id='word_1_90' title='bbox 638 998 778 1038; x_wconf 86' lang='lat' dir='ltr'>cubili</span> <span class='ocrx_word' id='word_1_91' title='bbox 813 998 1062 1050; x_wconf 88' lang='lat' dir='ltr'>aliquoties</span> <span class='ocrx_word' id='word_1_92' title='bbox 1099 999 1344 1050; x_wconf 88' lang='lat' dir='ltr'>surgebat;</span> <span class='ocrx_word' id='word_1_93' title='bbox 1383 999 1585 1040; x_wconf 90' lang='lat' dir='ltr'>interdiu</span> <span class='ocrx_word' id='word_1_94' title='bbox 1620 1000 1745 1052; x_wconf 92' lang='lat' dir='ltr'>apud</span> <span class='ocrx_word' id='word_1_95' title='bbox 1778 999 1885 1040; x_wconf 87' lang='lat' dir='ltr'>Pro-</span> 
     </span>
     <span class='ocr_line' id='line_1_13' title="bbox 245 1069 1887 1123; baseline 0.001 -12"><span class='ocrx_word' id='word_1_96' title='bbox 245 1082 405 1122; x_wconf 87' lang='lat' dir='ltr'>regem</span> <span class='ocrx_word' id='word_1_97' title='bbox 432 1070 478 1110; x_wconf 90' lang='lat' dir='ltr'>id</span> <span class='ocrx_word' id='word_1_98' title='bbox 509 1070 702 1122; x_wconf 89' lang='lat' dir='ltr'>agebat,</span> <span class='ocrx_word' id='word_1_99' title='bbox 735 1075 786 1110; x_wconf 90' lang='lat' dir='ltr'>ut</span> <span class='ocrx_word' id='word_1_100' title='bbox 818 1081 1137 1121; x_wconf 88' lang='lat' dir='ltr'>nummorum,</span> <span class='ocrx_word' id='word_1_101' title='bbox 1171 1069 1574 1123; x_wconf 89' lang='lat' dir='ltr'>confecturarum,</span> <span class='ocrx_word' id='word_1_102' title='bbox 1611 1071 1887 1112; x_wconf 86' lang='lat' dir='ltr'>victualium</span> 
     </span>
     <span class='ocr_line' id='line_1_14' title="bbox 245 1141 1885 1194; baseline 0.001 -12"><span class='ocrx_word' id='word_1_103' title='bbox 245 1148 291 1182; x_wconf 85' lang='lat' dir='ltr'>et</span> <span class='ocrx_word' id='word_1_104' title='bbox 311 1154 468 1182; x_wconf 88' lang='lat' dir='ltr'>rerum</span> <span class='ocrx_word' id='word_1_105' title='bbox 487 1141 865 1182; x_wconf 89' lang='lat' dir='ltr'>necessariarum</span> <span class='ocrx_word' id='word_1_106' title='bbox 895 1141 1144 1193; x_wconf 86' lang='lat' dir='ltr'>commoda</span> <span class='ocrx_word' id='word_1_107' title='bbox 1174 1141 1307 1182; x_wconf 84' lang='lat' dir='ltr'>fieret</span> <span class='ocrx_word' id='word_1_108' title='bbox 1337 1142 1562 1194; x_wconf 85' lang='lat' dir='ltr'>provisio.</span> <span class='ocrx_word' id='word_1_109' title='bbox 1591 1143 1641 1183; x_wconf 92' lang='lat' dir='ltr'>In</span> <span class='ocrx_word' id='word_1_110' title='bbox 1671 1143 1761 1184; x_wconf 93' lang='lat' dir='ltr'>isto</span> <span class='ocrx_word' id='word_1_111' title='bbox 1782 1155 1885 1183; x_wconf 89' lang='lat' dir='ltr'>san-</span> 
     </span>
     <span class='ocr_line' id='line_1_15' title="bbox 244 1213 1880 1265; baseline 0.001 -12"><span class='ocrx_word' id='word_1_112' title='bbox 244 1220 319 1253; x_wconf 82' lang='lat' dir='ltr'>cto</span> <span class='ocrx_word' id='word_1_113' title='bbox 348 1213 608 1254; x_wconf 87' lang='lat' dir='ltr'>ministerio</span> <span class='ocrx_word' id='word_1_114' title='bbox 636 1218 770 1253; x_wconf 93' lang='lat' dir='ltr'>tanta</span> <span class='ocrx_word' id='word_1_115' title='bbox 798 1224 904 1253; x_wconf 87' lang='lat' dir='ltr'>cum</span> <span class='ocrx_word' id='word_1_116' title='bbox 931 1213 1181 1264; x_wconf 89' lang='lat' dir='ltr'>vigilantia</span> <span class='ocrx_word' id='word_1_117' title='bbox 1203 1225 1306 1254; x_wconf 90' lang='lat' dir='ltr'>sese</span> <span class='ocrx_word' id='word_1_118' title='bbox 1327 1214 1537 1254; x_wconf 87' lang='lat' dir='ltr'>exercuit</span> <span class='ocrx_word' id='word_1_119' title='bbox 1566 1225 1681 1265; x_wconf 92' lang='lat' dir='ltr'>erga</span> <span class='ocrx_word' id='word_1_120' title='bbox 1705 1226 1880 1263; x_wconf 91' lang='lat' dir='ltr'>omnes,</span> 
     </span>
     <span class='ocr_line' id='line_1_16' title="bbox 241 1284 1885 1338; baseline 0.001 -14"><span class='ocrx_word' id='word_1_121' title='bbox 241 1291 425 1325; x_wconf 87' lang='lat' dir='ltr'>tantum</span> <span class='ocrx_word' id='word_1_122' title='bbox 447 1285 693 1325; x_wconf 89' lang='lat' dir='ltr'>charitatis</span> <span class='ocrx_word' id='word_1_123' title='bbox 714 1284 933 1325; x_wconf 88' lang='lat' dir='ltr'>affectum</span> <span class='ocrx_word' id='word_1_124' title='bbox 954 1284 1179 1337; x_wconf 76' lang='lat' dir='ltr'>exhibuit,</span> <span class='ocrx_word' id='word_1_125' title='bbox 1202 1291 1253 1326; x_wconf 90' lang='lat' dir='ltr'>ut</span> <span class='ocrx_word' id='word_1_126' title='bbox 1274 1297 1438 1326; x_wconf 89' lang='lat' dir='ltr'>omnes</span> <span class='ocrx_word' id='word_1_127' title='bbox 1471 1292 1699 1338; x_wconf 89' lang='lat' dir='ltr'>quotquot</span> <span class='ocrx_word' id='word_1_128' title='bbox 1720 1286 1780 1327; x_wconf 92' lang='lat' dir='ltr'>ad</span> <span class='ocrx_word' id='word_1_129' title='bbox 1799 1298 1885 1326; x_wconf 88' lang='lat' dir='ltr'>nos</span> 
     </span>
     <span class='ocr_line' id='line_1_17' title="bbox 245 1355 1883 1409; baseline 0.001 -13"><span class='ocrx_word' id='word_1_130' title='bbox 245 1356 437 1397; x_wconf 83' lang='lat' dir='ltr'>veniunt</span> <span class='ocrx_word' id='word_1_131' title='bbox 470 1356 641 1396; x_wconf 89' lang='lat' dir='ltr'>milites</span> <span class='ocrx_word' id='word_1_132' title='bbox 667 1356 751 1396; x_wconf 85' lang='lat' dir='ltr'>vix</span> <span class='ocrx_word' id='word_1_133' title='bbox 778 1355 903 1396; x_wconf 90' lang='lat' dir='ltr'>aliud</span> <span class='ocrx_word' id='word_1_134' title='bbox 935 1368 962 1396; x_wconf 90' lang='lat' dir='ltr'>a</span> <span class='ocrx_word' id='word_1_135' title='bbox 996 1355 1212 1397; x_wconf 88' lang='lat' dir='ltr'>laudibus</span> <span class='ocrx_word' id='word_1_136' title='bbox 1241 1357 1521 1409; x_wconf 89' lang='lat' dir='ltr'>pientissimi</span> <span class='ocrx_word' id='word_1_137' title='bbox 1548 1357 1701 1398; x_wconf 90' lang='lat' dir='ltr'>Patris</span> <span class='ocrx_word' id='word_1_138' title='bbox 1727 1369 1883 1409; x_wconf 91' lang='lat' dir='ltr'>perso-</span> 
     </span>
     <span class='ocr_line' id='line_1_18' title="bbox 238 1427 1883 1480; baseline 0.001 -12"><span class='ocrx_word' id='word_1_139' title='bbox 238 1434 376 1478; x_wconf 85' lang='lat' dir='ltr'>nent,</span> <span class='ocrx_word' id='word_1_140' title='bbox 400 1439 539 1480; x_wconf 91' lang='lat' dir='ltr'>quem</span> <span class='ocrx_word' id='word_1_141' title='bbox 561 1433 606 1467; x_wconf 92' lang='lat' dir='ltr'>et</span> <span class='ocrx_word' id='word_1_142' title='bbox 627 1427 685 1467; x_wconf 93' lang='lat' dir='ltr'>ob</span> <span class='ocrx_word' id='word_1_143' title='bbox 708 1427 942 1478; x_wconf 86' lang='lat' dir='ltr'>insignem</span> <span class='ocrx_word' id='word_1_144' title='bbox 974 1427 1102 1468; x_wconf 92' lang='lat' dir='ltr'>illam</span> <span class='ocrx_word' id='word_1_145' title='bbox 1132 1428 1345 1468; x_wconf 89' lang='lat' dir='ltr'>omnibus</span> <span class='ocrx_word' id='word_1_146' title='bbox 1366 1428 1655 1469; x_wconf 85' lang='lat' dir='ltr'>declaratam</span> <span class='ocrx_word' id='word_1_147' title='bbox 1674 1429 1883 1480; x_wconf 91' lang='lat' dir='ltr'>benigni-</span> 
     </span>
     <span class='ocr_line' id='line_1_19' title="bbox 241 1499 1881 1551; baseline 0.001 -12"><span class='ocrx_word' id='word_1_148' title='bbox 241 1505 401 1549; x_wconf 87' lang='lat' dir='ltr'>tatem,</span> <span class='ocrx_word' id='word_1_149' title='bbox 447 1499 713 1539; x_wconf 92' lang='lat' dir='ltr'>sanctitatis</span> <span class='ocrx_word' id='word_1_150' title='bbox 748 1499 980 1539; x_wconf 90' lang='lat' dir='ltr'>vocabulo</span> <span class='ocrx_word' id='word_1_151' title='bbox 1016 1505 1337 1551; x_wconf 89' lang='lat' dir='ltr'>remunerant,</span> <span class='ocrx_word' id='word_1_152' title='bbox 1370 1499 1579 1540; x_wconf 89' lang='lat' dir='ltr'>dicentes</span> <span class='ocrx_word' id='word_1_153' title='bbox 1613 1499 1881 1540; x_wconf 90' lang='lat' dir='ltr'>identidem:</span> 
     </span>
     <span class='ocr_line' id='line_1_20' title="bbox 241 1569 1883 1622; baseline 0 -11"><span class='ocrx_word' id='word_1_154' title='bbox 241 1570 443 1612; x_wconf 83' lang='lat' dir='ltr'>Sanctus</span> <span class='ocrx_word' id='word_1_155' title='bbox 478 1576 549 1611; x_wconf 90' lang='lat' dir='ltr'>est</span> <span class='ocrx_word' id='word_1_156' title='bbox 582 1569 723 1611; x_wconf 88' lang='lat' dir='ltr'>Pater</span> <span class='ocrx_word' id='word_1_157' title='bbox 758 1570 965 1622; x_wconf 85' lang='lat' dir='ltr'>Laynez.</span> <span class='ocrx_word' id='word_1_158' title='bbox 1003 1570 1253 1611; x_wconf 88' lang='lat' dir='ltr'>Affirmant</span> <span class='ocrx_word' id='word_1_159' title='bbox 1287 1582 1450 1622; x_wconf 86' lang='lat' dir='ltr'>parem</span> <span class='ocrx_word' id='word_1_160' title='bbox 1483 1583 1533 1611; x_wconf 92' lang='lat' dir='ltr'>se</span> <span class='ocrx_word' id='word_1_161' title='bbox 1566 1570 1741 1612; x_wconf 89' lang='lat' dir='ltr'>vidisse</span> <span class='ocrx_word' id='word_1_162' title='bbox 1770 1583 1883 1611; x_wconf 92' lang='lat' dir='ltr'>nun-</span> 
     </span>
     <span class='ocr_line' id='line_1_21' title="bbox 241 1642 1885 1694; baseline 0 -12"><span class='ocrx_word' id='word_1_163' title='bbox 241 1654 403 1694; x_wconf 86' lang='lat' dir='ltr'>quam,</span> <span class='ocrx_word' id='word_1_164' title='bbox 430 1642 507 1694; x_wconf 90' lang='lat' dir='ltr'>qui</span> <span class='ocrx_word' id='word_1_165' title='bbox 528 1647 660 1682; x_wconf 92' lang='lat' dir='ltr'>tanta</span> <span class='ocrx_word' id='word_1_166' title='bbox 682 1642 948 1691; x_wconf 88' lang='lat' dir='ltr'>alacritate,</span> <span class='ocrx_word' id='word_1_167' title='bbox 973 1642 1052 1694; x_wconf 91' lang='lat' dir='ltr'>qui</span> <span class='ocrx_word' id='word_1_168' title='bbox 1072 1653 1121 1682; x_wconf 91' lang='lat' dir='ltr'>se</span> <span class='ocrx_word' id='word_1_169' title='bbox 1143 1642 1208 1682; x_wconf 90' lang='lat' dir='ltr'>ita</span> <span class='ocrx_word' id='word_1_170' title='bbox 1229 1647 1378 1682; x_wconf 90' lang='lat' dir='ltr'>totum</span> <span class='ocrx_word' id='word_1_171' title='bbox 1398 1642 1760 1683; x_wconf 90' lang='lat' dir='ltr'>necessitatibus</span> <span class='ocrx_word' id='word_1_172' title='bbox 1780 1654 1885 1694; x_wconf 89' lang='lat' dir='ltr'>pro-</span> 
     </span>
     <span class='ocr_line' id='line_1_22' title="bbox 241 1712 1884 1765; baseline 0 -11"><span class='ocrx_word' id='word_1_173' title='bbox 241 1714 478 1754; x_wconf 82' lang='lat' dir='ltr'>ximorum</span> <span class='ocrx_word' id='word_1_174' title='bbox 507 1713 811 1765; x_wconf 88' lang='lat' dir='ltr'>impenderet.</span> <span class='ocrx_word' id='word_1_175' title='bbox 835 1712 1062 1765; x_wconf 82' lang='lat' dir='ltr'>DeJ&#39;erant</span> <span class='ocrx_word' id='word_1_176' title='bbox 1097 1714 1127 1753; x_wconf 92' lang='lat' dir='ltr'>ii</span> <span class='ocrx_word' id='word_1_177' title='bbox 1160 1725 1344 1765; x_wconf 91' lang='lat' dir='ltr'>quoque</span> <span class='ocrx_word' id='word_1_178' title='bbox 1374 1725 1469 1754; x_wconf 91' lang='lat' dir='ltr'>non</span> <span class='ocrx_word' id='word_1_179' title='bbox 1495 1714 1594 1754; x_wconf 84' lang='lat' dir='ltr'>sine</span> <span class='ocrx_word' id='word_1_180' title='bbox 1624 1714 1784 1755; x_wconf 90' lang='lat' dir='ltr'>divino</span> <span class='ocrx_word' id='word_1_181' title='bbox 1805 1714 1884 1754; x_wconf 91' lang='lat' dir='ltr'>mi-</span> 
     </span>
     <span class='ocr_line' id='line_1_23' title="bbox 241 1785 1885 1837; baseline 0.001 -12"><span class='ocrx_word' id='word_1_182' title='bbox 241 1786 401 1826; x_wconf 82' lang='lat' dir='ltr'>raculo</span> <span class='ocrx_word' id='word_1_183' title='bbox 428 1785 713 1837; x_wconf 89' lang='lat' dir='ltr'>specialique</span> <span class='ocrx_word' id='word_1_184' title='bbox 734 1785 984 1836; x_wconf 87' lang='lat' dir='ltr'>privilegio</span> <span class='ocrx_word' id='word_1_185' title='bbox 1007 1797 1109 1826; x_wconf 89' lang='lat' dir='ltr'>esse</span> <span class='ocrx_word' id='word_1_186' title='bbox 1131 1791 1395 1837; x_wconf 90' lang='lat' dir='ltr'>protectum</span> <span class='ocrx_word' id='word_1_187' title='bbox 1416 1792 1487 1837; x_wconf 94' lang='lat' dir='ltr'>ut,</span> <span class='ocrx_word' id='word_1_188' title='bbox 1521 1786 1699 1826; x_wconf 91' lang='lat' dir='ltr'>tamdiu</span> <span class='ocrx_word' id='word_1_189' title='bbox 1729 1798 1885 1826; x_wconf 90' lang='lat' dir='ltr'>versa-</span> 
     </span>
     <span class='ocr_line' id='line_1_24' title="bbox 241 1857 1885 1908; baseline 0.001 -11"><span class='ocrx_word' id='word_1_190' title='bbox 241 1863 315 1897; x_wconf 88' lang='lat' dir='ltr'>tus</span> <span class='ocrx_word' id='word_1_191' title='bbox 343 1857 464 1897; x_wconf 87' lang='lat' dir='ltr'>inter</span> <span class='ocrx_word' id='word_1_192' title='bbox 494 1863 562 1897; x_wconf 92' lang='lat' dir='ltr'>tot</span> <span class='ocrx_word' id='word_1_193' title='bbox 592 1857 824 1908; x_wconf 90' lang='lat' dir='ltr'>pericula,</span> <span class='ocrx_word' id='word_1_194' title='bbox 864 1858 991 1897; x_wconf 88' lang='lat' dir='ltr'>solus</span> <span class='ocrx_word' id='word_1_195' title='bbox 1023 1858 1390 1898; x_wconf 85' lang='lat' dir='ltr'>ministrantium</span> <span class='ocrx_word' id='word_1_196' title='bbox 1411 1858 1458 1898; x_wconf 89' lang='lat' dir='ltr'>in</span> <span class='ocrx_word' id='word_1_197' title='bbox 1479 1870 1534 1898; x_wconf 89' lang='lat' dir='ltr'>eo</span> <span class='ocrx_word' id='word_1_198' title='bbox 1554 1858 1658 1898; x_wconf 90' lang='lat' dir='ltr'>loco</span> <span class='ocrx_word' id='word_1_199' title='bbox 1680 1858 1885 1898; x_wconf 92' lang='lat' dir='ltr'>intactus</span> 
     </span>
     <span class='ocr_line' id='line_1_25' title="bbox 240 1922 1885 1981; baseline 0 -12"><span class='ocrx_word' id='word_1_200' title='bbox 240 1922 466 1979; x_wconf 83' lang='lat' dir='ltr'>evaserit,</span> <span class='ocrx_word' id='word_1_201' title='bbox 506 1926 639 1979; x_wconf 91' lang='lat' dir='ltr'>cujus</span> <span class='ocrx_word' id='word_1_202' title='bbox 666 1928 734 1968; x_wconf 90' lang='lat' dir='ltr'>rei</span> <span class='ocrx_word' id='word_1_203' title='bbox 761 1927 899 1968; x_wconf 90' lang='lat' dir='ltr'>fidem</span> <span class='ocrx_word' id='word_1_204' title='bbox 934 1928 1046 1969; x_wconf 90' lang='lat' dir='ltr'>facit</span> <span class='ocrx_word' id='word_1_205' title='bbox 1085 1929 1214 1969; x_wconf 86' lang='lat' dir='ltr'>clara</span> <span class='ocrx_word' id='word_1_206' title='bbox 1242 1929 1554 1981; x_wconf 76' lang='lat' dir='ltr'>experientia,</span> <span class='ocrx_word' id='word_1_207' title='bbox 1585 1941 1727 1980; x_wconf 93' lang='lat' dir='ltr'>quum</span> <span class='ocrx_word' id='word_1_208' title='bbox 1761 1930 1885 1970; x_wconf 90' lang='lat' dir='ltr'>enim</span> 
     </span>
     <span class='ocr_line' id='line_1_26' title="bbox 241 2000 1884 2053; baseline 0.001 -13"><span class='ocrx_word' id='word_1_209' title='bbox 241 2012 423 2050; x_wconf 75' lang='lat' dir='ltr'>omneS,</span> <span class='ocrx_word' id='word_1_210' title='bbox 448 2000 527 2052; x_wconf 91' lang='lat' dir='ltr'>qui</span> <span class='ocrx_word' id='word_1_211' title='bbox 549 2000 689 2040; x_wconf 91' lang='lat' dir='ltr'>simul</span> <span class='ocrx_word' id='word_1_212' title='bbox 711 2000 1040 2040; x_wconf 87' lang='lat' dir='ltr'>ministrabant</span> <span class='ocrx_word' id='word_1_213' title='bbox 1059 2032 1066 2051; x_wconf 94' lang='lat'>,</span> <span class='ocrx_word' id='word_1_214' title='bbox 1091 2006 1283 2052; x_wconf 86' lang='lat' dir='ltr'>propter</span> <span class='ocrx_word' id='word_1_215' title='bbox 1312 2001 1480 2041; x_wconf 91' lang='lat' dir='ltr'>nimios</span> <span class='ocrx_word' id='word_1_216' title='bbox 1509 2001 1696 2041; x_wconf 89' lang='lat' dir='ltr'>labores</span> <span class='ocrx_word' id='word_1_217' title='bbox 1717 2007 1761 2041; x_wconf 91' lang='lat' dir='ltr'>et</span> <span class='ocrx_word' id='word_1_218' title='bbox 1781 2013 1884 2053; x_wconf 88' lang='lat' dir='ltr'>pro-</span> 
     </span>
     <span class='ocr_line' id='line_1_27' title="bbox 242 2071 1885 2123; baseline 0.001 -12"><span class='ocrx_word' id='word_1_219' title='bbox 242 2077 343 2123; x_wconf 91' lang='lat' dir='ltr'>pter</span> <span class='ocrx_word' id='word_1_220' title='bbox 373 2071 705 2122; x_wconf 89' lang='lat' dir='ltr'>contagiosam</span> <span class='ocrx_word' id='word_1_221' title='bbox 734 2072 1110 2122; x_wconf 87' lang='lat' dir='ltr'>graveolentiam</span> <span class='ocrx_word' id='word_1_222' title='bbox 1137 2072 1228 2112; x_wconf 89' lang='lat' dir='ltr'>loci</span> <span class='ocrx_word' id='word_1_223' title='bbox 1254 2078 1351 2112; x_wconf 91' lang='lat' dir='ltr'>tam</span> <span class='ocrx_word' id='word_1_224' title='bbox 1379 2072 1559 2123; x_wconf 85' lang='lat' dir='ltr'>foetidi,</span> <span class='ocrx_word' id='word_1_225' title='bbox 1584 2078 1783 2113; x_wconf 90' lang='lat' dir='ltr'>mortem</span> <span class='ocrx_word' id='word_1_226' title='bbox 1806 2078 1885 2112; x_wconf 93' lang='lat' dir='ltr'>aut</span> 
     </span>
     <span class='ocr_line' id='line_1_28' title="bbox 242 2143 1885 2196; baseline 0.001 -13"><span class='ocrx_word' id='word_1_227' title='bbox 242 2143 561 2183; x_wconf 87' lang='lat' dir='ltr'>infirmitatem</span> <span class='ocrx_word' id='word_1_228' title='bbox 595 2143 762 2183; x_wconf 89' lang='lat' dir='ltr'>saltem</span> <span class='ocrx_word' id='word_1_229' title='bbox 796 2143 1003 2194; x_wconf 88' lang='lat' dir='ltr'>effugere</span> <span class='ocrx_word' id='word_1_230' title='bbox 1042 2155 1137 2184; x_wconf 94' lang='lat' dir='ltr'>non</span> <span class='ocrx_word' id='word_1_231' title='bbox 1175 2150 1449 2195; x_wconf 88' lang='lat' dir='ltr'>potuerunt,</span> <span class='ocrx_word' id='word_1_232' title='bbox 1491 2144 1612 2184; x_wconf 87' lang='lat' dir='ltr'>inter</span> <span class='ocrx_word' id='word_1_233' title='bbox 1642 2155 1759 2196; x_wconf 88' lang='lat' dir='ltr'>quos</span> <span class='ocrx_word' id='word_1_234' title='bbox 1794 2143 1885 2184; x_wconf 92' lang='lat' dir='ltr'>duo</span> 
     </span>
     <span class='ocr_line' id='line_1_29' title="bbox 241 2213 1887 2267; baseline 0.001 -14"><span class='ocrx_word' id='word_1_235' title='bbox 241 2213 406 2254; x_wconf 78' lang='lat' dir='ltr'>Patres</span> <span class='ocrx_word' id='word_1_236' title='bbox 428 2213 711 2266; x_wconf 87' lang='lat' dir='ltr'>Capuchini,</span> <span class='ocrx_word' id='word_1_237' title='bbox 747 2215 844 2254; x_wconf 92' lang='lat' dir='ltr'>suis</span> <span class='ocrx_word' id='word_1_238' title='bbox 874 2214 1100 2255; x_wconf 86' lang='lat' dir='ltr'>fratribus</span> <span class='ocrx_word' id='word_1_239' title='bbox 1129 2215 1301 2255; x_wconf 90' lang='lat' dir='ltr'>ibidem</span> <span class='ocrx_word' id='word_1_240' title='bbox 1329 2216 1548 2266; x_wconf 89' lang='lat' dir='ltr'>mortuis,</span> <span class='ocrx_word' id='word_1_241' title='bbox 1579 2216 1671 2256; x_wconf 92' lang='lat' dir='ltr'>huc</span> <span class='ocrx_word' id='word_1_242' title='bbox 1695 2221 1887 2267; x_wconf 91' lang='lat' dir='ltr'>propter</span> 
     </span>
     <span class='ocr_line' id='line_1_30' title="bbox 243 2285 1886 2338; baseline 0.001 -13"><span class='ocrx_word' id='word_1_243' title='bbox 243 2285 562 2325; x_wconf 85' lang='lat' dir='ltr'>infirmitatem</span> <span class='ocrx_word' id='word_1_244' title='bbox 581 2285 736 2325; x_wconf 91' lang='lat' dir='ltr'>redire</span> <span class='ocrx_word' id='word_1_245' title='bbox 757 2285 987 2337; x_wconf 89' lang='lat' dir='ltr'>compulsi</span> <span class='ocrx_word' id='word_1_246' title='bbox 1015 2291 1122 2326; x_wconf 89' lang='lat' dir='ltr'>sunt</span> <span class='ocrx_word' id='word_1_247' title='bbox 1140 2318 1148 2337; x_wconf 89' lang='lat'>‚</span> <span class='ocrx_word' id='word_1_248' title='bbox 1171 2286 1311 2327; x_wconf 87' lang='lat' dir='ltr'>Pater</span> <span class='ocrx_word' id='word_1_249' title='bbox 1331 2286 1536 2338; x_wconf 81' lang='lat' dir='ltr'>Laynez,</span> <span class='ocrx_word' id='word_1_250' title='bbox 1560 2292 1628 2326; x_wconf 92' lang='lat' dir='ltr'>tot</span> <span class='ocrx_word' id='word_1_251' title='bbox 1647 2287 1886 2327; x_wconf 88' lang='lat' dir='ltr'>laboribus</span> 
     </span>
     <span class='ocr_line' id='line_1_31' title="bbox 245 2357 1885 2409; baseline 0.002 -14"><span class='ocrx_word' id='word_1_252' title='bbox 245 2367 457 2407; x_wconf 86' lang='lat' dir='ltr'>pressus,</span> <span class='ocrx_word' id='word_1_253' title='bbox 482 2357 750 2408; x_wconf 87' lang='lat' dir='ltr'>eisdemque</span> <span class='ocrx_word' id='word_1_254' title='bbox 785 2357 1007 2408; x_wconf 91' lang='lat' dir='ltr'>periculis</span> <span class='ocrx_word' id='word_1_255' title='bbox 1043 2357 1274 2409; x_wconf 90' lang='lat' dir='ltr'>abjectus,</span> <span class='ocrx_word' id='word_1_256' title='bbox 1305 2369 1399 2398; x_wconf 92' lang='lat' dir='ltr'>non</span> <span class='ocrx_word' id='word_1_257' title='bbox 1426 2357 1565 2398; x_wconf 90' lang='lat' dir='ltr'>modo</span> <span class='ocrx_word' id='word_1_258' title='bbox 1593 2369 1687 2398; x_wconf 92' lang='lat' dir='ltr'>non</span> <span class='ocrx_word' id='word_1_259' title='bbox 1716 2363 1786 2398; x_wconf 88' lang='lat' dir='ltr'>est</span> <span class='ocrx_word' id='word_1_260' title='bbox 1806 2369 1885 2398; x_wconf 92' lang='lat' dir='ltr'>un-</span> 
     </span>
     <span class='ocr_line' id='line_1_32' title="bbox 244 2427 1885 2481; baseline 0.001 -14"><span class='ocrx_word' id='word_1_261' title='bbox 244 2439 386 2479; x_wconf 90' lang='lat' dir='ltr'>quam</span> <span class='ocrx_word' id='word_1_262' title='bbox 407 2427 668 2468; x_wconf 88' lang='lat' dir='ltr'>infirmatus</span> <span class='ocrx_word' id='word_1_263' title='bbox 688 2428 910 2479; x_wconf 80' lang='lat' dir='ltr'>gravius,</span> <span class='ocrx_word' id='word_1_264' title='bbox 933 2440 1102 2469; x_wconf 91' lang='lat' dir='ltr'>verum</span> <span class='ocrx_word' id='word_1_265' title='bbox 1123 2429 1264 2469; x_wconf 93' lang='lat' dir='ltr'>etiam</span> <span class='ocrx_word' id='word_1_266' title='bbox 1286 2428 1453 2481; x_wconf 89' lang='lat' dir='ltr'>majori</span> <span class='ocrx_word' id='word_1_267' title='bbox 1473 2428 1697 2469; x_wconf 90' lang='lat' dir='ltr'>beneficio</span> <span class='ocrx_word' id='word_1_268' title='bbox 1715 2429 1885 2469; x_wconf 92' lang='lat' dir='ltr'>sanita-</span> 
     </span>
     <span class='ocr_line' id='line_1_33' title="bbox 244 2498 1885 2552; baseline 0.001 -14"><span class='ocrx_word' id='word_1_269' title='bbox 244 2498 304 2539; x_wconf 89' lang='lat' dir='ltr'>tis</span> <span class='ocrx_word' id='word_1_270' title='bbox 324 2509 438 2539; x_wconf 91' lang='lat' dir='ltr'>usus</span> <span class='ocrx_word' id='word_1_271' title='bbox 460 2510 605 2550; x_wconf 91' lang='lat' dir='ltr'>quam</span> <span class='ocrx_word' id='word_1_272' title='bbox 625 2504 786 2551; x_wconf 90' lang='lat' dir='ltr'>antea,</span> <span class='ocrx_word' id='word_1_273' title='bbox 812 2499 922 2539; x_wconf 92' lang='lat' dir='ltr'>dum</span> <span class='ocrx_word' id='word_1_274' title='bbox 943 2500 1067 2551; x_wconf 88' lang='lat' dir='ltr'>apud</span> <span class='ocrx_word' id='word_1_275' title='bbox 1088 2511 1175 2540; x_wconf 91' lang='lat' dir='ltr'>nos</span> <span class='ocrx_word' id='word_1_276' title='bbox 1188 2500 1264 2540; x_wconf 89' lang='lat' dir='ltr'>hic</span> <span class='ocrx_word' id='word_1_277' title='bbox 1281 2507 1458 2552; x_wconf 88' lang='lat' dir='ltr'>ageret.</span> <span class='ocrx_word' id='word_1_278' title='bbox 1478 2500 1672 2541; x_wconf 87' lang='lat' dir='ltr'>Praeter</span> <span class='ocrx_word' id='word_1_279' title='bbox 1693 2498 1885 2550; x_wconf 89' lang='lat' dir='ltr'>hujusce</span> 
     </span>
     <span class='ocr_line' id='line_1_34' title="bbox 246 2570 1884 2623; baseline 0.001 -14"><span class='ocrx_word' id='word_1_280' title='bbox 246 2570 355 2609; x_wconf 90' lang='lat' dir='ltr'>mali</span> <span class='ocrx_word' id='word_1_281' title='bbox 384 2570 702 2611; x_wconf 88' lang='lat' dir='ltr'>intolerabiles</span> <span class='ocrx_word' id='word_1_282' title='bbox 734 2571 995 2622; x_wconf 82' lang='lat' dir='ltr'>molestiaS,</span> <span class='ocrx_word' id='word_1_283' title='bbox 1030 2583 1146 2623; x_wconf 92' lang='lat' dir='ltr'>quas</span> <span class='ocrx_word' id='word_1_284' title='bbox 1181 2572 1280 2611; x_wconf 92' lang='lat' dir='ltr'>sine</span> <span class='ocrx_word' id='word_1_285' title='bbox 1309 2572 1404 2612; x_wconf 92' lang='lat' dir='ltr'>ulla</span> <span class='ocrx_word' id='word_1_286' title='bbox 1439 2572 1715 2612; x_wconf 87' lang='lat' dir='ltr'>remissione</span> <span class='ocrx_word' id='word_1_287' title='bbox 1750 2571 1884 2611; x_wconf 89' lang='lat' dir='ltr'>susti-</span> 
     </span>
     <span class='ocr_line' id='line_1_35' title="bbox 245 2641 1887 2694; baseline 0.002 -14"><span class='ocrx_word' id='word_1_288' title='bbox 245 2641 406 2684; x_wconf 82' lang='lat' dir='ltr'>nebat.</span> <span class='ocrx_word' id='word_1_289' title='bbox 433 2641 574 2681; x_wconf 91' lang='lat' dir='ltr'>dabat</span> <span class='ocrx_word' id='word_1_290' title='bbox 596 2653 782 2682; x_wconf 92' lang='lat' dir='ltr'>omnem</span> <span class='ocrx_word' id='word_1_291' title='bbox 804 2653 996 2694; x_wconf 87' lang='lat' dir='ltr'>operam</span> <span class='ocrx_word' id='word_1_292' title='bbox 1016 2648 1066 2683; x_wconf 92' lang='lat' dir='ltr'>ut</span> <span class='ocrx_word' id='word_1_293' title='bbox 1087 2643 1340 2683; x_wconf 87' lang='lat' dir='ltr'>morientes</span> <span class='ocrx_word' id='word_1_294' title='bbox 1357 2644 1559 2694; x_wconf 76' lang='lat' dir='ltr'>animaS,</span> <span class='ocrx_word' id='word_1_295' title='bbox 1584 2655 1612 2683; x_wconf 95' lang='lat' dir='ltr'>a</span> <span class='ocrx_word' id='word_1_296' title='bbox 1631 2643 1759 2683; x_wconf 88' lang='lat' dir='ltr'>vitiis</span> <span class='ocrx_word' id='word_1_297' title='bbox 1780 2654 1887 2694; x_wconf 86' lang='lat' dir='ltr'>poe·-</span> 
     </span>
     <span class='ocr_line' id='line_1_36' title="bbox 244 2712 1885 2766; baseline 0.002 -15"><span class='ocrx_word' id='word_1_298' title='bbox 244 2712 443 2752; x_wconf 90' lang='lat' dir='ltr'>nitentia</span> <span class='ocrx_word' id='word_1_299' title='bbox 482 2718 525 2752; x_wconf 93' lang='lat' dir='ltr'>et</span> <span class='ocrx_word' id='word_1_300' title='bbox 566 2713 845 2754; x_wconf 87' lang='lat' dir='ltr'>contritione</span> <span class='ocrx_word' id='word_1_301' title='bbox 883 2720 1195 2766; x_wconf 86' lang='lat' dir='ltr'>expurgatas,</span> <span class='ocrx_word' id='word_1_302' title='bbox 1233 2714 1481 2755; x_wconf 87' lang='lat' dir='ltr'>redderent</span> <span class='ocrx_word' id='word_1_303' title='bbox 1515 2714 1632 2765; x_wconf 89' lang='lat' dir='ltr'>De0,</span> <span class='ocrx_word' id='word_1_304' title='bbox 1670 2726 1761 2766; x_wconf 92' lang='lat' dir='ltr'>quo</span> <span class='ocrx_word' id='word_1_305' title='bbox 1796 2714 1885 2755; x_wconf 90' lang='lat' dir='ltr'>fine</span> 
     </span>
     <span class='ocr_line' id='line_1_37' title="bbox 245 2783 1885 2837; baseline 0.001 -14"><span class='ocrx_word' id='word_1_306' title='bbox 245 2789 438 2824; x_wconf 88' lang='lat' dir='ltr'>sanctus</span> <span class='ocrx_word' id='word_1_307' title='bbox 458 2783 545 2824; x_wconf 91' lang='lat' dir='ltr'>iste</span> <span class='ocrx_word' id='word_1_308' title='bbox 566 2784 698 2824; x_wconf 92' lang='lat' dir='ltr'>labor</span> <span class='ocrx_word' id='word_1_309' title='bbox 719 2785 909 2825; x_wconf 90' lang='lat' dir='ltr'>minime</span> <span class='ocrx_word' id='word_1_310' title='bbox 930 2785 1183 2826; x_wconf 89' lang='lat' dir='ltr'>frustratus</span> <span class='ocrx_word' id='word_1_311' title='bbox 1215 2791 1305 2837; x_wconf 90' lang='lat' dir='ltr'>est,</span> <span class='ocrx_word' id='word_1_312' title='bbox 1330 2786 1531 2826; x_wconf 90' lang='lat' dir='ltr'>inductis</span> <span class='ocrx_word' id='word_1_313' title='bbox 1553 2786 1613 2826; x_wconf 90' lang='lat' dir='ltr'>ad</span> <span class='ocrx_word' id='word_1_314' title='bbox 1634 2785 1885 2827; x_wconf 89' lang='lat' dir='ltr'>confessio-</span> 
     </span>
     <span class='ocr_line' id='line_1_38' title="bbox 242 2855 1887 2909; baseline 0.002 -15"><span class='ocrx_word' id='word_1_315' title='bbox 242 2866 353 2895; x_wconf 89' lang='lat' dir='ltr'>nem</span> <span class='ocrx_word' id='word_1_316' title='bbox 375 2855 594 2907; x_wconf 89' lang='lat' dir='ltr'>diversis,</span> <span class='ocrx_word' id='word_1_317' title='bbox 615 2867 814 2907; x_wconf 89' lang='lat' dir='ltr'>quorum</span> <span class='ocrx_word' id='word_1_318' title='bbox 835 2857 910 2897; x_wconf 89' lang='lat' dir='ltr'>hic</span> <span class='ocrx_word' id='word_1_319' title='bbox 928 2863 1025 2897; x_wconf 93' lang='lat' dir='ltr'>toto</span> <span class='ocrx_word' id='word_1_320' title='bbox 1043 2857 1383 2909; x_wconf 90' lang='lat' dir='ltr'>quinquennio,</span> <span class='ocrx_word' id='word_1_321' title='bbox 1408 2858 1482 2897; x_wconf 92' lang='lat' dir='ltr'>ille</span> <span class='ocrx_word' id='word_1_322' title='bbox 1504 2857 1747 2908; x_wconf 90' lang='lat' dir='ltr'>decennio,</span> <span class='ocrx_word' id='word_1_323' title='bbox 1767 2857 1887 2898; x_wconf 89' lang='lat' dir='ltr'>alius</span> 
     </span>
    </p>
   </div>
   <div class='ocr_carea' id='block_1_3' title="bbox 302 3015 1280 3051">
    <p class='ocr_par' dir='ltr' id='par_1_3' title="bbox 302 3015 1280 3051">
     <span class='ocr_line' id='line_1_39' title="bbox 302 3015 1280 3051; baseline 0.002 -9"><span class='ocrx_word' id='word_1_324' title='bbox 302 3015 311 3034; x_wconf 86' lang='lat'>¹</span> <span class='ocrx_word' id='word_1_325' title='bbox 352 3015 438 3042; x_wconf 79' lang='lat' dir='ltr'>Vide</span> <span class='ocrx_word' id='word_1_326' title='bbox 457 3015 582 3043; x_wconf 75' lang='lat' dir='ltr'>Cartas</span> <span class='ocrx_word' id='word_1_327' title='bbox 597 3016 638 3042; x_wconf 80' lang='lat' dir='ltr'>de</span> <span class='ocrx_word' id='word_1_328' title='bbox 655 3016 726 3042; x_wconf 72' lang='lat' dir='ltr'>San</span> <span class='ocrx_word' id='word_1_329' title='bbox 743 3017 886 3049; x_wconf 69' lang='lat' dir='ltr'>Ignacio</span> <span class='ocrx_word' id='word_1_330' title='bbox 898 3040 904 3049; x_wconf 83' lang='lat'>,</span> <span class='ocrx_word' id='word_1_331' title='bbox 922 3022 944 3044; x_wconf 79' lang='lat' dir='ltr'>t.</span> <span class='ocrx_word' id='word_1_332' title='bbox 962 3024 993 3047; x_wconf 79' lang='grc' dir='ltr'>Π.</span> <span class='ocrx_word' id='word_1_333' title='bbox 1011 3025 1089 3051; x_wconf 78' lang='lat' dir='ltr'>pag.</span> <span class='ocrx_word' id='word_1_334' title='bbox 1106 3017 1280 3045; x_wconf 15' lang='grc'>2517161430.</span> 
     </span>
    </p>
   </div>
  </div>
 </body>
</html>
