2074 3179
237 137 308 173 :328
755 137 982 175 LITTERAE
1009 150 1367 182 QUADRMIESTRES

240 234 462 283 ignaviae
485 234 662 274 conscii
686 245 867 285 sumuS,
891 235 1016 274 nullo
1038 240 1195 275 tamen
1211 235 1363 287 justae
1386 249 1613 278 censurae
1635 245 1714 278 aut
1734 240 1876 290 pudo-

237 305 302 345 ris
322 310 447 345 metu
470 305 814 357 praescriptum
836 306 1070 346 scribendi
1089 317 1268 347 morem
1288 309 1729 361 praetermittemus,
1750 311 1875 362 quod

237 388 331 415 non
353 383 449 416 tam
471 376 590 417 foret
622 378 807 427 culpam
837 377 1062 417 leviorem
1092 377 1287 418 reddere
1318 391 1456 430 quam
1485 381 1642 421 multis
1663 382 1876 432 partibus

237 448 510 498 graviorem
540 460 594 488 ac
624 459 769 499 prope
804 448 1134 500 inexpiabilem
1170 451 1428 501 praestare.
1461 450 1562 491 Hoc
1593 458 1718 492 certe
1754 464 1876 492 com-

238 519 366 559 modi
389 532 446 558 ex
470 520 677 570 ipsarum
699 520 924 559 tenuitate
946 531 1102 560 rerum
1123 521 1385 572 legentibus
1403 522 1609 572 accedet,
1629 524 1752 574 quod
1773 535 1877 574 pro-

237 589 331 629 lixa
367 602 447 630 eos
481 590 752 630 narratione
786 602 880 630 non
915 591 1244 642 detinebimus,
1278 598 1327 632 ut
1362 593 1466 633 aliis
1506 594 1755 645 contingit,
1798 595 1878 646 qui

238 661 313 700 vel
333 661 467 712 plura
501 661 689 701 divinae
718 662 901 712 gratiae
931 662 1108 703 talenta
1140 663 1292 703 sortiti
1322 669 1449 713 sunt,
1480 664 1557 703 vel
1585 665 1631 704 in
1661 666 1874 717 multipli-

236 732 403 772 candis
434 733 626 783 paribus
654 739 732 773 aut
760 734 901 773 etiam
935 734 1235 785 paucioribus
1265 735 1471 786 acceptis
1505 734 1672 786 majori
1702 736 1872 786 studio,

234 803 415 853 labore,
441 804 682 854 diligentia
706 810 844 856 atque
875 804 1106 845 industria
1136 806 1393 846 elaborant.
1420 805 1599 846 Verum
1629 812 1673 846 et
1703 807 1741 846 si
1771 819 1875 858 gra-

235 874 326 914 tiae
349 886 434 914 nos
465 875 553 915 Dei
584 886 668 926 pro
697 876 870 926 ingrati
900 876 1043 916 animi
1070 877 1264 917 crimine
1293 878 1369 917 vel
1398 877 1687 929 negligentia
1714 885 1877 918 nostra

235 946 435 986 multum
465 946 667 987 defuisse
696 947 887 999 scimus,
916 948 1140 999 fatemur,
1172 949 1516 999 erubescimus,
1550 948 1875 1000 deprecamur:

237 1015 446 1067 ejusdem
468 1024 626 1058 tamen
646 1018 735 1059 Dei
756 1019 1094 1071 benignitatem
1122 1021 1304 1071 experti
1331 1032 1492 1061 sumus
1523 1032 1671 1071 neque
1699 1021 1877 1071 gloriae

236 1100 349 1129 suae
379 1101 529 1142 neque
563 1091 888 1142 proximorum
915 1092 1104 1132 utilitati
1132 1091 1334 1133 defuisse
1368 1104 1574 1144 unquam
1605 1098 1685 1132 aut
1716 1092 1878 1132 deesse

233 1172 393 1211 posse,
420 1162 667 1213 quominus
688 1169 935 1215 utramque
958 1176 1042 1215 per
1061 1164 1302 1204 ministros
1325 1164 1665 1216 quantumlibet
1695 1164 1879 1215 ineptos

233 1239 460 1284 perpetuo
492 1232 501 1252 ¹
531 1234 781 1285 adaugeat.
812 1234 880 1274 Ne
907 1234 1048 1286 igitur
1081 1236 1244 1287 culpae
1274 1243 1465 1276 nostrae
1495 1235 1802 1275 dissimulatio
1830 1236 1877 1275 in

234 1303 423 1345 divinae
443 1305 595 1345 laudis
617 1305 751 1346 cedat
781 1305 1119 1358 praejudicium
1147 1312 1227 1347 aut
1255 1307 1625 1358 derogationem,
1655 1307 1877 1358 quidquid

233 1376 292 1416 ad
314 1377 436 1417 hanc
459 1384 502 1418 et
524 1378 582 1418 ad
604 1378 730 1418 illam
752 1385 947 1430 spectat,
973 1379 1315 1430 dispiciendum
1332 1378 1773 1430 dijudicandumque
1789 1378 1879 1418 illis

233 1460 575 1500 proponemus,
616 1462 643 1490 a
678 1450 845 1502 quibus
879 1451 1015 1502 argui
1044 1456 1182 1503 atque
1210 1451 1449 1491 emendari
1480 1461 1744 1502 possumus,
1778 1462 1876 1502 pre-

236 1532 420 1571 camur,
445 1521 738 1562 confidimus.

316 1592 524 1633 Primum
555 1605 668 1633 sane
695 1594 830 1634 nobis
858 1578 1149 1645 compertum
1173 1599 1264 1643 est,
1298 1593 1386 1633 Dei
1412 1593 1637 1633 beneficio
1665 1604 1759 1633 non
1781 1594 1875 1633 vul-

236 1664 341 1715 gari
362 1665 635 1705 universum
656 1664 841 1716 collegii
856 1663 870 1683 ‘³
887 1663 1022 1715 hujus
1039 1676 1308 1705 successum
1330 1665 1376 1704 in
1398 1665 1497 1704 dies
1517 1664 1616 1704 fieri
1637 1664 1877 1704 meliorem

238 1743 282 1777 et
302 1737 580 1788 praesertim
601 1737 648 1776 in
669 1737 833 1788 paucis
861 1742 969 1776 ante
994 1736 1231 1777 mensibus
1251 1747 1427 1776 novam
1449 1735 1700 1788 quamdam
1721 1747 1878 1775 rerum

242 1809 451 1848 omnium
470 1807 671 1848 formam
698 1808 854 1859 priore
883 1808 1024 1859 longe
1050 1807 1366 1859 pulchriorem
1394 1807 1877 1859 praestantioremque

239 1880 503 1920 advenisse.
535 1879 675 1930 Nam,
709 1885 758 1919 ut
792 1880 1027 1919 internum
1062 1891 1118 1919 ac
1152 1879 1473 1929 domesticum,
1499 1890 1605 1918 cum
1626 1878 1673 1918 in
1708 1878 1878 1918 litteris

242 1960 338 1992 tum
361 1952 407 1991 in
428 1952 617 2003 pietatis
636 1951 949 2003 propriaeque
976 1949 1266 2002 frangendae
1286 1950 1587 2001 funditusque
1618 1949 1874 2001 exstirpan-

238 2023 324 2063 dae
338 2023 595 2063 voluntatis
608 2023 778 2073 studio,
794 2028 1127 2073 augescentem
1138 2021 1226 2062 Dei
1237 2021 1525 2072 benignitate
1537 2020 1798 2072 profectum
1811 2027 1875 2060 ta-

243 2106 447 2144 ceamus,
472 2106 531 2135 ex
552 2106 642 2146 quo
664 2094 812 2143 nobis,
834 2094 893 2134 ad
910 2093 1142 2145 aptandas
1158 2093 1359 2143 scholas,
1385 2105 1410 2132 a
1427 2092 1630 2132 Domino
1645 2091 1876 2132 ‘Antistitc

241 2173 403 2207 nostro
425 2166 439 2184 ³
459 2168 601 2219 ampli
632 2165 876 2217 cujusdam
897 2165 1156 2206 ambulacri
1185 2164 1311 2205 facta
1335 2171 1404 2205 est
1421 2164 1572 2215 copia,
1591 2170 1782 2216 repente
1799 2177 1874 2204 ex-

244 2239 392 2279 crevit
411 2238 746 2290 discipulorum
764 2248 987 2277 numerus
1007 2237 1309 2277 vehementer
1325 2235 1353 2284 ”’,
1374 2247 1510 2287 quem
1528 2247 1665 2276 nemo
1682 2247 1774 2275 non
1796 2235 1875 2274 mi-

238 2316 384 2360 ratur,
409 2322 463 2350 ac
481 2322 562 2362 spe
580 2315 717 2349 antea
740 2314 969 2360 concepta
986 2308 1130 2348 multo
1146 2307 1375 2359 majorem
1395 2307 1683 2347 attestabunt
1704 2307 1782 2358 qui
1803 2318 1872 2346 ra-

236 2383 411 2422 tionem
428 2381 519 2421 loci
535 2381 739 2421 habeant
758 2381 804 2420 in
826 2380 1051 2431 angulum
1068 2379 1315 2431 quemdam
1333 2378 1538 2419 civitatis
1560 2378 1744 2428 retrusi,
1768 2377 1875 2417 licet

237 2453 410 2505 alioqui
440 2459 537 2492 tum
565 2452 624 2492 ad
652 2453 775 2492 aeris
805 2451 1127 2491 salubritatem
1155 2462 1260 2490 cum
1287 2450 1347 2490 ad
1378 2449 1580 2502 quietem
1613 2449 1874 2489 studiorum

236 2537 381 2577 prope
403 2524 670 2575 singularis.
694 2523 816 2563 Inter
839 2523 1092 2574 discipulos
1113 2521 1290 2573 aliquot
1306 2520 1403 2572 jam
1430 2520 1663 2561 ventitant
1683 2520 1875 2571 patritio

294 2637 302 2656 ¹
344 2636 511 2664 continuo
526 2635 712 2669 scripserat
727 2634 868 2662 Cancer.

290 2685 303 2704 ‘-‘
341 2685 417 2712 loci.
435 2684 577 2711 Cancer⁴

289 2733 302 2752 5
342 2733 472 2760 Cancer
487 2733 630 2759 dixerat:
646 2739 665 2758 a
681 2731 832 2758 Domino
845 2734 902 2765 ρι’)
913 2738 1018 2764 qnam
1036 2730 1112 2756 R,110
1128 2731 1246 2756 nostro
1261 2729 1490 2761 flIecaenatm
1504 2728 1561 2755 sed
1584 2728 1636 2755 his
1657 2728 1779 2755 deletis
1794 2728 1874 2754 scri-

238 2781 303 2814 psit
320 2780 497 2807 Polancus:
515 2788 534 2807 a
550 2779 701 2807 Domino
717 2779 851 2806 Priore.
875 2778 1012 2805 Delcvit
1039 2782 1153 2805 tamen
1176 2777 1247 2811 ipse
1271 2783 1391 2804 vocem
1415 2775 1551 2807 Priore,
1575 2775 1670 2809 eique
1695 2775 1873 2802 substituit

238 2828 310 2855 has:
328 2828 498 2855 Antistz'te
515 2829 644 2861 nostro,
659 2834 786 2854 memor
802 2827 959 2854 fortassis
973 2826 1136 2859 joannem
1155 2825 1287 2853 Cancer
1302 2824 1333 2851 in
1350 2824 1401 2851 his
1417 2823 1497 2858 ipsis
1513 2823 1640 2850 litteris
1658 2823 1708 2850 ita
1722 2822 1870 2857 saepius,

238 2881 271 2902 ut
289 2875 377 2902 infra
392 2876 574 2907 videbitur,
592 2875 746 2902 Priorem
761 2874 951 2905 Trinitatis.
968 2873 1143 2900 Andream
1158 2872 1399 2907 Lipornanum,
1416 2871 1603 2905 appellare.

291 2924 304 2943 4
344 2922 408 2950 Ubi
427 2922 593 2949 Polancus
609 2922 746 2956 scripsit
762 2921 1002 2953 vehementer,
1026 2920 1156 2948 Cancer
1180 2919 1366 2954 scripserat
1391 2920 1428 2945 ut
1442 2918 1522 2953 sam
1544 2917 1791 2945 centenarium
1816 2923 1873 2943 ex-

237 2971 350 2998 cedat.
