2074 3179
828 169 908 205 ΑΥ.
942 169 1031 205 13:30
1675 167 1742 203 ‘2:31

116 272 227 310 item
248 281 304 308 ne
326 280 406 319 per
428 267 518 308 XV
546 272 624 306 aut
645 266 735 306 XX
757 266 942 317 quidem
962 275 1192 305 annorum
1220 264 1421 315 spatium
1450 264 1744 314 exomologe-

117 341 204 380 sim
238 339 426 379 fecerat.
465 337 644 377 Horum
679 337 819 387 aliqui
854 335 1123 376 sacerdotes
1164 340 1297 374 erant
1338 334 1625 384 saeculares,
1670 334 1746 373 alii

115 410 338 461 religiosi,
375 419 571 460 quorum
599 407 805 447 omnium
833 407 877 447 in
905 407 1177 447 universum
1211 404 1349 445 saluti
1379 404 1589 444 adhibuit
1627 415 1747 444 sum-

116 492 241 521 mam
263 491 425 520 curam
444 485 493 519 ut
522 479 775 518 morientes
797 479 843 518 in
862 477 1016 529 gratia
1045 475 1340 527 decederent,
1365 482 1410 515 et
1433 475 1748 526 supervicturi

117 552 176 592 ad
202 551 441 591 meliorem
468 561 523 590 ac
549 550 835 589 securiorem
870 549 996 589 vitae
1030 553 1203 588 statum
1234 558 1283 586 se
1318 546 1613 598 postmodum
1642 557 1747 586 con-

116 627 367 662 verterent.
401 620 611 660 Tandem
636 620 849 671 pervenit
880 620 985 659 illuc
1018 623 1231 658 sanctum
1257 617 1519 670 Jubilaeum
1549 629 1575 656 a
1606 616 1666 656 V.
1690 616 1742 656 R.

115 693 330 743 missum,
355 690 479 743 quod
501 703 608 730 cum
634 696 765 730 tanta
792 690 1034 730 alacritate
1065 689 1300 740 animique
1331 688 1582 728 devotione
1613 699 1747 727 exce·

115 769 246 815 ptum
266 769 358 814 est,
389 769 437 803 ut
466 762 587 802 illico
623 762 836 802 certatim
864 761 923 802 ad
950 760 1263 801 confitendum
1293 771 1377 799 sua
1403 765 1599 811 peccata
1625 759 1745 799 festi-

115 840 306 884 narent;
344 841 387 874 et
425 834 698 885 priusquam
733 833 911 872 assultu
946 832 1185 872 civitatem
1217 831 1368 882 ipsam
1402 836 1743 881 oppugnarent.

116 916 381 945 sermonem
411 904 471 944 ad
498 904 623 956 ipsos
650 903 833 953 habuit,
868 914 957 954 quo
988 902 1239 954 plurimum
1259 901 1530 941 consolatos
1552 906 1596 940 et
1616 901 1746 940 robo-

116 982 246 1016 ratos
267 976 313 1015 in
334 975 537 1015 Domino
561 987 609 1014 se
630 979 898 1024 senserunt,
922 979 1027 1025 post
1048 978 1368 1024 expugnatam
1384 983 1498 1012 vero
1514 971 1742 1017 Africam,

114 1046 187 1086 bis
223 1054 302 1086 aut
331 1052 402 1086 ter
430 1046 569 1086 etiam
596 1045 829 1096 Pro-regi,
859 1044 1142 1095 reliquisque
1178 1043 1396 1093 ducibus,
1434 1042 1746 1094 militibusque

120 1117 280 1158 itidem
300 1129 393 1157 non
421 1117 596 1168 paucis,
619 1116 666 1156 in
693 1117 864 1167 templo
892 1116 1020 1156 urbis
1042 1115 1269 1165 maximo,
1307 1114 1431 1166 quod
1460 1113 1746 1165 Mesquz'tmn

115 1194 312 1238 vocant,
343 1199 525 1228 summo
556 1199 662 1227 cum
689 1186 895 1226 omnium
921 1186 1094 1236 gaudio
1125 1192 1169 1225 et
1199 1185 1525 1225 aedificatione
1546 1190 1615 1224 est
1638 1196 1743 1224 con-

109 1259 340 1299 cionatus.
369 1258 419 1298 Id
446 1257 707 1308 generatim
734 1257 789 1297 de
820 1256 943 1297 dicto
974 1256 1112 1297 Patre
1144 1257 1362 1296 diximus.
1401 1256 1651 1296 Caeterum
1687 1256 1742 1295 de

111 1329 307 1380 singulis
329 1329 560 1379 exactius,
583 1328 660 1367 ubi
680 1339 899 1368 reversus
920 1327 1082 1376 fuerit,
1107 1326 1185 1367 Ra
1205 1326 1289 1366 V.'‘¹
1310 1327 1481 1367 certior
1503 1327 1738 1366 reddetur.

187 1399 310 1440 Ante
333 1400 591 1440 discessum
612 1398 820 1450 ejusdem
840 1398 994 1438 Patris
1014 1398 1060 1437 in
1081 1396 1310 1448 Africam,
1345 1396 1613 1449 [profectus]
1638 1409 1740 1437 sum

110 1481 199 1521 ego
219 1471 505 1519 Messanam,
537 1470 744 1521 acceptis
771 1482 797 1509 a
814 1481 898 1509 sua
914 1468 1198 1509 Reverentia
1220 1469 1386 1508 litteris
1407 1468 1462 1508 de
1502 1468 1691 1509 creditis
1715 1468 1739 1518 ¹3

111 1547 156 1581 et
178 1540 568 1593 quemadmodum
596 1539 677 1580 Ra
699 1540 743 1580 V
752 1540 782 1577 ,ἃ
813 1540 1057 1590 intellexit,
1089 1539 1359 1579 curavimus
1381 1550 1469 1589 ego
1493 1545 1536 1578 et
1556 1539 1613 1579 D.
1638 1539 1742 1579 Hie-

108 1623 333 1663 ronymus
372 1611 553 1652 Natalis
592 1617 731 1663 atque
766 1610 1004 1651 effecimus
1038 1616 1087 1650 ut
1122 1610 1394 1650 inchoatum
1414 1610 1653 1660 negotium
1687 1609 1742 1649 de

108 1683 345 1723 fundanda
373 1682 542 1722 ibidem
575 1682 894 1723 Universitate
931 1682 1079 1733 deque
1107 1681 1311 1721 dotando
1345 1687 1506 1721 nostro
1535 1680 1741 1732 Collegio

109 1759 319 1805 optatum
352 1752 567 1793 effectum
603 1753 869 1801 sortiretur;
907 1758 1045 1803 atque
1076 1752 1138 1792 ita
1174 1752 1435 1802 decretum,
1471 1759 1520 1791 ut
1555 1757 1598 1791 et
1640 1752 1740 1802 ipsa

108 1824 402 1865 Universitas
431 1824 638 1875 erigatur
668 1829 712 1863 et
741 1823 1001 1875 Collegium
1031 1823 1216 1863 dotetur
1246 1834 1401 1862 annuo
1437 1833 1581 1862 censu
1617 1822 1740 1862 mille

108 1895 470 1947 quingentorum
490 1906 741 1935 aureorum
762 1900 1018 1935 scutorum.

188 1966 500 2018 Posteaquam
530 1971 685 2006 autem
711 1966 801 2006 huc
828 1965 944 2005 redii
967 1971 1158 2016 propter
1196 1970 1444 2005 consuetas
1484 1964 1735 2004 confessio—

109 2048 192 2077 nes
226 2036 283 2077 D.
314 2036 537 2076 Isabellae
563 2035 577 2054 ‘²
604 2042 648 2076 et
681 2035 885 2076 familiae
916 2047 1050 2086 suae,
1088 2042 1303 2075 curatum
1337 2042 1406 2075 est
1440 2041 1489 2074 ut
1524 2035 1740 2074 foveatur

107 2114 504 2158 conserveturque
526 2106 735 2147 Societas
752 2107 841 2146 ista
856 2107 1081 2146 nobilium
1097 2112 1420 2146 matronarum
1437 2117 1569 2157 quae,
1589 2106 1738 2157 prima

107 2178 354 2219 Dominica
371 2177 701 2228 cujuscumque
718 2178 906 2229 mensis,
930 2178 1094 2217 solitae
1117 2183 1223 2217 sunt
1239 2177 1492 2217 convenire
1514 2176 1573 2216 ad
1594 2176 1738 2227 opitu-

108 2250 299 2290 landum
332 2248 527 2289 infirmis
561 2249 896 2289 incurabilibus
930 2249 1180 2300 largitione
1216 2259 1407 2288 suarum
1441 2247 1738 2288 eleemosina-

108 2331 226 2371 rum,
250 2319 415 2371 quibus
433 2320 559 2359 soleo
576 2330 664 2370 ego
682 2320 952 2360 concionari
967 2319 1154 2371 quando
1170 2331 1253 2370 per
1265 2318 1597 2370 occupationes
1614 2319 1734 2358 licet.

186 2390 412 2431 Dedimus
432 2390 644 2430 similiter
665 2402 856 2442 operam
876 2396 926 2431 ut
946 2391 1097 2442 primo
1125 2390 1320 2431 sabbato
1350 2389 1592 2441 cujuslibet
1613 2401 1737 2429 men-

109 2462 173 2502 sis
193 2461 273 2502 fiat
295 2473 448 2501 sermo
470 2461 740 2501 mulieribus
759 2462 1123 2514 peccatricibus,
1147 2462 1315 2513 quibus
1342 2461 1389 2501 in
1417 2466 1545 2501 certo
1566 2461 1736 2512 templo

106 2532 410 2584 congregatis
440 2532 609 2572 adsunt
638 2532 729 2572 duo
760 2538 840 2573 aut
874 2538 969 2573 tres
996 2532 1227 2573 foeminae
1259 2532 1438 2572 nobiles
1472 2544 1531 2571 ex
1560 2532 1736 2583 praeci-

108 2603 211 2654 puis
237 2603 462 2654 civitatiS,
492 2608 731 2654 tamquam
751 2603 935 2643 illarum
956 2602 1209 2655 praesides.
1234 2602 1425 2644 Confert
1446 2608 1602 2643 autem
1628 2614 1737 2642 una-

108 2685 319 2726 quaeque
340 2672 353 2692 ⁵
375 2674 561 2714 circiter
582 2674 698 2713 duos
716 2673 857 2725 julios
883 2674 930 2714 in
956 2674 1306 2724 eleemosinam,
1334 2674 1455 2714 unde
1482 2679 1526 2713 et
1551 2673 1736 2714 licentia

162 2784 172 2803 ¹
211 2784 265 2812 Ita
279 2785 421 2813 videtur
435 2786 608 2820 scriptum;
624 2785 682 2812 sed
694 2793 804 2813 sermo
820 2790 870 2813 est
887 2786 925 2813 de
942 2786 1078 2819 litteris,
1097 2793 1181 2820 quae
1195 2785 1368 2820 hispanice
1385 2789 1463 2812 tunc
1480 2785 1679 2812 dicebantur
1694 2785 1737 2811 de

109 2833 281 2863 creencz‘a'
296 2840 353 2867 sc.,
370 2832 553 2860 fiduciariis
569 2833 703 2864 litteris.
719 2833 838 2867 quibus
853 2837 1002 2860 testatur
1016 2834 1138 2867 aliquis
1152 2833 1195 2865 ei,
1211 2840 1272 2867 per
1287 2840 1385 2866 quem
1406 2840 1485 2860 suas
1506 2833 1576 2867 ipse
1599 2833 1735 2860 litteras

107 2879 231 2913 mittit,
248 2879 402 2907 adhiberi
418 2880 516 2907 fidem
531 2884 705 2914 tamquam
719 2880 920 2914 sibimetipsi
935 2887 1031 2914 posse
1048 2884 1080 2907 et
1095 2880 1221 2907 deberi.

161 2926 175 2945 Ξ
212 2926 358 2954 Isabella
374 2927 413 2954 de
429 2927 527 2961 Vega
542 2948 547 2960 ,
565 2927 738 2961 Pro-regis
752 2927 831 2954 filia.

163 2972 176 2991 ⁵
214 2972 390 3000 Mulierum
405 2974 647 3008 peccatricum.
