2074 3179
246 132 318 176 208
764 135 991 173 LITTERAE
1017 144 1376 179 QUADmMESTREs

247 228 501 269 invitarent
531 230 591 270 ad
619 232 900 283 colloquium
927 238 972 272 et
999 243 1230 281 mensam,
1268 243 1362 271 non
1389 230 1662 280 inviserem,
1694 230 1774 270 sed
1802 242 1881 270 eos

247 300 325 351 qui
344 300 519 352 aliquid
539 301 648 342 boni
670 302 941 342 conferendi
961 302 1117 353 gratia
1140 308 1184 342 et
1206 303 1352 342 mutui
1368 302 1528 353 gaudii
1544 301 1590 341 in
1607 301 1746 352 Dno.,
1771 302 1884 342 mihi

248 371 412 412 adesse
434 380 672 424 cuperent.
697 372 898 413 Proinde
921 373 1043 425 apud
1065 373 1346 425 praecipuos
1368 373 1527 424 oppidi
1548 372 1613 412 fui
1635 373 1681 412 in
1703 384 1880 423 mensa,

247 443 326 494 qui
360 455 522 484 omnes
548 444 685 484 valde
713 445 770 484 ad
800 445 956 485 omnia
985 445 1310 485 auscultabant
1345 451 1390 484 et
1418 445 1528 494 boni
1561 444 1881 494 consulebant,

246 521 470 565 rogantes
492 527 565 555 me
587 522 635 555 ut
657 522 701 577 et
728 515 928 555 filiorum
959 527 1150 556 suorum
1180 515 1383 556 Lovanii
1415 515 1701 555 studentium
1723 526 1885 555 curam

247 597 483 637 gererem,
509 586 587 637 qui
608 586 749 625 etiam
774 585 872 637 jam
900 587 947 626 in
976 586 1183 638 profesto
1205 586 1504 626 Visitationis
1535 586 1707 626 Beatae
1729 585 1884 636 Virgi-

245 657 318 696 nis
338 656 450 696 mihi
473 657 675 697 confessi
697 658 1120 697 communicarunt.
1143 657 1366 708 Rogabar
1388 669 1415 697 a
1436 663 1625 708 pastore
1647 665 1691 697 et
1709 657 1814 697 aliis
1837 664 1883 697 ut

245 728 307 767 ibi
343 728 670 777 concionarer;
708 727 789 768 sed
823 739 912 779 ego
949 728 1212 780 subterfugi
1247 728 1475 779 imprimis
1511 728 1636 779 quod
1670 728 1759 779 ipsi
1793 740 1885 768 non

244 799 359 839 satis
379 799 660 839 videbantur
690 800 803 839 mihi
831 800 1028 850 instare,
1060 806 1104 840 et
1135 811 1222 851 ego
1260 811 1413 839 meam
1446 800 1703 847 miseriam,
1730 799 1776 839 in
1797 799 1886 839 illis

242 870 494 922 praecipue
534 882 652 922 quae
694 871 898 912 studium
933 877 1012 911 aut
1046 870 1515 923 praemeditationem
1554 871 1881 922 praeexigunt,

246 953 535 993 agnoscens,
558 953 653 982 non
681 942 768 982 nisi
792 948 985 983 coactus
1006 942 1204 994 aggredi
1233 942 1404 992 ausim,
1437 942 1547 982 licet
1577 941 1707 982 miris
1736 942 1886 982 modis

246 1013 358 1053 totis
379 1013 559 1053 viribus
581 1020 794 1065 optarem
817 1025 890 1054 me
920 1025 1073 1065 posse.
1104 1013 1208 1054 Non
1236 1013 1395 1053 dubito
1423 1020 1580 1053 tamen
1602 1014 1728 1065 quin,
1753 1013 1791 1053 si
1811 1025 1885 1053 ne-

247 1084 444 1125 cessitas
464 1091 668 1135 urgeret‚
693 1084 922 1125 Dominus
944 1084 1078 1125 daret
1099 1085 1318 1136 gratiam.

323 1155 476 1196 Mansi
512 1156 722 1196 similiter
757 1156 1123 1196 Amstelodamis
1150 1167 1233 1208 per
1261 1161 1461 1208 quatuor
1488 1156 1587 1196 dies
1615 1162 1659 1196 et
1696 1155 1812 1195 redii
1841 1157 1886 1196 in

246 1226 553 1277 Culenberch,
578 1227 700 1267 unde
721 1233 913 1279 propter
935 1227 1278 1268 dedicationem
1299 1233 1343 1267 et
1365 1234 1696 1268 extraneorum
1716 1226 1884 1267 adven-

247 1304 344 1338 tum
365 1299 696 1350 discesseram3
721 1299 899 1351 cupivit
920 1299 1044 1339 enim
1065 1298 1282 1339 dominus
1303 1299 1586 1351 praedictus,
1612 1298 1690 1350 qui
1711 1310 1784 1338 me
1805 1310 1884 1338 vo-

246 1378 461 1421 caverat,
485 1370 642 1410 facere
664 1370 1012 1411 confessionem
1031 1371 1325 1422 generalem3
1349 1371 1416 1410 sic
1438 1381 1621 1422 quoque
1648 1369 1799 1410 mansi
1824 1370 1885 1410 ibi

244 1440 398 1481 adhuc
420 1447 525 1482 octo
548 1442 725 1482 diebus.
749 1441 942 1482 Interim
969 1453 1225 1494 aggressus
1252 1453 1356 1482 sum
1377 1448 1421 1481 et
1443 1441 1584 1481 alium
1606 1441 1885 1481 canonicum

242 1523 376 1552 meae
405 1513 735 1564 promotionis,
768 1513 960 1554 doctum
988 1519 1033 1554 et
1063 1513 1311 1553 amabilem
1345 1512 1610 1563 dominum,
1641 1512 1719 1563 qui
1746 1512 1886 1553 etiam

244 1583 362 1624 dixit
390 1596 440 1624 se
468 1585 611 1625 semel
645 1590 897 1625 venturum
925 1584 1190 1625 Lovanium
1217 1583 1277 1624 ad
1311 1584 1554 1624 exercitia.
1585 1583 1741 1624 Pridie
1772 1595 1885 1623 vero

245 1666 387 1706 quam
408 1655 534 1695 illinc
556 1655 867 1706 discederem,
891 1660 1091 1695 vocatus
1116 1655 1178 1695 fui
1201 1668 1227 1695 a
1256 1654 1457 1707 quadam
1484 1655 1733 1706 principali
1760 1653 1886 1694 fami·

245 1725 307 1766 lia
329 1726 475 1767 nobili
498 1726 557 1766 ad
578 1726 867 1767 visitandum
888 1726 1032 1766 filium
1054 1726 1239 1776 domus,
1270 1726 1565 1766 sacerdotem
1592 1726 1885 1775 canonicum,

247 1797 326 1848 qui
347 1798 404 1837 ab
427 1804 532 1838 octo
555 1798 691 1838 annis
712 1800 793 1838 vix
815 1798 1034 1850 cuiquam
1055 1798 1274 1849 loquutus
1296 1804 1365 1837 est
1386 1804 1430 1837 et
1447 1797 1678 1837 detinetur
1701 1798 1888 1837 clausus

246 1869 293 1908 in
309 1880 402 1909 uno
425 1869 653 1909 cubiculo.
678 1869 781 1920 Ego
804 1869 1054 1921 perplexus
1075 1869 1264 1909 tandem
1294 1868 1359 1908 ivi
1387 1880 1457 1919 eo,
1488 1869 1662 1908 intravi
1689 1869 1815 1908 solus
1841 1869 1887 1911 in

246 1940 525 1990 cubiculum,
551 1941 716 1981 amicis
737 1940 797 1981 ad
817 1940 946 1981 foras
967 1940 1074 1981 ostii
1095 1945 1315 1982 eventum
1335 1940 1734 1991 exspectantibus;
1768 1940 1887 1980 inter

243 2018 431 2052 caetera
463 2012 698 2053 inculcavi
732 2023 837 2052 curn
871 2012 1028 2063 gratia
1056 2018 1105 2052 ut
1139 2023 1189 2052 se
1219 2012 1278 2052 ad
1306 2010 1651 2051 confessionem
1678 2019 1883 2063 pararet;

243 2084 326 2124 sed
347 2096 632 2136 quamquam
652 2096 819 2136 parum
839 2083 953 2124 mihi
980 2083 1220 2124 videretur
1245 2083 1557 2135 respondere,
1588 2083 1704 2123 dixit
1731 2089 1887 2124 tamen

242 2161 392 2196 mater
414 2167 521 2196 cum
543 2166 716 2207 magno
740 2156 786 2195 in
803 2155 1006 2195 Domino
1027 2154 1200 2206 gaudio
1228 2154 1353 2206 quod
1381 2159 1492 2194 tunc
1518 2155 1652 2206 plura
1684 2153 1886 2194 audivis-

243 2232 312 2267 set
333 2239 440 2267 eum
460 2228 727 2279 loquentem
748 2238 887 2279 quam
909 2226 955 2266 in
972 2232 1172 2278 quatuor
1193 2226 1343 2266 annis.
1367 2224 1434 2266 Sit
1451 2224 1580 2265 Deus
1598 2224 1884 2265 benedictus.

322 2300 394 2340 Ex
429 2299 722 2340 Culenberch
762 2299 893 2339 duxit
930 2311 1025 2349 me,
1065 2296 1198 2349 cujus
1233 2297 1576 2338 confessionem
1617 2298 1886 2348 generalem

243 2370 500 2422 audieram,
525 2371 585 2411 ad
602 2381 712 2411 suos
729 2370 906 2410 amicos
924 2370 970 2409 in
986 2368 1360 2420 Schoenhovem,
1379 2369 1625 2409 honestam
1643 2367 1883 2418 familiam,

243 2447 287 2482 et
308 2442 371 2482 ibi
391 2454 575 2494 quoque
603 2454 696 2482 uno
723 2441 797 2482 die
819 2442 1014 2481 multum
1040 2446 1237 2492 rogatus
1267 2440 1441 2488 mansi,
1466 2439 1543 2491 qui
1565 2451 1727 2479 omnes
1747 2439 1884 2479 valde

241 2513 380 2554 avide
401 2519 708 2565 susceperunt
729 2512 1071 2552 exhortationis
1097 2512 1308 2552 verbum.
1337 2511 1394 2552 Et
1421 2511 1485 2551 ita
1513 2510 1702 2550 tandem
1730 2509 1880 2551 Lova-

241 2585 370 2625 nium
391 2585 510 2625 redii
529 2590 780 2637 postquam
801 2595 894 2624 uno
915 2595 1078 2624 mense
1103 2583 1372 2623 abfuissem.

320 2656 372 2696 In
392 2656 482 2696 illis
503 2656 660 2708 itaque
677 2655 905 2708 partibus,
924 2654 1125 2696 maxime
1144 2653 1526 2703 Amstelodamis‚
1557 2661 1626 2694 est
1644 2654 1767 2693 enim
1783 2660 1887 2705 post

242 2728 554 2779 Antuerpiam
574 2727 621 2767 in
642 2727 744 2768 istis
763 2726 975 2779 partibus
995 2725 1254 2766 maximum
1274 2725 1551 2777 emporium,
1570 2726 1765 2765 multum
1784 2736 1885 2776 pro·

240 2799 379 2840 ficere
401 2805 559 2851 posset
585 2799 753 2851 aliquis
773 2804 963 2839 nostrae
984 2796 1254 2848 Societatis,
1286 2808 1405 2848 quae
1433 2797 1532 2837 sine
1561 2797 1655 2836 ulla
1684 2797 1885 2837 haesita-

239 2871 366 2911 tione
389 2871 513 2923 apud
536 2871 639 2911 illos
660 2870 820 2922 magni
839 2869 902 2910 fit.

319 2941 524 2982 Rediens
558 2942 822 2982 Lovanium
850 2942 1009 2982 statim
1037 2941 1556 2991 advenerunt'quatuor
1583 2939 1715 2990 novi,
1754 2951 1885 2979 exce-
