2074 3179
299 156 369 193 266
814 157 1041 194 LITTERAE
1067 168 1425 200 QUADRinIESTREs

304 253 529 304 venirent,
561 252 824 302 christiani,
854 253 998 304 pestis
1029 254 1207 294 solebat
1237 255 1518 304 postliminio
1547 255 1787 296 civitatem
1818 256 1940 297 hanc

299 323 476 364 adoriri
499 336 553 365 ac
584 330 774 364 vastare
803 324 1120 374 atrocissime;
1146 324 1312 365 horum
1341 326 1533 366 Patrum
1563 326 1769 366 adventu
1797 328 1940 367 credi-

299 406 403 435 mus
424 395 681 447 depulsam.

378 466 466 507 Hic
489 478 604 506 vero
627 467 805 506 fructus
827 478 922 506 non
952 467 996 506 in
1022 474 1182 507 nostro
1212 468 1361 507 solum
1392 470 1563 520 templo
1591 469 1829 520 provenit,
1862 469 1943 509 sed

299 538 357 577 ad
379 538 645 589 exemplum
665 523 878 578 nostrum
900 538 947 578 in
969 539 1184 578 omnibus
1211 539 1307 578 fere
1335 540 1545 580 ecclesiis
1573 540 1853 581 confitentur
1884 553 1939 581 ac

299 609 660 660 communicant,
682 609 719 648 si
732 621 825 649 non
838 610 1034 660 singulis
1048 610 1308 660 dominicis,
1329 616 1455 651 certe
1474 611 1520 650 in
1536 611 1666 651 festis
1683 612 1937 663 primariis.

297 679 413 720 Sunt
429 679 696 732 frequentes
717 682 965 731 generales
987 681 1321 733 confessiones,
1344 682 1389 721 in
1412 682 1578 734 quibus
1602 693 1835 722 summum
1853 682 1943 723 fru-

298 758 423 791 ctum
444 751 728 802 experimur,
748 752 812 791 ita
834 758 882 792 ut
906 752 984 792 vix
1007 753 1147 792 homo
1171 752 1293 792 idem
1315 758 1603 803 agnoscatur
1625 760 1731 805 post
1748 764 1943 803 genera-

297 824 386 863 lem
408 822 751 863 confessionem
771 829 815 864 et
837 835 1015 875 paucas
1033 824 1401 864 communiones.
1422 824 1554 864 Adeo
1572 830 1698 864 totus
1716 825 1834 864 alius
1857 831 1940 864 est.

297 894 436 934 Faxit
458 893 674 934 Christus
695 900 744 934 ut
764 895 922 946 plures
953 895 1209 935 habeamus
1237 895 1479 946 operarios
1502 895 1819 946 consessores;
1844 908 1943 947 spe-

297 977 456 1005 ramus
477 965 577 1006 fore
598 972 647 1006 ut
667 977 761 1006 non
783 966 842 1006 ad
862 965 942 1006 300
963 972 1145 1007 tantum
1167 979 1388 1007 numerus
1415 973 1662 1007 excrescat
1690 968 1946 1007 communi-

297 1037 524 1088 cantium,
549 1037 626 1089 qui
648 1049 870 1077 numerus
891 1037 978 1078 fuit
1000 1037 1071 1078 his
1092 1037 1352 1089 Natalitiis‚
1376 1037 1524 1090 major
1547 1044 1673 1078 certe
1697 1049 1837 1090 quam
1860 1050 1945 1090 pro

296 1120 490 1148 numero
512 1109 832 1159 sacerdotum,
857 1109 934 1160 qui
954 1109 1030 1150 hic
1051 1109 1076 1148 4
1097 1116 1278 1150 tantum
1299 1121 1479 1159 sumus,
1513 1109 1594 1150 sed
1621 1110 1946 1150 incredibilem

296 1180 549 1231 quamdam
584 1191 830 1231 speramus
862 1181 1046 1232 copiam
1082 1193 1137 1221 ac
1166 1181 1538 1232 magnitudinem
1565 1181 1868 1232 benignitatis
1897 1188 1943 1221 et

295 1251 478 1302 gratiae
499 1250 691 1291 Domini
712 1251 759 1291 in
779 1252 868 1292 hac
890 1252 1097 1292 civitate.
1122 1252 1252 1293 Haec
1273 1252 1370 1292 fere
1398 1258 1504 1292 sunt
1532 1264 1651 1304 quae
1684 1252 1740 1293 de
1771 1252 1939 1292 benefi-

296 1322 379 1362 ciis
415 1322 605 1363 Domini
639 1323 686 1363 in
722 1323 811 1364 hac
841 1323 1212 1375 congregatione
1243 1324 1443 1364 dicenda
1474 1329 1776 1364 succurrunt:
1816 1335 1941 1363 nunc

295 1405 410 1434 vero
432 1395 655 1434 nonnulla
677 1395 910 1446 attingam
931 1407 1066 1447 quae,
1090 1395 1177 1435 etsi
1192 1396 1239 1435 in
1255 1395 1577 1447 superioribus
1596 1395 1942 1444 contineantur,

295 1472 453 1506 tamen
481 1466 754 1506 nominatim
792 1472 1160 1506 commemorata
1190 1465 1414 1517 majorem
1445 1467 1491 1506 in
1518 1467 1708 1506 modum
1736 1466 1944 1506 animum

298 1537 357 1577 ad
378 1537 466 1577 Dei
487 1538 690 1589 gloriam
713 1538 914 1588 erigunt.

376 1609 459 1649 Est
479 1609 554 1649 vir
583 1609 773 1661 quidam
799 1609 987 1660 nobilis,
1021 1609 1099 1661 qui
1123 1608 1220 1660 jam
1249 1608 1301 1649 20
1329 1609 1426 1649 fere
1455 1621 1604 1649 annos
1632 1609 1943 1649 concubinam

296 1680 421 1720 domi
455 1680 684 1721 habuerat
712 1681 921 1732 impune.
955 1680 1187 1720 obstinate
1208 1686 1348 1732 atque
1370 1680 1487 1721 adeo
1509 1679 1689 1725 abiecte
1710 1680 1937 1732 perditus;

296 1752 373 1792 hic
394 1752 482 1792 Dei
502 1752 659 1803 gratia
678 1753 880 1804 primum
901 1758 971 1792 est
992 1764 1048 1792 eo
1070 1752 1344 1804 perductus,
1369 1759 1417 1792 ut
1441 1753 1567 1793 illam
1588 1763 1784 1792 uxorem
1806 1751 1940 1791 duce-

294 1830 380 1870 ret,
401 1822 567 1863 dehinc
590 1823 649 1863 ad
671 1824 940 1874 generalem
963 1823 1322 1874 confessionem;
1341 1835 1465 1864 nunc
1486 1823 1754 1875 frequenter
1771 1829 1816 1863 et
1833 1835 1942 1863 con-

294 1894 449 1934 fitetur
471 1900 515 1934 et
537 1895 868 1943 communicat,
888 1901 1014 1935 totus
1035 1901 1080 1935 et
1101 1895 1245 1935 animi
1266 1901 1310 1935 et
1332 1895 1490 1935 vultus
1512 1895 1749 1935 hilaritate
1769 1906 1938 1935 novus.

292 1966 330 2006 E
352 1964 541 2017 plebejis
563 1973 810 2017 praeterea
831 1966 856 2005 4
877 1966 1200 2006 concubinarii
1220 1966 1246 2005 8
1268 1978 1511 2017 annorum,
1537 1978 1656 2007 unus
1681 1966 1748 2018 12,
1774 1966 1941 2006 mulier

295 2048 388 2077 una
410 2037 670 2077 concubina
693 2038 956 2078 sacerdotis
981 2038 1028 2078 13
1052 2049 1308 2089 annorum;
1333 2050 1494 2078 omnes
1511 2038 1578 2089 hi,
1609 2038 1801 2090 depulso
1829 2037 1942 2089 jugo

296 2107 550 2160 Sathanae,
570 2109 630 2149 ad
650 2109 857 2149 melioris
875 2110 1001 2150 vitae
1022 2108 1209 2160 frugem
1230 2109 1389 2150 divino
1411 2110 1585 2150 auxilio
1612 2109 1791 2150 redacti
1815 2115 1937 2149 sunt.

296 2180 546 2221 Praeterea
568 2191 674 2220 cum
696 2181 869 2232 alioqui
889 2181 1157 2233 frequentes
1178 2181 1373 2221 veniant
1391 2181 1450 2221 ad
1467 2180 1824 2230 confessionem,
1845 2179 1941 2232 jam

297 2264 324 2291 a
346 2252 503 2292 multis
524 2252 674 2303 annis,
694 2253 843 2292 variis
860 2252 1033 2293 diaboli
1049 2252 1443 2293 machinamentis
1459 2264 1553 2292 non
1571 2252 1788 2304 confessi,
1807 2252 1855 2292 in
1870 2252 1943 2292 his

296 2329 455 2363 tamen
482 2329 578 2363 tres
607 2324 831 2364 eximiam
859 2323 1050 2364 Domini
1078 2325 1282 2375 gratiam
1311 2330 1418 2364 sunt
1445 2324 1641 2376 experti.
1674 2324 1829 2372 Unus,
1865 2324 1943 2375 qui

296 2401 392 2434 tres
415 2400 494 2434 aut
514 2394 540 2433 4
561 2406 725 2446 annos,
749 2394 978 2435 daemone
995 2396 1174 2447 plenus,
1194 2407 1278 2447 per
1295 2395 1510 2436 diversas
1526 2396 1746 2446 regiones
1764 2395 1943 2446 quaesi-

296 2466 364 2505 vit
385 2465 639 2515 inimicum,
662 2472 712 2505 ut
732 2478 896 2507 necem
916 2466 1077 2506 fratris
1098 2467 1145 2506 in
1166 2466 1289 2507 illius
1306 2467 1450 2507 caede
1467 2467 1787 2507 ulcisceretur.
1809 2465 1944 2506 Alius

298 2544 421 2578 totos
456 2549 605 2578 annos
639 2538 686 2577 15
713 2538 925 2579 exercuit
955 2538 1182 2590 capitales
1210 2538 1492 2579 inimicitias.
1523 2538 1709 2579 Tertius
1741 2543 1864 2578 totos
1894 2537 1946 2578 30

300 2619 448 2648 annos
476 2620 718 2660 nunquam
749 2609 854 2659 (nisi
883 2610 1042 2657 semel)
1071 2609 1316 2650 confessus
1346 2609 1514 2650 fuerat.
1550 2609 1724 2661 Magna
1752 2609 1944 2661 spiritus

299 2686 369 2720 est
390 2680 615 2720 exultatio
636 2680 684 2720 in
713 2679 798 2720 Χ.ο
823 2680 935 2733 Jesu
956 2686 1053 2721 tam
1074 2681 1245 2721 multas
1266 2681 1427 2721 videre
1449 2680 1739 2721 miserrimas
1761 2680 1944 2720 animas

300 2757 397 2791 tam
425 2757 586 2802 aperte
623 2763 650 2791 a
684 2751 906 2792 draconis
939 2752 1152 2792 faucibus
1181 2751 1384 2792 liberari.
1418 2751 1632 2803 Quinque
1659 2751 1870 2803 virgines
1899 2751 1945 2791 in

300 2822 588 2863 monasteria
608 2823 847 2874 virginum
876 2823 1119 2875 ingressae
1141 2830 1270 2874 sunt,
1294 2823 1378 2864 X.⁰
1397 2822 1509 2876 Jesu
1530 2834 1704 2874 sponso
1735 2834 1869 2863 suam
1900 2830 1945 2863 et

304 2893 621 2945 virginitatem
642 2900 685 2934 et
707 2895 854 2935 vitam
876 2895 1112 2935 devovere
1132 2900 1462 2946 proponentes.
1487 2894 1538 2935 In
1558 2894 1644 2945 his,
1665 2905 1771 2934 cum
1789 2894 1943 2946 gratia

300 2965 505 3013 Domini,
523 2965 769 3006 adhibetur
783 2979 807 3006 a
826 2966 959 3006 nobis
972 2977 1145 3016 magna
1163 2966 1354 3017 spiritus
1372 2965 1672 3016 examinatio,
1692 2971 1945 3017 antequam
