<?xml version="1.0" encoding="UTF-8"?>
<!DOCTYPE html PUBLIC "-//W3C//DTD XHTML 1.0 Transitional//EN"
    "http://www.w3.org/TR/xhtml1/DTD/xhtml1-transitional.dtd">
<html xmlns="http://www.w3.org/1999/xhtml" xml:lang="en" lang="en">
 <head>
  <title>
</title>
<meta http-equiv="Content-Type" content="text/html;charset=utf-8" />
  <meta name='ocr-system' content='tesseract 3.04.00' />
  <meta name='ocr-capabilities' content='ocr_page ocr_carea ocr_par ocr_line ocrx_word'/>
</head>
<body>
  <div class='ocr_page' id='page_1' title='image "./litteraequadrime13lain_0408.png"; bbox 0 0 2074 3179; ppageno 0'>
   <div class='ocr_carea' id='block_1_1' title="bbox 200 100 1323 142">
    <p class='ocr_par' dir='ltr' id='par_1_1' title="bbox 200 100 1323 142">
     <span class='ocr_line' id='line_1_1' title="bbox 200 100 1323 142; baseline 0 -5"><span class='ocrx_word' id='word_1_1' title='bbox 200 101 269 137; x_wconf 59' lang='lat' dir='ltr'>40ss</span> <span class='ocrx_word' id='word_1_2' title='bbox 712 100 939 137; x_wconf 82' lang='lat' dir='ltr'>LITTERAE</span> <span class='ocrx_word' id='word_1_3' title='bbox 966 110 1323 142; x_wconf 65' lang='lat' dir='ltr'>QUADRIMESTRES</span> 
     </span>
    </p>
   </div>
   <div class='ocr_carea' id='block_1_2' title="bbox 197 196 1832 1103">
    <p class='ocr_par' dir='ltr' id='par_1_2' title="bbox 198 196 1831 605">
     <span class='ocr_line' id='line_1_2' title="bbox 201 196 1831 248; baseline -0.001 -10"><span class='ocrx_word' id='word_1_4' title='bbox 201 198 492 238; x_wconf 80' lang='lat' dir='ltr'>naturalibus</span> <span class='ocrx_word' id='word_1_5' title='bbox 513 198 628 237; x_wconf 88' lang='lat' dir='ltr'>bene</span> <span class='ocrx_word' id='word_1_6' title='bbox 651 197 929 248; x_wconf 82' lang='lat' dir='ltr'>dispositum</span> <span class='ocrx_word' id='word_1_7' title='bbox 948 207 1214 248; x_wconf 83' lang='lat' dir='ltr'>magnoque</span> <span class='ocrx_word' id='word_1_8' title='bbox 1236 197 1404 237; x_wconf 87' lang='lat' dir='ltr'>affectu</span> <span class='ocrx_word' id='word_1_9' title='bbox 1426 197 1484 237; x_wconf 86' lang='lat' dir='ltr'>ad</span> <span class='ocrx_word' id='word_1_10' title='bbox 1506 196 1788 238; x_wconf 76' lang='lat' dir='ltr'>Societatem</span> <span class='ocrx_word' id='word_1_11' title='bbox 1805 210 1831 236; x_wconf 85' lang='lat' dir='ltr'>a</span> 
     </span>
     <span class='ocr_line' id='line_1_3' title="bbox 199 267 1830 320; baseline -0.001 -11"><span class='ocrx_word' id='word_1_12' title='bbox 199 269 402 309; x_wconf 87' lang='lat' dir='ltr'>Domino</span> <span class='ocrx_word' id='word_1_13' title='bbox 424 269 563 319; x_wconf 87' lang='lat' dir='ltr'>trahi,</span> <span class='ocrx_word' id='word_1_14' title='bbox 587 269 633 309; x_wconf 91' lang='lat' dir='ltr'>in</span> <span class='ocrx_word' id='word_1_15' title='bbox 654 269 791 309; x_wconf 87' lang='lat' dir='ltr'>domo</span> <span class='ocrx_word' id='word_1_16' title='bbox 813 268 1118 319; x_wconf 81' lang='lat' dir='ltr'>suscepimus3</span> <span class='ocrx_word' id='word_1_17' title='bbox 1143 267 1259 307; x_wconf 86' lang='lat' dir='ltr'>alios</span> <span class='ocrx_word' id='word_1_18' title='bbox 1275 280 1458 320; x_wconf 88' lang='lat' dir='ltr'>quoque</span> <span class='ocrx_word' id='word_1_19' title='bbox 1475 269 1591 308; x_wconf 89' lang='lat' dir='ltr'>duos</span> <span class='ocrx_word' id='word_1_20' title='bbox 1607 268 1830 309; x_wconf 85' lang='lat' dir='ltr'>Leodien-</span> 
     </span>
     <span class='ocr_line' id='line_1_4' title="bbox 198 338 1830 391; baseline -0.001 -11"><span class='ocrx_word' id='word_1_21' title='bbox 198 352 273 381; x_wconf 87' lang='lat' dir='ltr'>ses</span> <span class='ocrx_word' id='word_1_22' title='bbox 294 341 534 391; x_wconf 81' lang='lat' dir='ltr'>habemus,</span> <span class='ocrx_word' id='word_1_23' title='bbox 560 341 616 380; x_wconf 87' lang='lat' dir='ltr'>de</span> <span class='ocrx_word' id='word_1_24' title='bbox 637 340 802 391; x_wconf 89' lang='lat' dir='ltr'>quibus</span> <span class='ocrx_word' id='word_1_25' title='bbox 824 339 969 379; x_wconf 81' lang='lat' dir='ltr'>multa</span> <span class='ocrx_word' id='word_1_26' title='bbox 990 338 1113 378; x_wconf 86' lang='lat' dir='ltr'>bona</span> <span class='ocrx_word' id='word_1_27' title='bbox 1134 350 1393 390; x_wconf 87' lang='lat' dir='ltr'>speramus,</span> <span class='ocrx_word' id='word_1_28' title='bbox 1419 351 1523 379; x_wconf 88' lang='lat' dir='ltr'>cum</span> <span class='ocrx_word' id='word_1_29' title='bbox 1539 345 1708 391; x_wconf 89' lang='lat' dir='ltr'>nepote</span> <span class='ocrx_word' id='word_1_30' title='bbox 1725 351 1830 379; x_wconf 87' lang='lat' dir='ltr'>con-</span> 
     </span>
     <span class='ocr_line' id='line_1_5' title="bbox 199 408 1830 461; baseline -0.001 -9"><span class='ocrx_word' id='word_1_31' title='bbox 199 412 358 452; x_wconf 75' lang='lat' dir='ltr'>fratris</span> <span class='ocrx_word' id='word_1_32' title='bbox 378 411 529 452; x_wconf 80' lang='lat' dir='ltr'>nostri</span> <span class='ocrx_word' id='word_1_33' title='bbox 550 410 765 456; x_wconf 77' lang='lat' dir='ltr'>Balduini</span> <span class='ocrx_word' id='word_1_34' title='bbox 790 408 814 449; x_wconf 92' lang='lat'>¹.</span> <span class='ocrx_word' id='word_1_35' title='bbox 839 408 1024 449; x_wconf 89' lang='lat' dir='ltr'>Novum</span> <span class='ocrx_word' id='word_1_36' title='bbox 1047 409 1190 449; x_wconf 84' lang='lat' dir='ltr'>etiam</span> <span class='ocrx_word' id='word_1_37' title='bbox 1205 409 1431 449; x_wconf 83' lang='lat' dir='ltr'>habemus</span> <span class='ocrx_word' id='word_1_38' title='bbox 1447 421 1649 461; x_wconf 90' lang='lat' dir='ltr'>coquum</span> <span class='ocrx_word' id='word_1_39' title='bbox 1663 411 1830 461; x_wconf 86' lang='lat' dir='ltr'>viginti</span> 
     </span>
     <span class='ocr_line' id='line_1_6' title="bbox 199 480 1831 535; baseline -0.001 -12"><span class='ocrx_word' id='word_1_40' title='bbox 199 490 402 535; x_wconf 83' lang='lat' dir='ltr'>quatuor</span> <span class='ocrx_word' id='word_1_41' title='bbox 423 493 668 531; x_wconf 83' lang='lat' dir='ltr'>annorum,</span> <span class='ocrx_word' id='word_1_42' title='bbox 692 481 769 532; x_wconf 88' lang='lat' dir='ltr'>qui</span> <span class='ocrx_word' id='word_1_43' title='bbox 790 493 839 521; x_wconf 91' lang='lat' dir='ltr'>se</span> <span class='ocrx_word' id='word_1_44' title='bbox 861 481 908 521; x_wconf 90' lang='lat' dir='ltr'>in</span> <span class='ocrx_word' id='word_1_45' title='bbox 936 480 1150 521; x_wconf 90' lang='lat' dir='ltr'>omnibus</span> <span class='ocrx_word' id='word_1_46' title='bbox 1177 486 1222 520; x_wconf 90' lang='lat' dir='ltr'>et</span> <span class='ocrx_word' id='word_1_47' title='bbox 1251 480 1311 520; x_wconf 85' lang='lat' dir='ltr'>ad</span> <span class='ocrx_word' id='word_1_48' title='bbox 1334 482 1504 532; x_wconf 82' lang='lat' dir='ltr'>omnia,</span> <span class='ocrx_word' id='word_1_49' title='bbox 1527 481 1703 522; x_wconf 79' lang='lat' dir='ltr'>Christi</span> <span class='ocrx_word' id='word_1_50' title='bbox 1721 482 1831 535; x_wconf 87' lang='lat' dir='ltr'>Jesu</span> 
     </span>
     <span class='ocr_line' id='line_1_7' title="bbox 200 550 1507 605; baseline -0.003 -10"><span class='ocrx_word' id='word_1_51' title='bbox 200 566 373 605; x_wconf 72' lang='lat' dir='ltr'>amore,</span> <span class='ocrx_word' id='word_1_52' title='bbox 396 554 640 605; x_wconf 79' lang='lat' dir='ltr'>resignare</span> <span class='ocrx_word' id='word_1_53' title='bbox 662 552 817 592; x_wconf 88' lang='lat' dir='ltr'>studet</span> <span class='ocrx_word' id='word_1_54' title='bbox 839 558 883 592; x_wconf 88' lang='lat' dir='ltr'>et</span> <span class='ocrx_word' id='word_1_55' title='bbox 904 563 954 592; x_wconf 92' lang='lat' dir='ltr'>se</span> <span class='ocrx_word' id='word_1_56' title='bbox 974 558 1124 592; x_wconf 88' lang='lat' dir='ltr'>totum</span> <span class='ocrx_word' id='word_1_57' title='bbox 1141 550 1364 592; x_wconf 83' lang='lat' dir='ltr'>Societati</span> <span class='ocrx_word' id='word_1_58' title='bbox 1381 552 1507 592; x_wconf 82' lang='lat' dir='ltr'>dare.</span> 
     </span>
    </p>

    <p class='ocr_par' dir='ltr' id='par_1_3' title="bbox 197 623 1832 961">
     <span class='ocr_line' id='line_1_8' title="bbox 278 623 1831 676; baseline -0.001 -10"><span class='ocrx_word' id='word_1_59' title='bbox 278 626 423 675; x_wconf 88' lang='lat' dir='ltr'>Haec,</span> <span class='ocrx_word' id='word_1_60' title='bbox 442 636 527 676; x_wconf 85' lang='lat' dir='ltr'>pro</span> <span class='ocrx_word' id='word_1_61' title='bbox 546 625 634 664; x_wconf 90' lang='lat' dir='ltr'>hoc</span> <span class='ocrx_word' id='word_1_62' title='bbox 652 630 877 675; x_wconf 88' lang='lat' dir='ltr'>tempore,</span> <span class='ocrx_word' id='word_1_63' title='bbox 896 623 945 663; x_wconf 87' lang='lat' dir='ltr'>P.</span> <span class='ocrx_word' id='word_1_64' title='bbox 970 623 1030 664; x_wconf 82' lang='lat' dir='ltr'>V.</span> <span class='ocrx_word' id='word_1_65' title='bbox 1055 623 1302 663; x_wconf 85' lang='lat' dir='ltr'>scribenda</span> <span class='ocrx_word' id='word_1_66' title='bbox 1319 629 1586 672; x_wconf 83' lang='lat' dir='ltr'>occurrunt,</span> <span class='ocrx_word' id='word_1_67' title='bbox 1607 624 1678 663; x_wconf 92' lang='lat' dir='ltr'>cui</span> <span class='ocrx_word' id='word_1_68' title='bbox 1697 625 1831 665; x_wconf 84' lang='lat' dir='ltr'>unice</span> 
     </span>
     <span class='ocr_line' id='line_1_9' title="bbox 198 694 1830 746; baseline -0.002 -8"><span class='ocrx_word' id='word_1_69' title='bbox 198 710 283 738; x_wconf 89' lang='lat' dir='ltr'>nos</span> <span class='ocrx_word' id='word_1_70' title='bbox 304 696 701 745; x_wconf 85' lang='lat' dir='ltr'>commendamus,</span> <span class='ocrx_word' id='word_1_71' title='bbox 726 694 1204 746; x_wconf 80' lang='lat' dir='ltr'>Reverendorumque</span> <span class='ocrx_word' id='word_1_72' title='bbox 1225 694 1418 734; x_wconf 84' lang='lat' dir='ltr'>Patrum</span> <span class='ocrx_word' id='word_1_73' title='bbox 1439 699 1483 734; x_wconf 89' lang='lat' dir='ltr'>et</span> <span class='ocrx_word' id='word_1_74' title='bbox 1502 694 1722 735; x_wconf 78' lang='lat' dir='ltr'>Fratrum</span> <span class='ocrx_word' id='word_1_75' title='bbox 1742 695 1830 735; x_wconf 89' lang='lat' dir='ltr'>Ro-</span> 
     </span>
     <span class='ocr_line' id='line_1_10' title="bbox 198 765 1829 819; baseline -0.002 -10"><span class='ocrx_word' id='word_1_76' title='bbox 198 780 302 809; x_wconf 86' lang='lat' dir='ltr'>mae</span> <span class='ocrx_word' id='word_1_77' title='bbox 338 767 576 819; x_wconf 77' lang='lat' dir='ltr'>agentium</span> <span class='ocrx_word' id='word_1_78' title='bbox 608 766 824 818; x_wconf 80' lang='lat' dir='ltr'>precibus</span> <span class='ocrx_word' id='word_1_79' title='bbox 854 766 1106 817; x_wconf 91' lang='lat' dir='ltr'>plurimum</span> <span class='ocrx_word' id='word_1_80' title='bbox 1136 765 1276 805; x_wconf 88' lang='lat' dir='ltr'>etiam</span> <span class='ocrx_word' id='word_1_81' title='bbox 1311 776 1396 805; x_wconf 88' lang='lat' dir='ltr'>nos</span> <span class='ocrx_word' id='word_1_82' title='bbox 1431 766 1829 816; x_wconf 84' lang='lat' dir='ltr'>commendantes,</span> 
     </span>
     <span class='ocr_line' id='line_1_11' title="bbox 197 836 1832 892; baseline -0.002 -12"><span class='ocrx_word' id='word_1_83' title='bbox 197 852 314 892; x_wconf 79' lang='lat' dir='ltr'>quos</span> <span class='ocrx_word' id='word_1_84' title='bbox 336 851 497 879; x_wconf 90' lang='lat' dir='ltr'>omnes</span> <span class='ocrx_word' id='word_1_85' title='bbox 518 839 565 878; x_wconf 87' lang='lat' dir='ltr'>in</span> <span class='ocrx_word' id='word_1_86' title='bbox 586 837 773 878; x_wconf 84' lang='lat' dir='ltr'>Christo</span> <span class='ocrx_word' id='word_1_87' title='bbox 795 837 1024 877; x_wconf 85' lang='lat' dir='ltr'>salutatos</span> <span class='ocrx_word' id='word_1_88' title='bbox 1048 836 1272 888; x_wconf 90' lang='lat' dir='ltr'>cupimus.</span> <span class='ocrx_word' id='word_1_89' title='bbox 1297 836 1422 876; x_wconf 88' lang='lat' dir='ltr'>Bene</span> <span class='ocrx_word' id='word_1_90' title='bbox 1443 837 1601 876; x_wconf 82' lang='lat' dir='ltr'>valeat</span> <span class='ocrx_word' id='word_1_91' title='bbox 1621 836 1670 876; x_wconf 89' lang='lat' dir='ltr'>P.</span> <span class='ocrx_word' id='word_1_92' title='bbox 1694 836 1753 877; x_wconf 83' lang='lat' dir='ltr'>V.</span> <span class='ocrx_word' id='word_1_93' title='bbox 1785 837 1832 877; x_wconf 92' lang='lat' dir='ltr'>in</span> 
     </span>
     <span class='ocr_line' id='line_1_12' title="bbox 197 911 606 961; baseline -0.01 -10"><span class='ocrx_word' id='word_1_94' title='bbox 197 911 383 951; x_wconf 86' lang='lat' dir='ltr'>Christo</span> <span class='ocrx_word' id='word_1_95' title='bbox 405 921 606 961; x_wconf 86' lang='lat' dir='ltr'>semper.</span> 
     </span>
    </p>

    <p class='ocr_par' dir='ltr' id='par_1_4' title="bbox 280 980 814 1033">
     <span class='ocr_line' id='line_1_13' title="bbox 280 980 814 1033; baseline -0.004 -12"><span class='ocrx_word' id='word_1_96' title='bbox 280 982 394 1033; x_wconf 78' lang='lat'>1551,</span> <span class='ocrx_word' id='word_1_97' title='bbox 417 981 487 1033; x_wconf 50' lang='lat' dir='ltr'>pfl</span> <span class='ocrx_word' id='word_1_98' title='bbox 511 980 814 1032; x_wconf 83' lang='lat' dir='ltr'>Septembris.</span> 
     </span>
    </p>

    <p class='ocr_par' dir='ltr' id='par_1_5' title="bbox 276 1052 966 1103">
     <span class='ocr_line' id='line_1_14' title="bbox 276 1052 966 1103; baseline -0.003 -10"><span class='ocrx_word' id='word_1_99' title='bbox 276 1053 375 1093; x_wconf 67' lang='lat' dir='ltr'>Rae</span> <span class='ocrx_word' id='word_1_100' title='bbox 405 1053 510 1093; x_wconf 57' lang='lat' dir='ltr'>Vssoe</span> <span class='ocrx_word' id='word_1_101' title='bbox 540 1063 706 1092; x_wconf 78' lang='lat' dir='ltr'>servus</span> <span class='ocrx_word' id='word_1_102' title='bbox 729 1052 966 1103; x_wconf 86' lang='lat' dir='ltr'>indignus,</span> 
     </span>
    </p>
   </div>
   <div class='ocr_carea' id='block_1_3' title="bbox 1163 1194 1665 1235">
    <p class='ocr_par' dir='ltr' id='par_1_6' title="bbox 1163 1194 1665 1235">
     <span class='ocr_line' id='line_1_15' title="bbox 1163 1194 1665 1235; baseline -0.004 -1"><span class='ocrx_word' id='word_1_103' title='bbox 1163 1194 1447 1234; x_wconf 80' lang='lat' dir='ltr'><strong>LEONARDUS</strong></span> <span class='ocrx_word' id='word_1_104' title='bbox 1468 1194 1665 1235; x_wconf 81' lang='lat' dir='ltr'>KESSEL.</span> 
     </span>
    </p>
   </div>
   <div class='ocr_carea' id='block_1_4' title="bbox 193 1407 1829 1675">
    <p class='ocr_par' dir='ltr' id='par_1_7' title="bbox 193 1407 1829 1535">
     <span class='ocr_line' id='line_1_16' title="bbox 274 1407 1829 1462; baseline -0.001 -11"><span class='ocrx_word' id='word_1_105' title='bbox 274 1410 644 1462; x_wconf 72' lang='lat' dir='ltr'>Scherscmptz’o.</span> <span class='ocrx_word' id='word_1_106' title='bbox 669 1409 700 1461; x_wconf 57' lang='grc' dir='ltr'>ἢ·</span> <span class='ocrx_word' id='word_1_107' title='bbox 721 1408 822 1449; x_wconf 80' lang='lat' dir='ltr'><strong>R.d0</strong></span> <span class='ocrx_word' id='word_1_108' title='bbox 838 1409 883 1448; x_wconf 88' lang='lat' dir='ltr'>in</span> <span class='ocrx_word' id='word_1_109' title='bbox 906 1408 1092 1449; x_wconf 89' lang='lat' dir='ltr'>Christo</span> <span class='ocrx_word' id='word_1_110' title='bbox 1114 1407 1243 1448; x_wconf 82' lang='lat' dir='ltr'>Patri</span> <span class='ocrx_word' id='word_1_111' title='bbox 1264 1407 1321 1448; x_wconf 92' lang='lat' dir='ltr'>D.</span> <span class='ocrx_word' id='word_1_112' title='bbox 1347 1408 1528 1459; x_wconf 84' lang='lat' dir='ltr'>Ignatio</span> <span class='ocrx_word' id='word_1_113' title='bbox 1551 1409 1606 1448; x_wconf 91' lang='lat' dir='ltr'>de</span> <span class='ocrx_word' id='word_1_114' title='bbox 1634 1409 1829 1461; x_wconf 76' lang='lat' dir='ltr'>Loyola,</span> 
     </span>
     <span class='ocr_line' id='line_1_17' title="bbox 193 1480 1107 1535; baseline -0.007 -11"><span class='ocrx_word' id='word_1_115' title='bbox 193 1483 446 1525; x_wconf 83' lang='lat' dir='ltr'>Societatis</span> <span class='ocrx_word' id='word_1_116' title='bbox 465 1482 575 1535; x_wconf 89' lang='lat' dir='ltr'>Jesu</span> <span class='ocrx_word' id='word_1_117' title='bbox 596 1481 888 1533; x_wconf 81' lang='lat' dir='ltr'>Praeposito.</span> <span class='ocrx_word' id='word_1_118' title='bbox 912 1480 1107 1520; x_wconf 82' lang='lat' dir='ltr'>Romae.</span> 
     </span>
    </p>

    <p class='ocr_par' dir='ltr' id='par_1_8' title="bbox 272 1550 1245 1604">
     <span class='ocr_line' id='line_1_18' title="bbox 272 1550 1245 1604; baseline -0.004 -10"><span class='ocrx_word' id='word_1_119' title='bbox 272 1553 386 1594; x_wconf 68' lang='lat' dir='ltr'>Alia</span> <span class='ocrx_word' id='word_1_120' title='bbox 407 1565 571 1594; x_wconf 76' lang='lat' dir='ltr'>mmm:</span> <span class='ocrx_word' id='word_1_121' title='bbox 594 1553 743 1604; x_wconf 82' lang='lat' dir='ltr'>Quad.</span> <span class='ocrx_word' id='word_1_122' title='bbox 769 1552 930 1593; x_wconf 88' lang='lat' dir='ltr'>Colon.</span> <span class='ocrx_word' id='word_1_123' title='bbox 956 1551 1024 1603; x_wconf 58' lang='lat' dir='ltr'>pf*</span> <span class='ocrx_word' id='word_1_124' title='bbox 1045 1550 1245 1602; x_wconf 84' lang='lat' dir='ltr'>Septem.</span> 
     </span>
    </p>

    <p class='ocr_par' dir='ltr' id='par_1_9' title="bbox 284 1622 892 1675">
     <span class='ocr_line' id='line_1_19' title="bbox 284 1622 892 1675; baseline -0.005 -10"><span class='ocrx_word' id='word_1_125' title='bbox 284 1625 547 1675; x_wconf 72' lang='lat' dir='ltr'>Vestigium</span> <span class='ocrx_word' id='word_1_126' title='bbox 570 1635 701 1664; x_wconf 73' lang='lat' dir='ltr'>cerae</span> <span class='ocrx_word' id='word_1_127' title='bbox 721 1622 892 1674; x_wconf 72' lang='lat' dir='ltr'>sigilli.</span> 
     </span>
    </p>
   </div>
   <div class='ocr_carea' id='block_1_5' title="bbox 228 1726 417 1731">
    <p class='ocr_par' dir='ltr' id='par_1_10' title="bbox 228 1726 417 1731">
     <span class='ocr_line' id='line_1_20' title="bbox 228 1726 417 1731; baseline 0 0"><span class='ocrx_word' id='word_1_128' title='bbox 228 1726 417 1731; x_wconf 95' lang='lat' dir='ltr'> </span> 
     </span>
    </p>
   </div>
   <div class='ocr_carea' id='block_1_6' title="bbox 248 1785 638 1819">
    <p class='ocr_par' dir='ltr' id='par_1_11' title="bbox 248 1785 638 1819">
     <span class='ocr_line' id='line_1_21' title="bbox 248 1785 638 1819; baseline -0.003 -7"><span class='ocrx_word' id='word_1_129' title='bbox 248 1787 255 1805; x_wconf 86' lang='lat'><strong>¹</strong></span> <span class='ocrx_word' id='word_1_130' title='bbox 296 1785 455 1813; x_wconf 84' lang='lat' dir='ltr'>Balduini</span> <span class='ocrx_word' id='word_1_131' title='bbox 472 1785 638 1819; x_wconf 74' lang='lat' dir='ltr'>Delange.</span> 
     </span>
    </p>
   </div>
  </div>
 </body>
</html>
