2074 3179
938 172 1022 209 Ax.
1054 171 1141 208 1551
1785 168 1858 205 397

308 270 506 322 Quidam
522 270 784 321 religiosus
805 269 914 309 olim
934 267 996 309 si
1025 267 1273 318 Dominici,
1300 278 1423 306 nunc
1447 266 1637 305 alterius
1664 265 1855 315 ordinis,

226 343 389 382 eadem
412 341 611 381 absolvit
633 341 880 391 exercitia,
904 351 998 379 non
1022 339 1120 378 sine
1143 349 1314 389 magno
1342 336 1494 376 fructu
1516 342 1559 376 et
1588 336 1712 375 vitae
1746 348 1857 375 suae

227 413 572 462 emendatione,
604 419 888 463 paratusque
916 416 985 450 est
1016 410 1168 450 redire
1190 408 1249 448 ad
1278 408 1480 460 primum
1511 419 1645 447 suum
1681 407 1858 446 institu-

227 492 346 534 tum,
383 495 410 523 a
445 495 535 534 quo
567 494 650 534 per
685 482 1081 533 dispensationem
1110 492 1158 520 se
1186 480 1505 528 subtraxerat,
1542 478 1679 518 modo
1715 478 1859 528 recipi

227 554 389 607 possit,
412 554 489 593 vel
510 554 834 604 ingressurum
850 552 1162 593 Carthusiam.
1184 550 1394 590 Tandem
1411 549 1597 599 rogavit
1621 549 1791 587 obnixe
1813 548 1859 587 in

228 625 429 666 Domino
450 630 500 664 ut
521 623 684 663 Patres
705 624 760 663 de
782 623 883 675 ipso
905 623 1205 673 disponerent
1233 619 1489 660 secundum
1515 619 1858 670 beneplacitum

229 708 402 736 eorum.

309 767 543 818 Receptus
570 772 639 806 est
667 766 713 805 in
744 764 1027 805 Societatem
1053 769 1264 803 nostram
1293 762 1526 803 Oliverius
1552 760 1769 810 Flander,
1805 761 1861 800 de

232 850 320 890 quo
342 837 457 877 alias
478 837 538 877 ad
554 849 639 877 vos
661 836 847 887 scripsit
863 835 1002 875 Pater
1023 834 1249 885 Baptista.
1270 833 1312 873 [s
1334 844 1416 884 pei·
1434 843 1607 872 annum
1625 832 1861 882 integrum

234 909 558 960 perseveravit
579 908 624 947 in
642 908 730 947 hac
748 908 986 947 voluntate
1005 917 1012 956 3
1030 911 1079 945 ut
1096 904 1425 945 honestissima
1446 903 1600 954 specie
1622 914 1677 942 ac
1695 902 1862 942 robore

236 979 461 1030 corporis,
485 980 566 1029 ita,
586 977 710 1030 quod
731 977 1022 1029 praeclarius
1043 982 1127 1027 est,
1152 976 1327 1026 optima
1357 974 1499 1014 animi
1520 973 1672 1013 indole
1704 978 1748 1012 et
1769 984 1863 1012 mo—

237 1050 385 1090 destia
405 1049 644 1100 praeditus
668 1055 752 1088 est.

311 1120 362 1160 ln
390 1120 508 1159 festo
543 1119 878 1159 Penthecostes
908 1122 1186 1169 receperunt
1217 1129 1244 1156 a
1265 1116 1482 1157 Patribus
1517 1120 1865 1155 sacramentum

229 1191 424 1243 synaxis
458 1190 644 1241 plurimi
673 1189 957 1239 scholastici,
989 1189 1277 1239 singulisque
1305 1187 1467 1227 diebus
1493 1186 1624 1226 sestis
1651 1197 1864 1236 perseve-

232 1269 337 1302 rant
358 1262 505 1302 multi.

311 1333 455 1373 Multa
475 1333 566 1372 alia
583 1333 844 1384 potuissent
863 1344 889 1371 a
907 1331 1123 1371 Patribus
1139 1330 1261 1380 fieri,
1282 1330 1373 1369 nisi
1390 1328 1643 1368 obstitisset
1662 1327 1864 1367 adversa

230 1404 448 1445 valetudo
470 1404 625 1444 Patris
645 1403 901 1455 Baptistae,
926 1403 968 1442 in
994 1413 1134 1454 quam
1155 1401 1343 1452 saepius
1365 1400 1544 1440 recidit.

310 1475 394 1515 His
415 1475 554 1515 finem
585 1474 770 1515 dicendi
803 1474 997 1521 faciam,
1032 1472 1365 1513 commendans
1395 1470 1683 1511 orationibus
1718 1470 1766 1509 P.
1800 1469 1859 1510 V.

230 1546 455 1598 imprimis
481 1546 687 1586 animam
714 1557 889 1595 meam,
914 1544 1080 1585 deinde
1102 1543 1310 1583 infirmos
1341 1542 1504 1582 Patres
1528 1554 1583 1581 ac
1615 1540 1863 1580 universos

230 1618 415 1668 fratres,
446 1617 524 1669 qui
557 1628 719 1657 omnes
746 1617 882 1656 simul
912 1615 1199 1667 complemus
1226 1624 1472 1653 numerum
1504 1611 1859 1662 duodenarium,

231 1696 416 1741 praeter
438 1689 555 1728 duos
574 1688 790 1728 famulos.

311 1760 433 1800 Bene
453 1760 574 1807 vale,
598 1759 662 1798 mi
681 1757 782 1798 R.de
810 1757 859 1797 P.
883 1758 929 1797 in
950 1757 1072 1797 Dno.
1095 1757 1220 1810 Jesu,
1246 1767 1383 1807 quem
1409 1766 1634 1805 rogamus
1654 1759 1703 1793 ut
1724 1760 1767 1792 te
1785 1753 1863 1792 diu

231 1832 512 1871 incolumem
530 1836 701 1870 servet.

308 1902 535 1950 Lutetiae,
558 1901 650 1940 kal.
674 1899 959 1952 Septembris
985 1898 1098 1938 1551.

311 1973 437 2012 Tuus
459 1972 505 2011 in
526 1971 647 2022 Xpo.
673 1969 1077 2011 obedientissimus
1098 1968 1232 2018 filius,

1036 2110 1282 2151 ROBERTUS
1313 2109 1644 2150 CLAYSSONIUS.
