2074 3179
242 139 313 176 ‹33ss
761 137 986 174 LerERAE
1015 134 1374 178 QU'ADRmEsTREs

241 235 380 275 nubio
403 236 478 274 vel
498 235 546 274 in
567 235 794 275 coenobio
822 234 1225 285 collocandarum,
1255 247 1374 287 quae
1402 242 1755 286 convertuntur,
1785 248 1880 276 mu-

241 307 406 346 lierum
427 306 581 357 gratia
603 305 889 356 erogandaS,
915 312 959 346 et
980 307 1269 357 peccatrices
1299 306 1412 347 fiunt
1441 307 1500 347 ad
1527 307 1882 358 cognoscendas

242 377 404 417 sordes
427 377 709 418 oculatiores
731 383 775 417 et
796 377 854 416 ad
887 377 1108 417 eluendas
1137 376 1303 417 deinde
1331 378 1546 428 cognitas
1573 377 1877 418 ardentiores.

241 447 343 488 Non
366 448 529 498 paucis
551 448 721 488 abhinc
743 448 927 498 diebus,
953 449 1128 500 aliquot
1149 448 1301 488 adhuc
1322 461 1346 488 e
1367 460 1512 488 coeno
1534 449 1752 500 vitaeque
1784 449 1883 489 libi-

242 519 433 559 dinosae
462 520 556 559 luto
584 519 770 570 penitus
808 526 1116 566 emerserunt,
1148 525 1214 569 et,
1251 520 1450 559 extersis
1484 519 1883 560 immunditiarum

241 602 434 630 suarum
453 591 666 641 maculis,
690 590 850 642 purius
872 596 914 630 et
937 591 1178 631 honestius
1199 591 1325 631 vitae
1347 602 1495 641 genus
1518 592 1772 642 elegerunt.

321 661 396 701 Ad
432 662 549 702 haec
584 662 782 712 singulis
820 662 942 702 idem
976 662 1366 713 quadragesimae
1402 662 1648 702 dominicis
1678 668 1723 702 et
1751 662 1885 702 festis

242 733 418 785 aliquot
446 733 608 773 diebus
644 733 690 773 in
719 734 1005 785 amplissimo
1036 733 1188 773 Divae
1216 733 1500 774 Catharinae
1528 734 1772 784 coenobio,
1804 733 1883 773 ubi

241 805 653 845 numerosissimus
683 811 753 845 est
779 805 1017 855 virginum
1049 805 1347 856 omniumque
1378 805 1602 845 nobilium
1629 805 1880 855 exercitus

242 887 361 926 quae
383 876 551 916 miram
571 875 823 927 quamdam
844 876 1066 927 pietatem
1096 876 1335 927 religionis
1363 876 1601 928 divinique
1630 877 1781 917 cultus
1811 888 1881 916 su-

243 947 534 997 spiciendum
554 959 668 999 prae
689 959 737 987 se
758 947 913 988 ferunt
934 947 1139 987 studium
1171 946 1494 998 [concionatus
1520 946 1628 999 est];
1661 954 1705 988 et
1735 959 1883 999 usque

243 1031 298 1059 eo
320 1018 377 1058 D.
403 1018 646 1059 Michaelis
668 1019 972 1059 concionibus
993 1018 1256 1058 afficiuntur
1278 1024 1327 1058 ut
1348 1019 1535 1070 saepius
1557 1017 1678 1070 apud
1699 1030 1749 1059 se
1776 1030 1883 1058 con-

244 1089 423 1130 cionari
446 1089 786 1130 ardentissimis
807 1096 1031 1141 exoptent
1052 1090 1311 1139 desideriis;
1335 1091 1460 1130 nulla
1482 1090 1761 1131 concionum
1782 1102 1884 1141 pos-

245 1161 335 1201 sint
357 1161 626 1213 prolixitate
649 1161 837 1213 satiari;
868 1162 970 1211 sed,
1005 1162 1043 1201 si
1073 1161 1260 1213 quando
1289 1160 1346 1201 D.
1379 1161 1579 1201 Michael
1610 1162 1667 1201 ab
1696 1174 1772 1212 eo,
1806 1162 1884 1213 qui

245 1233 494 1274 comitatur
514 1245 640 1283 eum,
665 1240 715 1273 ut
735 1233 920 1274 dicendi
941 1233 1079 1273 finem
1100 1233 1264 1283 faciat,
1290 1245 1396 1273 cum
1417 1233 1588 1273 diutius
1611 1232 1883 1273 concionem

245 1316 379 1345 suam
412 1304 598 1345 videtur
632 1305 946 1356 protraxisse,
985 1310 1320 1353 commonetur,
1351 1304 1397 1344 id
1426 1304 1598 1344 habent
1627 1304 1886 1355 ingratissi-

244 1388 385 1426 mum,
423 1382 467 1416 et
504 1376 562 1416 D.
600 1376 879 1416 Miehaelem
914 1381 1214 1427 monuerunt,
1252 1387 1308 1415 ne
1336 1387 1495 1415 secum
1523 1376 1663 1415 talem
1693 1375 1885 1415 duceret

246 1448 445 1499 amplius
474 1448 713 1499 comitem,
744 1447 822 1500 qui
849 1459 954 1487 eum
983 1448 1029 1488 in
1063 1447 1245 1492 dicendi
1273 1447 1461 1487 fervore
1490 1447 1809 1498 interpellaret
1840 1453 1885 1486 et

247 1520 374 1570 ipsas
402 1519 622 1559 audiendi
657 1519 965 1559 delectatione
1000 1519 1223 1570 privaret.
1257 1518 1453 1558 Accedit
1485 1518 1556 1558 his
1584 1517 1775 1558 Domini
1801 1517 1884 1557 Mi-

245 1591 421 1631 chaelis
443 1591 681 1631 laboribus
703 1591 825 1643 quod
847 1591 1013 1631 iisdem
1039 1591 1201 1631 diebus
1222 1590 1267 1630 in
1292 1591 1382 1630 alio
1411 1590 1694 1630 monasterio
1726 1589 1883 1629 mulie-

245 1674 348 1702 rum
375 1662 695 1711 concionatur,
726 1674 846 1714 quae
869 1674 963 1702 non
986 1663 1130 1702 multo
1153 1662 1306 1701 minus
1329 1673 1470 1712 quam
1494 1661 1613 1701 aliae
1636 1660 1887 1701 conciones

246 1733 368 1773 illius
389 1734 749 1785 amplectuntur.
774 1733 869 1773 Alii
889 1733 1060 1773 fratres
1091 1733 1193 1773 aliis
1220 1732 1457 1772 coenobiis
1485 1744 1620 1772 suam
1651 1732 1883 1772 concioni-

245 1806 331 1846 bus
352 1805 582 1845 habendis
604 1817 797 1857 operam
820 1806 1097 1845 detulerunt.

324 1876 629 1917 Reverendus
646 1876 877 1917 Dominus
895 1875 1068 1916 Paulus
1089 1875 1097 1894 ¹
1116 1876 1379 1916 doctrinam
1401 1876 1724 1925 christianam,
1747 1886 1887 1926 quam

244 1949 485 2001 discipulis
525 1949 740 1989 omnibus
776 1948 973 1999 singulis
1013 1948 1174 1988 diebus
1214 1947 1400 1987 veneris
1440 1947 1487 1986 in
1527 1946 1638 1986 Divi
1678 1946 1885 1994 Antonii,

245 2020 521 2061 coeuntibus
541 2026 788 2073 praeterea
809 2019 924 2060 viris
952 2026 995 2059 et
1024 2019 1294 2059 mulieribus
1326 2017 1489 2058 eodem
1519 2017 1667 2057 solitis
1696 2016 1887 2057 accede-

246 2105 324 2143 re,
365 2091 769 2143 interpretandam
808 2091 1129 2143 superioribus
1164 2089 1329 2129 litteris
1367 2089 1570 2129 diximus
1608 2088 1886 2138 suscepisse,

246 2171 435 2216 propter
458 2163 806 2204 confessionum
827 2162 996 2202 nimias
1013 2161 1362 2213 occupationes,
1383 2172 1502 2212 quae
1522 2160 1602 2200 vix
1625 2171 1731 2200 eum
1748 2159 1888 2210 respi-

246 2247 352 2276 rare
389 2236 739 2287 permittebant,
777 2235 865 2275 hac
895 2234 1143 2274 intermisit
1171 2232 1557 2285 quadragesima;
1587 2243 1769 2271 necnon
1798 2230 1889 2282 epi-

247 2309 416 2347 stolam
437 2307 495 2346 ad
517 2307 780 2357 Romanos,
805 2318 946 2357 quam
966 2305 1127 2356 lingua
1150 2305 1419 2354 vernacula,
1445 2304 1491 2343 in
1511 2303 1715 2354 gratiam
1738 2301 1889 2342 rudio-

247 2391 349 2419 rum
380 2379 590 2419 virorum
625 2384 669 2418 et
703 2378 971 2425 mulierum,
1011 2377 1172 2416 diebus
1205 2375 1471 2427 exponebat
1506 2373 1766 2414 dominicis.
1800 2371 1890 2412 Sed

248 2456 494 2502 utramque
515 2450 779 2499 lectionem,
805 2449 983 2489 exactis
1007 2447 1216 2488 Paschae
1238 2446 1389 2495 festis,
1416 2445 1599 2495 eadem,
1624 2456 1715 2496 qua
1737 2444 1889 2495 auspi—

249 2529 381 2562 catus
402 2521 570 2569 fuerat,
596 2521 838 2572 diligentia
859 2520 1091 2572 repetivit.

330 2594 389 2634 Hi
419 2600 546 2644 sunt,
577 2592 677 2633 Rde
705 2591 864 2642 Pater,
895 2597 1162 2631 nostrorum
1191 2590 1396 2639 labores,
1426 2588 1543 2628 haec
1572 2587 1772 2637 semina,
1803 2586 1893 2626 hae

250 2678 441 2716 messes,
474 2677 591 2717 quas
619 2675 863 2716 speramus
894 2662 1076 2703 futuras
1106 2661 1301 2713 posthac
1331 2659 1637 2711 copiosiores,
1668 2658 1707 2698 si
1734 2657 1892 2697 Domi-

252 2750 339 2777 nus
370 2737 537 2778 messis
563 2748 645 2788 per
680 2742 724 2776 te
758 2736 917 2787 plures
948 2733 1188 2786 operarios
1223 2732 1401 2773 miserit
1437 2732 1482 2771 in
1518 2730 1707 2770 vineam
1742 2739 1891 2778 suam;

250 2821 360 2849 nam
383 2809 548 2849 messis
571 2808 756 2859 quidem
778 2808 938 2855 multa,
965 2805 1168 2857 operarii
1190 2815 1304 2844 vero
1326 2803 1479 2854 pauci.

307 2972 313 2990 ¹
355 2971 479 2998 Paulus
498 2972 525 2997 d'
542 2971 700 2998 Achillis
