2074 3179
893 157 976 194 ΑΝ.
1009 158 1093 195 1551
1737 156 1802 191 401

181 268 306 296 cruz.
330 256 384 296 El
406 255 461 295 de
483 258 509 295 a
530 255 588 296 V.
614 254 662 294 P.
687 266 740 294 su
762 254 1005 294 santisima
1021 254 1184 304 gracia
1205 264 1293 293 con
1314 251 1548 291 cotidiano
1571 258 1803 291 aumento.

184 327 349 366 Amen.

263 397 332 437 De
353 396 519 437 Alcala
545 396 605 436 1.⁰
625 396 679 435 de
701 395 956 436 Setiembre
978 394 1033 434 de
1054 394 1220 434 MDLI.

264 467 334 508 De
354 467 412 507 V.
438 466 486 507 Ρ.
511 466 604 517 hijo
627 467 926 517 indignisimo
949 478 1005 505 en
1029 466 1183 506 Cristo

1326 606 1592 647 DIOstms.

267 825 633 877 Superscmptzb.
663 789 760 865 liis
792 824 851 864 Al
877 835 988 875 muy
1006 822 1107 863 R.d0
1129 834 1187 862 en
1208 822 1298 862 C.10
1316 822 1357 861 el
1377 821 1426 861 P.
1452 820 1656 860 Maestro
1677 819 1809 871 Igna-

187 897 274 947 cio,
299 895 539 947 preposito
561 896 763 936 General
783 895 838 935 de
858 895 903 934 la
923 893 1180 944 Compafiia
1201 893 1257 933 de
1278 893 1434 946 JesuS,
1458 904 1515 931 en
1537 891 1701 934 Roma.

267 966 475 1006 Polanci
492 978 637 1006 maun
653 966 702 1005 ln
723 969 897 1017 quarta
911 965 1119 1016 pagina:
1144 964 1258 1014 1551,
1283 963 1463 1005 Alcala.

277 1037 538 1087 Vestzgsmn
559 1037 719 1087 sigilli
736 1036 783 1075 sn
805 1048 911 1076 cera
932 1036 1091 1075 rubra.

946 1391 1057 1445 CH

264 1621 306 1658 Ρ.
326 1621 578 1658 Leonardus
593 1620 751 1657 Kessel

307 1686 427 1723 Patri
446 1685 615 1732 Ignatio
637 1686 689 1722 de
709 1685 892 1733 Loyola.

355 1749 550 1796 Colonia,
574 1750 589 1786 1
611 1749 883 1797 Septembris
902 1749 987 1787 1551
1007 1750 1032 1787 ¹.

967 1924 1063 2000 Ifsls

272 2103 436 2143 Gratia
457 2109 501 2142 et
522 2115 615 2154 pax
643 2102 815 2143 Christi
836 2101 1027 2142 Domini
1059 2102 1117 2142 sit
1145 2113 1329 2152 semper
1358 2102 1404 2141 in
1426 2101 1639 2141 omnibus
1666 2101 1813 2142 nobis.

271 2173 681 2213 Reverendissime
702 2173 749 2213 in
769 2172 956 2213 Christo
973 2172 1128 2212 Pater.

271 2244 499 2295 Proposui
533 2243 621 2283 Dei
649 2243 805 2295 gratia
836 2243 885 2283 P.
915 2242 975 2283 V.
1007 2243 1171 2295 paucis
1207 2244 1504 2284 conscribere
1535 2254 1740 2295 quonam
1775 2243 1822 2283 in

194 2322 317 2355 statu
338 2326 413 2355 res
434 2321 624 2355 nostrae
652 2314 874 2354 Coloniae
903 2326 951 2354 se
979 2314 1205 2365 habeant,
1235 2314 1371 2354 simul
1398 2314 1539 2354 etiam
1566 2314 1621 2354 de
1652 2313 1820 2364 fructu,

195 2398 331 2438 quem
365 2385 495 2426 Deus
530 2384 745 2437 Optimus
779 2385 1013 2425 Maximus
1049 2385 1125 2425 hic
1161 2385 1347 2437 operari
1381 2385 1601 2436 dignatus
1638 2390 1707 2425 est
1736 2385 1824 2425 hoc

196 2468 354 2497 mense
382 2456 600 2507 Augusti.

276 2527 326 2568 In
347 2527 508 2579 primis
534 2538 788 2578 numquam
816 2538 1007 2578 possum
1037 2526 1086 2566 P.
1119 2526 1177 2567 V.
1211 2527 1325 2567 satis
1355 2527 1537 2578 gratias
1566 2538 1709 2578 agere
1740 2539 1824 2579 pro

197 2606 326 2639 tanto
347 2598 486 2639 Patre
513 2604 558 2638 et
585 2597 840 2649 confratre,
869 2609 954 2649 pro
976 2597 1177 2638 Domino
1198 2598 1377 2639 scilicet
1399 2597 1612 2638 Arnoldo
1635 2597 1664 2650 ²,
1690 2611 1827 2651 quem

197 2669 245 2710 P.
270 2669 329 2710 V.
354 2669 413 2710 ad
433 2681 518 2709 nos
540 2669 678 2719 misit,
703 2667 833 2720 cujus
853 2668 1084 2720 colloquio
1106 2674 1151 2708 et
1171 2669 1528 2709 conversatione
1556 2670 1751 2710 multum
1781 2670 1828 2710 in

198 2740 401 2780 Domino
418 2739 616 2790 reficior,
636 2751 722 2779 nec
738 2751 886 2790 parvo
903 2751 1009 2779 cum
1025 2738 1179 2779 fructu
1196 2739 1417 2780 Coloniae
1435 2746 1605 2790 manet3
1630 2751 1828 2792 corpore

199 2823 321 2851 nunc
342 2823 486 2851 sanus
506 2817 550 2851 et
571 2810 704 2850 fortis
725 2816 814 2861 est,
837 2811 939 2851 laus
966 2809 1067 2850 Deo
1096 2810 1416 2862 omnipotenti.
1446 2811 1551 2862 Ipso
1574 2811 1647 2851 die
1669 2810 1828 2852 Sancti

256 2922 264 2941 ¹
306 2922 553 2956 Autographae
569 2922 600 2949 in
614 2922 693 2949 folio
709 2921 846 2956 duplici.
862 2921 915 2949 cui
931 2922 1010 2949 olim
1025 2929 1079 2949 nn.
1097 2921 1151 2948 390
1165 2925 1198 2949 et
1212 2921 1276 2955 391,
1292 2929 1378 2949 nunc
1389 2922 1424 2949 88
1439 2926 1472 2949 et
1483 2923 1528 2950 89.

256 2969 270 2988 ²
308 2969 343 2995 P.
360 2969 532 2996 Arnoldus
548 2969 688 2996 Hezeus.

395 3026 443 3062 T.
467 3039 492 3063 2.
1574 3030 1618 3063 26
