2074 3179
866 195 948 232 Ax.
980 194 1066 232 1351
1716 193 1786 229 :385

160 294 496 334 interficiantur
517 298 560 332 et
580 293 881 332 vulnerentur
899 292 1044 339 multi,
1065 291 1156 342 qui,
1178 289 1355 330 aeterni
1371 288 1531 340 judicii
1553 289 1787 329 immemo-

160 378 255 415 res,
290 376 424 404 omne
454 376 501 403 se
532 364 811 414 supplicium
837 363 1044 403 evasisse
1072 367 1256 413 putant,
1289 361 1329 400 si
1358 359 1550 399 Minium
1580 360 1787 409 fluvium,

161 436 237 488 qui
258 435 496 487 proximus
517 440 605 485 est,
629 440 938 483 transeuntes,
963 434 1021 473 ad
1043 433 1166 473 aliud
1188 443 1398 482 regnum,
1423 430 1678 481 Galeciam,
1704 431 1787 470 sci-

159 507 286 554 licet,
311 505 597 556 confugiant.
620 505 828 545 Favente
849 505 969 555 Deo,
995 511 1092 544 tum
1112 504 1169 543 ab
1191 503 1294 543 aliis
1317 502 1441 542 vitiis
1462 507 1561 541 tum
1587 501 1790 541 maxime

162 578 217 616 ab
239 577 327 616 hoc
350 577 622 627 eripiuntur,
649 577 711 616 ita
734 582 782 616 ut
804 577 988 627 ipsimet
1019 574 1236 614 admirati
1264 575 1354 613 alte
1382 573 1539 612 dicant
1571 584 1688 624 quae
1720 573 1792 611 sui

160 648 480 688 immemorem
496 647 631 687 facile
653 646 711 686 ad
732 647 874 686 animi
895 646 1142 686 elationem
1166 644 1465 693 adducerent3
1486 655 1609 693 nam,
1630 649 1677 682 ut
1700 644 1792 682 alia

162 719 388 769 omittam,
413 718 549 758 modo
571 717 682 758 illud
703 725 886 768 tempus
908 717 1188 756 adventasse
1210 716 1383 762 dicunt,
1408 714 1532 766 quod
1553 726 1579 753 a
1610 713 1791 765 majori-

162 791 246 829 bus
268 795 516 829 venturum
538 794 838 839 acceperant,
864 799 954 838 quo
977 787 1145 827 mortui
1168 787 1314 826 vitam
1342 791 1496 825 essent
1519 785 1725 836 optaturi
1745 790 1793 824 ut

163 860 356 900 verbum
379 859 466 898 Dei
487 859 691 898 ostiatim
712 859 944 910 prolatum
966 858 1199 908 audirent,
1225 858 1439 898 viventes
1460 868 1574 897 vero
1596 861 1795 895 mortem

164 931 427 983 appetituri,
447 942 537 981 quo
554 930 625 980 iis,
638 941 754 981 quae
772 930 859 969 sibi
876 929 922 969 in
938 929 1094 969 futura
1110 930 1208 969 vita
1225 934 1506 980 praeparata
1518 927 1794 968 nunciaren-

164 1010 252 1052 tur,
276 1002 366 1041 frui
386 1002 561 1041 liceret.
586 1001 804 1040 Fratrum
830 1000 1023 1051 quisque
1052 1012 1343 1051 summopere
1371 999 1607 1039 contendit
1635 1011 1660 1037 a
1694 997 1794 1037 Deo

165 1073 374 1113 obtinere
395 1079 444 1112 ut
466 1071 681 1122 delegata
703 1062 790 1111 sibi
811 1071 1009 1111 ecclesia
1029 1082 1181 1110 vacua
1204 1071 1329 1110 omni
1353 1070 1458 1110 odio
1489 1070 1794 1121 relinquatur;

165 1151 302 1196 atque
325 1143 384 1183 ad
404 1143 450 1183 id
465 1155 558 1183 non
575 1143 725 1182 solum
743 1142 1016 1191 orationem,
1034 1142 1080 1181 in
1102 1153 1192 1192 qua
1209 1141 1501 1192 potissimum
1520 1140 1614 1180 fixa
1636 1151 1797 1179 eorum

166 1227 271 1267 spes
294 1221 378 1265 est,
402 1214 483 1254 sed
504 1220 549 1253 et
572 1213 661 1253 alia
683 1213 835 1253 media
858 1213 1078 1253 adhibent
1099 1218 1144 1252 et
1166 1212 1380 1252 omnibus
1403 1212 1664 1251 rationibus
1691 1211 1795 1250 cha-

166 1287 350 1326 ritatem
371 1290 673 1336 mutuumque
696 1296 904 1324 amorem
924 1284 971 1323 in
992 1295 1152 1323 eorum
1174 1283 1353 1322 animas
1375 1283 1595 1322 inducere
1626 1294 1796 1322 conan-

167 1363 255 1397 tur.
289 1357 351 1396 Hi
385 1356 616 1406 homines,
652 1356 759 1395 licet
793 1354 978 1395 infimae
1007 1354 1284 1395 conditionis
1311 1355 1422 1404 sint,
1454 1354 1520 1393 sic
1549 1365 1597 1393 se
1627 1353 1799 1393 dedunt

168 1428 295 1467 inani
314 1427 512 1478 gloriae,
537 1433 585 1466 ut
606 1427 644 1466 si
665 1426 767 1477 quis
788 1426 847 1466 ad
868 1426 1055 1466 veniam
1074 1425 1403 1477 postulandam
1423 1424 1656 1475 hortetur,
1681 1424 1799 1464 deri-

169 1499 306 1538 deant
337 1504 382 1537 et
413 1498 567 1549 potius
593 1497 718 1537 Vitae
745 1509 799 1537 ac
827 1497 893 1537 rei
927 1496 1169 1536 familiaris
1197 1508 1337 1547 quam
1364 1496 1543 1546 gloriae
1567 1494 1801 1546 jacturam

168 1570 323 1609 facere
344 1569 531 1619 eligant.
552 1568 779 1608 Dominus
795 1579 909 1608 vero
935 1568 980 1607 in
1002 1579 1057 1606 ea
1078 1579 1127 1607 re
1149 1572 1373 1618 quantum
1394 1566 1492 1618 ejus
1513 1578 1679 1606 manus
1697 1578 1799 1617 pos-

171 1641 250 1691 sit,
282 1639 567 1680 intermediis
601 1639 823 1679 fratribus
850 1640 975 1679 velut
997 1638 1330 1687 instrumentis,
1363 1637 1579 1677 ostendit.
1603 1637 1723 1677 Nam
1753 1643 1801 1676 ut

170 1711 277 1751 hinc
295 1710 528 1762 incipiam,
550 1722 655 1750 cum
671 1709 809 1750 Pater
826 1710 1028 1761 quidam,
1047 1709 1232 1749 nomine
1248 1709 1451 1762 Joannes
1471 1708 1681 1757 Gouvea,
1703 1715 1801 1747 toto

170 1783 259 1822 hoc
281 1793 402 1821 anno
424 1781 520 1821 fere
543 1781 790 1821 ecclesiam
809 1780 1079 1832 quamdam,
1104 1792 1223 1831 quae
1245 1780 1483 1820 hominum
1512 1779 1802 1818 multitudine

170 1858 381 1892 caeteras
401 1852 487 1892 has
510 1863 670 1892 omnes
690 1852 849 1902 vincit,
874 1852 1034 1891 diebus
1057 1851 1302 1891 dominicis
1324 1851 1536 1901 adiisset,
1561 1856 1610 1890 ut
1631 1861 1804 1901 pueros

170 1923 356 1964 doceret
378 1929 421 1963 et
442 1934 776 1974 nonnunquam
796 1928 845 1962 ut
867 1923 1246 1972 concionaretur,
1271 1922 1548 1973 saepiusque
1571 1921 1626 1960 de
1656 1921 1803 1960 inimi-

169 1995 289 2035 citiis
306 2001 351 2034 et
368 1994 499 2044 odiis,
518 1994 556 2034 si
574 2005 691 2045 quae
708 1999 878 2044 essent,
898 1994 1251 2044 interrogasset,
1274 1999 1373 2033 tum
1388 1992 1704 2042 Sacerdotem,
1728 1992 1803 2043 qui

170 2066 216 2105 in
236 2065 421 2105 illarum
443 2064 705 2104 animarum
726 2076 838 2104 cura
859 2064 1104 2114 incumbit,
1128 2070 1226 2104 tum
1248 2063 1390 2103 etiam
1411 2063 1526 2102 alios
1544 2095 1551 2113 ,
1585 2064 1804 2114 nullaque

171 2148 272 2176 esse
294 2136 650 2187 responderent,
676 2136 888 2175 absoluta
914 2134 1116 2186 quodam
1143 2134 1215 2174 die
1244 2134 1471 2174 concione
1501 2134 1548 2173 in
1574 2134 1663 2173 hac
1695 2145 1803 2184 qua—

171 2207 460 2258 dragesima,
489 2207 685 2258 genibus
713 2206 866 2256 flexis,
897 2218 1002 2246 cum
1028 2206 1183 2246 multis
1211 2205 1433 2256 lacrymis
1465 2206 1618 2256 coepit
1653 2206 1804 2245 excla-

172 2289 301 2317 mare
323 2283 366 2317 et
386 2277 565 2317 hortari
584 2282 633 2316 ut
654 2277 760 2317 odia
778 2277 1077 2328 deponerent,
1097 2288 1231 2328 quae,
1255 2276 1437 2316 etiamsi
1458 2276 1630 2315 vellent
1653 2276 1804 2316 occul-

172 2355 293 2399 tare,
317 2360 411 2388 non
431 2354 668 2400 poterant3
699 2359 895 2400 cumque
922 2348 989 2388 sic
1015 2359 1187 2399 magno
1219 2347 1362 2387 animi
1389 2346 1576 2387 fervore
1603 2347 1804 2398 totisque

172 2419 351 2459 viribus
373 2419 666 2459 adhortando
688 2418 747 2458 ad
768 2419 999 2459 amicitias
1020 2425 1322 2470 mutuumque
1345 2430 1554 2458 amorem
1574 2430 1656 2470 per
1678 2418 1805 2458 dimi—

173 2491 299 2531 dium
320 2490 466 2530 horae
482 2497 845 2541 perseverasset,
867 2496 998 2530 tanta
1014 2490 1165 2530 subito
1184 2490 1447 2530 animorum
1463 2489 1588 2529 facta
1607 2501 1806 2529 commo-

173 2561 237 2602 tio
259 2567 348 2612 est,
372 2568 421 2601 ut
440 2560 652 2601 homines
674 2567 718 2601 et
738 2562 970 2613 mulieres,
994 2561 1054 2601 ad
1074 2562 1310 2612 lacrymas
1333 2560 1563 2611 conversi,
1586 2572 1669 2612 per
1692 2560 1808 2600 duas

173 2632 316 2672 horas
338 2632 397 2672 ad
419 2632 570 2683 ipsum
593 2631 889 2683 accedentes,
915 2644 1020 2672 cum
1041 2632 1207 2683 quibus
1234 2631 1321 2671 sibi
1348 2631 1621 2671 inimicitiae
1650 2637 1806 2671 essent

173 2708 474 2754 exponerent.
499 2702 628 2742 Tunc
650 2703 763 2753 ipse,
788 2703 906 2743 sicut
927 2709 1050 2754 erat,
1075 2703 1270 2754 genibus
1287 2703 1440 2753 flexis,
1465 2702 1679 2742 inimicos
1697 2703 1807 2741 ami-

174 2785 255 2813 cos
274 2773 478 2813 faciebat
499 2779 558 2816 et.
583 2780 807 2824 quantum
827 2780 1031 2825 poterat,
1056 2779 1265 2813 mutuum
1285 2785 1493 2813 amorem
1509 2785 1594 2824 pro
1618 2772 1807 2813 Christo

176 2844 546 2884 commendabat.
572 2843 803 2894 Quoniam
822 2856 935 2884 vero
953 2845 1354 2896 advesperascens
1376 2844 1475 2884 dies
1495 2842 1689 2883 ulterius
1705 2855 1808 2895 pro-

175 2914 306 2965 gredi
329 2914 623 2965 impediebat,
648 2915 770 2965 quod
792 2921 900 2955 tunc
921 2915 1038 2955 effici
1058 2927 1151 2955 non
1171 2915 1342 2967 potuit,
1368 2915 1414 2954 in
1435 2915 1577 2954 alium
1599 2915 1720 2954 diem
1741 2914 1804 2953 fa-

177 2985 391 3025 ciendum
413 2984 711 3035 distulerunt3
736 2984 856 3036 quod
874 2991 1036 3036 postea
1058 2985 1236 3025 duobus
1254 2985 1416 3025 diebus
1434 2996 1680 3037 peragens,
1701 2996 1809 3024 cum

413 3059 464 3098 T.
495 3073 520 3099 1.
1575 3071 1617 3106 25
