2074 3179
251 128 323 165 286
760 129 986 166 LlTTERAE
1014 139 1374 172 QUADRmsss’sREs

251 225 314 265 011
335 225 519 277 precari
536 225 773 276 debemus,
793 225 1011 265 extrudat
1026 231 1076 265 ut
1093 227 1335 277 operarios
1351 238 1460 267 suos
1476 227 1523 267 in
1538 227 1728 267 vineam
1744 227 1882 268 istam

252 296 507 346 desertam,
540 308 678 347 super
711 308 851 347 quam
887 295 957 346 (ut
989 296 1138 336 Isaias
1165 297 1334 349 inquit)
1361 298 1621 338 ascendunt
1648 310 1817 351 vepres
1847 305 1891 339 et

253 367 429 419 spinae,
455 369 561 420 quia
583 379 679 407 non
704 373 908 419 putatur,
933 379 1028 408 non
1048 367 1236 419 foditur,
1260 368 1457 410 diruitur
1478 368 1577 421 ejus
1594 370 1814 421 maceria,
1837 376 1885 411 ut

252 439 312 479 sit
333 439 582 479 haereticis
604 439 650 479 in
672 438 986 490 direptionem
1006 445 1050 479 et
1072 440 1473 481 conculcationem
1496 440 1522 479 ¹.

334 509 425 550 Sed
453 510 626 550 nostris
658 505 816 550 *verbis
851 510 1203 561 commendare,
1228 511 1370 551 immo
1398 511 1641 563 deplorare
1663 518 1732 553 ter
1754 512 1889 553 mise-

252 592 355 621 ram
376 580 680 621 Germaniam
700 592 794 621 non
815 593 1062 621 necessum
1083 587 1172 632 est3
1202 593 1277 622 res
1299 582 1401 634 ipsa
1422 588 1620 624 testatur
1644 595 1735 636 quo
1759 584 1891 624 deve-

253 652 459 691 nerimus
482 651 630 691 relicti
652 663 678 691 a
700 651 856 703 bonis,
891 653 1105 703 oppressi
1136 664 1163 692 a
1192 653 1350 703 malis,
1383 653 1504 705 pleni
1539 654 1789 704 scandalis,
1814 655 1887 695 de-

253 723 335 763 diti
355 722 510 771 sectis,
537 722 782 763 obcaecati
802 723 1056 774 erroribus,
1082 724 1291 775 corrupti
1312 724 1478 764 studiis
1500 725 1651 765 omnis
1679 725 1888 776 impieta-

254 795 327 834 tis.
351 794 411 834 Ut
432 794 610 834 nullum
630 793 998 843 misericordiae,
1029 794 1288 844 charitatis,
1322 796 1668 847 compassionis
1690 796 1893 837 officium

253 865 477 906 collocari
498 876 636 917 posse
665 865 832 905 iustius
864 865 1102 917 videatur,
1141 878 1282 918 quam
1316 867 1363 906 in
1397 868 1738 908 sublevandam
1771 868 1893 908 hanc

253 949 395 978 unam
421 937 661 977 nationem
688 937 896 978 omnium
924 937 1300 989 afflictissimam,
1324 939 1636 980 miserrimam
1667 940 1892 992 deprava-

254 1009 589 1061 tissimamque.
611 1009 811 1061 Excitet,
833 1021 1023 1061 quaeso,
1043 1009 1173 1050 Deus
1189 1011 1331 1051 totius
1349 1011 1703 1063 consolationis,
1724 1012 1893 1053 excitet

254 1081 467 1132 spiritum
489 1091 626 1120 suum
645 1081 957 1132 principalem
977 1081 1025 1121 in
1051 1081 1252 1121 fratrum
1282 1088 1552 1122 nostrorum
1581 1083 1814 1134 cordibus,
1844 1089 1894 1123 ut

253 1151 535 1193 Germaniae
556 1157 764 1203 nostrae,
792 1151 924 1192 cuius
950 1152 1136 1192 inutiles
1164 1153 1302 1204 plane
1330 1153 1456 1193 servi
1478 1165 1657 1205 sumus,
1680 1154 1895 1205 germani

254 1224 318 1264 illi
345 1224 548 1264 cultores
579 1223 745 1264 adesse
774 1224 923 1264 velint
951 1229 996 1264 et
1029 1224 1234 1276 possint,
1267 1224 1457 1265 effusuri
1477 1225 1617 1265 etiam
1641 1225 1725 1276 (uti
1745 1225 1893 1275 decet)

251 1296 531 1347 sanguinem
548 1307 689 1347 saepe
706 1307 791 1347 pro
808 1295 1024 1336 Ecclesia
1041 1294 1228 1337 Christi.
1251 1295 1363 1337 Oret
1379 1308 1465 1348 pro
1482 1297 1617 1337 nobis
1634 1296 1799 1337 R.daP.
1821 1297 1890 1346 T.‚

253 1367 329 1407 cui
349 1367 657 1408 Germaniam
691 1367 846 1418 magis
873 1378 1014 1419 quam
1040 1378 1127 1408 nos
1153 1367 1281 1419 ipsos
1309 1368 1355 1407 in
1386 1367 1573 1408 Christo
1600 1368 1893 1409 commenda-

255 1444 351 1479 tam
372 1450 473 1479 esse
494 1438 714 1490 velimus,
739 1439 779 1479 si
804 1439 931 1491 loqui
959 1450 1018 1479 ex
1051 1439 1208 1479 animo
1230 1439 1471 1490 debemus,
1496 1451 1779 1491 quamquam
1799 1451 1893 1479 non

255 1510 410 1561 ignari
445 1522 557 1562 prae
589 1510 788 1550 caeteris
817 1510 1046 1561 omnibus,
1082 1510 1160 1562 qui
1187 1510 1235 1550 in
1255 1511 1344 1550 hac
1369 1510 1603 1551 Societate
1624 1516 1890 1561 versantur,

255 1592 395 1632 egere
416 1592 502 1621 nos
518 1581 770 1632 plurimum
789 1581 966 1621 sanctis
986 1581 1077 1621 tuis
1095 1581 1311 1633 precibus
1328 1581 1677 1634 sacrificiisque.

334 1652 608 1703 Ingolstadii
627 1658 865 1704 postremo
887 1651 1065 1704 Aprilis
1086 1652 1174 1703 die,
1198 1658 1303 1704 post
1325 1652 1563 1693 Christum
1585 1658 1747 1693 natum
1768 1665 1891 1694 anno

259 1723 375 1764 1551.

335 1794 694 1846 Indignissimus
715 1794 837 1835 filius
861 1800 906 1834 et
926 1806 1092 1835 servus
1113 1794 1160 1835 in
1180 1794 1383 1835 Christo,

1242 1957 1425 1998 PETRus
1446 1957 1677 1998 CANISIUS.

337 2297 706 2349 Superscrtptzo.
766 2261 881 2338 isis.
944 2296 1045 2338 R.d0
1067 2296 1196 2338 Patri
1222 2302 1383 2337 nostro
1404 2297 1452 2337 in
1479 2297 1667 2339 Christo
1689 2297 1892 2337 Domino

255 2369 532 2421 Praeposito
553 2368 806 2410 Societatis
825 2368 951 2421 Jesu.

335 2440 399 2480 Et
419 2440 630 2491 sommis
653 2439 877 2491 Philippi
901 2439 994 2480 Vite·
1011 2451 1173 2491 mann,
1193 2440 1241 2479 in
1262 2440 1507 2492 superiori
1518 2443 1737 2481 extrema
1754 2451 1890 2491 quar-

252 2515 330 2551 tae
344 2511 560 2562 paginae
581 2522 686 2551 ora:
707 2511 822 2551 1551.

334 2582 482 2633 Quad.
507 2582 810 2634 IngolstadiO,
836 2582 1011 2634 Aprile,
1036 2582 1435 2624 Canisio.—Fatte
1451 2588 1568 2624 tutte
1590 2587 1634 2623 et
1655 2582 1890 2623 mandate.

335 2654 397 2694 Et
419 2654 534 2694 alla:
555 2654 700 2706 post.⁰
729 2653 917 2706 Aprilis.

308 2817 319 2836 ¹
360 2816 452 2850 Quae
468 2817 641 2851 hucusque
657 2815 742 2843 dixit
758 2814 915 2843 Canisius
936 2814 976 2842 de
1001 2814 1263 2849 lngolstadiensi
1286 2815 1484 2849 Academia,
1509 2821 1529 2842 a
1550 2814 1665 2842 verbis
1684 2821 1803 2849 nempe
1827 2813 1895 2841 illis

256 2864 386 2892 Clzrz‘stz
401 2865 520 2897 gratia
535 2871 614 2890 sum
637 2871 699 2898 ego
707 2864 802 2899 sam,
823 2863 924 2890 lineis
938 2862 1104 2890 conclusit
1120 2862 1287 2889 Polancus
1302 2862 1399 2897 quasi
1414 2869 1433 2889 a
1448 2861 1617 2893 librariis.
1634 2861 1711 2889 dum
1726 2862 1790 2889 has
1803 2865 1895 2889 tran-

256 2913 445 2940 scriberent
470 2912 620 2943 litteras,
647 2910 882 2939 transilienda.
905 2910 1037 2938 Extant
1062 2913 1176 2938 tamen
1201 2910 1233 2937 in
1258 2907 1385 2937 nost'ris
1407 2910 1535 2937 duobus
1560 2909 1783 2944 transumptis
1807 2916 1893 2943 quae

255 2967 360 2996 supra
376 2959 729 2988 commemoravimus.
