2074 3179
894 185 977 223 AN.
1009 186 1095 223 1551
1744 185 1815 224 435

184 286 494 327 excolendam
515 284 670 325 facere
693 284 1053 324 consueverant?
1075 283 1187 334 Quis
1209 283 1332 322 enim
1353 288 1543 322 accuset
1564 293 1668 322 cam
1697 293 1816 333 quae

186 358 385 407 laborat,
412 362 503 406 net,
529 356 619 395 suit
638 362 686 395 ut
709 355 945 395 Christum
965 354 1136 394 vestiat
1164 353 1353 402 nudum,
1377 359 1426 392 ut
1454 352 1690 393 Christum
1717 364 1814 393 esu—

191 430 388 469 rientem
410 427 598 474 nutriat,
630 432 679 466 ut
700 425 885 466 Christo
906 424 1089 465 infirmo
1113 425 1382 476 opituletur?
1404 422 1516 474 Quis
1546 435 1639 463 non
1660 423 1819 463 videat

190 500 339 540 satius
373 510 475 539 esse
509 497 670 549 pietati
697 503 741 536 et
774 495 1123 536 misericordiae
1159 506 1298 547 quam
1324 495 1524 535 vanitati
1558 501 1600 535 et
1635 495 1819 546 pompis

199 570 412 611 insistere
435 574 572 620 atque
593 568 792 608 vacare?

275 640 345 681 De
366 639 628 691 virginibus
651 645 819 687 autem,
844 649 963 689 quae
984 638 1157 677 multae
1178 643 1298 688 sunt,
1323 648 1417 677 non
1438 648 1630 688 possum
1646 643 1819 688 tacere;

195 724 315 764 quae
337 717 516 751 tantum
543 710 707 762 spiritu
728 709 991 761 proficiunt,
1017 708 1132 748 adeo
1162 709 1525 760 progrediuntur
1548 709 1594 748 in
1623 708 1712 748 viis
1735 708 1824 748 Do-

197 783 331 831 mini,
363 788 411 822 ut
447 787 573 821 certe
610 781 769 821 mundi
798 779 933 832 hujus
970 779 1139 819 oblitae
1167 780 1372 830 penitus,
1402 785 1584 819 tantum
1620 780 1826 830 cogitent

198 853 431 906 quomodo
454 852 638 893 Christo
660 852 896 903 placeant,
928 851 1001 891 cui
1023 862 1071 890 se
1093 856 1345 901 voverunt,
1377 862 1574 901 quarum
1603 861 1826 890 numerus

201 925 406 976 quotidie
436 923 711 973 adaugetur,
743 922 862 962 duae
889 921 1058 962 etenim
1080 921 1151 961 his
1176 933 1326 972 nuper
1347 921 1595 972 adjunctae
1622 921 1824 972 fuerunt,

191 1007 320 1046 quae
333 1002 375 1035 et
388 995 516 1046 ipsae
527 999 686 1034 votum
703 993 988 1043 virginitatis
998 992 1256 1040 ediderunt,
1273 992 1406 1043 aliae,
1422 992 1588 1043 quibus
1602 993 1771 1032 mirum
1783 993 1829 1032 in

202 1066 392 1106 modum
415 1077 521 1105 cum
549 1070 767 1116 parentes
796 1069 1078 1115 repugnent,
1111 1069 1359 1114 postquam
1386 1075 1465 1103 eos
1495 1075 1644 1115 aequo
1674 1064 1830 1104 animo

205 1136 522 1183 sustinuerint,
547 1135 735 1175 tandem
755 1135 927 1174 virtute
948 1134 1122 1185 sponsi,
1153 1134 1227 1173 cui
1248 1145 1297 1174 se
1326 1140 1448 1174 totas
1478 1135 1827 1186 commiserunt,

207 1207 471 1259 superiores
493 1205 718 1252 evadunt;
741 1205 947 1256 gaudent
969 1211 1125 1245 autem
1146 1205 1383 1255 genitores
1403 1212 1565 1256 postea
1593 1213 1637 1246 et
1659 1208 1831 1247 laetan-

210 1286 284 1319 tur
319 1290 425 1318 cum
452 1289 532 1317 eas
567 1277 734 1328 spiritu
760 1277 848 1316 Dei
879 1289 936 1316 ex
962 1276 1191 1316 fructibus
1218 1288 1379 1316 earum
1411 1277 1517 1317 duci
1552 1278 1833 1329 intelligunt;

211 1350 382 1390 etenim
413 1354 627 1389 mortuae
662 1348 768 1387 huic
799 1349 984 1387 saeculo
1013 1354 1056 1387 et
1084 1348 1302 1398 vanitati,
1341 1348 1441 1388 Deo
1474 1349 1661 1400 vivunt,
1704 1349 1836 1401 cujus

212 1420 506 1461 dulcedinem
529 1425 572 1458 et
600 1419 881 1458 suavitatem
903 1419 966 1458 ita
994 1419 1213 1469 sentiunt,
1237 1425 1286 1458 ut
1307 1420 1512 1470 quotidie
1539 1422 1712 1461 multae
1742 1422 1837 1462 illa-

212 1503 313 1531 rum
336 1496 440 1531 octo
462 1491 604 1530 horas
626 1489 827 1529 orationi
847 1489 1072 1540 tribuant,
1093 1501 1241 1540 neque
1263 1502 1290 1530 a
1311 1491 1581 1541 parentibus
1607 1493 1701 1532 ulla
1723 1492 1770 1533 in
1789 1505 1840 1533 re

214 1562 541 1613 impediuntur,
561 1560 642 1600 sed
663 1560 933 1600 conceditur
954 1566 1003 1600 ut
1026 1566 1251 1611 quantum
1273 1561 1417 1600 velint
1439 1563 1676 1613 temporis,
1701 1564 1840 1604 devo—

215 1633 329 1673 tioni
350 1644 462 1672 suae
483 1631 750 1682 impendere
771 1631 965 1682 possint.
992 1631 1229 1671 Coenobia
1250 1631 1447 1671 libenter
1464 1632 1838 1683 ingrederentur;

215 1704 299 1744 sed
319 1715 425 1743 cum
447 1702 640 1742 audiunt
656 1702 926 1741 monialium
948 1703 1183 1753 querelas,
1204 1702 1328 1753 quod
1356 1704 1500 1743 veluti
1531 1704 1577 1744 in
1603 1717 1845 1746 carcerem

217 1786 267 1814 se
284 1774 489 1814 inclusas
505 1784 606 1812 esse
623 1774 947 1821 lamententur,
969 1784 995 1812 a
1012 1773 1310 1813 monasteriis
1327 1774 1594 1823 abhorrent;
1615 1782 1658 1815 et
1676 1777 1844 1817 miran-

220 1852 293 1885 tur
324 1856 429 1884 cum
460 1844 576 1884 haec
608 1844 664 1883 ab
691 1843 780 1883 illis
811 1843 1018 1894 audiunt3
1047 1844 1238 1895 cupiunt
1269 1850 1424 1885 autem
1446 1845 1586 1885 alicui
1618 1848 1846 1888 coenobio

220 1915 501 1956 Societatem
522 1926 754 1966 praeesse,
780 1914 902 1965 quod
922 1926 1003 1966 per
1030 1914 1297 1955 institutum
1324 1922 1538 1956 nostrum
1567 1929 1660 1956 non
1688 1918 1795 1958 licet
1821 1918 1846 1969 ¹3

221 1998 370 2037 neque
388 1985 509 2025 enim
526 1991 623 2024 tum
638 1985 861 2035 impedire
879 1996 959 2024 eas
977 1985 1231 2036 quidquam
1248 1992 1421 2036 posset,
1443 1987 1553 2037 quin
1571 1989 1850 2029 coenobium

222 2057 334 2097 illud
356 2055 698 2108 quamprimum
725 2055 1096 2106 ingrederentur,
1130 2056 1177 2095 in
1198 2068 1288 2107 quo
1318 2067 1564 2108 sperarent
1594 2064 1638 2098 et
1665 2060 1845 2100 concio-

222 2139 305 2167 nes
327 2138 376 2166 se
410 2126 666 2172 audituras,
696 2137 782 2165 nec
813 2126 1132 2176 impediendas
1160 2127 1406 2177 quominus
1435 2136 1734 2170 sacramenta
1764 2131 1850 2171 fre-

224 2203 524 2249 quentarent,
567 2197 732 2247 quibus
773 2197 987 2247 spiritum
1022 2197 1189 2237 nutriri
1225 2204 1270 2237 et
1303 2198 1509 2239 fatentur
1545 2206 1589 2240 et
1629 2202 1849 2243 sentiunt.

223 2268 493 2309 Gauderent
513 2279 607 2306 non
628 2267 786 2307 dubito
808 2267 970 2307 Patres
991 2267 1275 2319 Fratresque
1290 2270 1453 2319 nostri,
1477 2271 1517 2310 si
1538 2271 1855 2323 intelligerent

226 2339 424 2379 familias
445 2350 546 2378 esse
563 2339 823 2389 nonnullas,
841 2344 891 2378 ut
908 2345 1030 2389 sunt,
1052 2339 1098 2378 in
1120 2339 1285 2390 quibus
1307 2351 1483 2391 omnes,
1508 2353 1645 2382 mane
1663 2354 1854 2394 surgen-

227 2419 310 2457 tes,
335 2410 471 2450 simul
491 2414 638 2458 orent,
663 2409 799 2448 simul
820 2408 971 2448 Deum
997 2409 1202 2460 laudent,
1226 2410 1364 2450 simul
1394 2419 1693 2452 sacramenta
1714 2415 1854 2454 susci-

229 2482 373 2533 piant,
398 2480 547 2520 sacris
570 2485 613 2519 et
635 2479 938 2520 concionibus
958 2480 1098 2520 etiam
1120 2481 1257 2521 simul
1279 2482 1449 2522 adsint.

308 2551 526 2591 Libenter
550 2550 697 2589 nostri
718 2561 900 2601 quoque
921 2550 1084 2590 Patres
1104 2557 1336 2592 vocantur
1357 2559 1402 2593 et
1423 2553 1704 2606 frequenter,
1725 2562 1775 2596 ut
1796 2557 1857 2596 in-

230 2623 471 2663 firmorum
500 2620 818 2660 confessiones
847 2621 1053 2661 audiant.
1085 2621 1256 2662 Dolent
1284 2629 1439 2663 autem
1471 2624 1561 2675 isti,
1593 2637 1699 2665 eam
1728 2627 1863 2667 nobis

230 2705 324 2733 non
359 2704 460 2732 esse
496 2691 879 2731 consuetudinem
912 2697 961 2731 ut
990 2692 1294 2733 morientibus
1331 2693 1486 2734 adsint
1518 2694 1644 2745 (sic),
1672 2697 1797 2748 quod
1825 2698 1864 2737 si

235 2764 377 2811 lieret,
407 2775 434 2802 a
455 2774 545 2814 quo
567 2773 660 2802 non
680 2763 989 2802 vocarentur?
1010 2763 1078 2802 Ita
1096 2763 1184 2803 illis
1205 2775 1459 2818 numquam
1476 2765 1638 2806 liceret
1655 2768 1863 2818 quiesce—

292 2994 300 3013 Ι
340 2992 457 3020 Verba
472 2992 557 3019 haec
573 2993 663 3026 quod
675 2995 741 3027 per
755 2991 965 3020 [nstitutum
982 2996 1142 3021 nostrum
1159 3002 1226 3021 non
1241 2994 1322 3022 licet
1338 2995 1466 3023 inserta
1481 3000 1557 3023 sunt
1572 3004 1592 3024 a
1608 2997 1767 3025 Polanco.
