<?xml version="1.0" encoding="UTF-8"?>
<!DOCTYPE html PUBLIC "-//W3C//DTD XHTML 1.0 Transitional//EN"
    "http://www.w3.org/TR/xhtml1/DTD/xhtml1-transitional.dtd">
<html xmlns="http://www.w3.org/1999/xhtml" xml:lang="en" lang="en">
 <head>
  <title>
</title>
<meta http-equiv="Content-Type" content="text/html;charset=utf-8" />
  <meta name='ocr-system' content='tesseract 3.04.00' />
  <meta name='ocr-capabilities' content='ocr_page ocr_carea ocr_par ocr_line ocrx_word'/>
</head>
<body>
  <div class='ocr_page' id='page_1' title='image "./litteraequadrime13lain_0329.png"; bbox 0 0 2074 3179; ppageno 0'>
   <div class='ocr_carea' id='block_1_1' title="bbox 953 229 1871 266">
    <p class='ocr_par' dir='ltr' id='par_1_1' title="bbox 953 229 1871 266">
     <span class='ocr_line' id='line_1_1' title="bbox 953 229 1871 266; baseline -0.003 0"><span class='ocrx_word' id='word_1_1' title='bbox 953 229 1034 266; x_wconf 70' lang='lat' dir='ltr'>Ax.</span> <span class='ocrx_word' id='word_1_2' title='bbox 1068 229 1153 266; x_wconf 69' lang='lat'>1531</span> <span class='ocrx_word' id='word_1_3' title='bbox 1801 229 1871 265; x_wconf 70' lang='lat'>325</span> 
     </span>
    </p>
   </div>
   <div class='ocr_carea' id='block_1_2' title="bbox 224 324 1872 3075">
    <p class='ocr_par' dir='ltr' id='par_1_2' title="bbox 239 324 1872 870">
     <span class='ocr_line' id='line_1_2' title="bbox 242 324 1872 378; baseline -0.002 -12"><span class='ocrx_word' id='word_1_4' title='bbox 242 326 457 378; x_wconf 75' lang='lat' dir='ltr'>deposuit</span> <span class='ocrx_word' id='word_1_5' title='bbox 478 331 549 376; x_wconf 91' lang='lat' dir='ltr'>ut,</span> <span class='ocrx_word' id='word_1_6' title='bbox 573 338 626 365; x_wconf 91' lang='lat' dir='ltr'>eo</span> <span class='ocrx_word' id='word_1_7' title='bbox 648 325 748 376; x_wconf 92' lang='lat' dir='ltr'>ipso</span> <span class='ocrx_word' id='word_1_8' title='bbox 770 326 862 374; x_wconf 87' lang='lat' dir='ltr'>die,</span> <span class='ocrx_word' id='word_1_9' title='bbox 890 333 1057 365; x_wconf 88' lang='lat' dir='ltr'>vocato</span> <span class='ocrx_word' id='word_1_10' title='bbox 1080 326 1246 375; x_wconf 82' lang='lat' dir='ltr'>fratre,</span> <span class='ocrx_word' id='word_1_11' title='bbox 1278 337 1371 376; x_wconf 79' lang='lat' dir='ltr'>pax</span> <span class='ocrx_word' id='word_1_12' title='bbox 1398 324 1517 364; x_wconf 86' lang='lat' dir='ltr'>inter</span> <span class='ocrx_word' id='word_1_13' title='bbox 1543 336 1622 364; x_wconf 87' lang='lat' dir='ltr'>eos</span> <span class='ocrx_word' id='word_1_14' title='bbox 1651 336 1742 364; x_wconf 90' lang='lat' dir='ltr'>non</span> <span class='ocrx_word' id='word_1_15' title='bbox 1774 326 1872 364; x_wconf 71' lang='lat' dir='ltr'>sinc</span> 
     </span>
     <span class='ocr_line' id='line_1_3' title="bbox 241 395 1870 448; baseline -0.001 -12"><span class='ocrx_word' id='word_1_16' title='bbox 241 396 463 448; x_wconf 76' lang='lat' dir='ltr'>lacrymis</span> <span class='ocrx_word' id='word_1_17' title='bbox 490 396 615 436; x_wconf 85' lang='lat' dir='ltr'>facta</span> <span class='ocrx_word' id='word_1_18' title='bbox 643 396 701 436; x_wconf 89' lang='lat' dir='ltr'>sit</span> <span class='ocrx_word' id='word_1_19' title='bbox 729 395 816 435; x_wconf 88' lang='lat' dir='ltr'>hac</span> <span class='ocrx_word' id='word_1_20' title='bbox 844 397 969 447; x_wconf 87' lang='lat' dir='ltr'>lege,</span> <span class='ocrx_word' id='word_1_21' title='bbox 1003 402 1051 435; x_wconf 92' lang='lat' dir='ltr'>ut</span> <span class='ocrx_word' id='word_1_22' title='bbox 1080 396 1222 436; x_wconf 86' lang='lat' dir='ltr'>frater</span> <span class='ocrx_word' id='word_1_23' title='bbox 1249 395 1558 435; x_wconf 77' lang='lat' dir='ltr'>concubinam</span> <span class='ocrx_word' id='word_1_24' title='bbox 1586 395 1711 434; x_wconf 86' lang='lat' dir='ltr'>illam</span> <span class='ocrx_word' id='word_1_25' title='bbox 1738 395 1870 434; x_wconf 78' lang='lat' dir='ltr'>ducc-</span> 
     </span>
     <span class='ocr_line' id='line_1_4' title="bbox 242 465 1871 518; baseline -0.001 -12"><span class='ocrx_word' id='word_1_26' title='bbox 242 474 310 507; x_wconf 90' lang='lat' dir='ltr'>ret</span> <span class='ocrx_word' id='word_1_27' title='bbox 332 467 377 507; x_wconf 91' lang='lat' dir='ltr'>in</span> <span class='ocrx_word' id='word_1_28' title='bbox 398 478 607 506; x_wconf 83' lang='lat' dir='ltr'>uxorem.</span> <span class='ocrx_word' id='word_1_29' title='bbox 628 467 771 506; x_wconf 87' lang='lat' dir='ltr'>Paulo</span> <span class='ocrx_word' id='word_1_30' title='bbox 791 474 895 518; x_wconf 92' lang='lat' dir='ltr'>post</span> <span class='ocrx_word' id='word_1_31' title='bbox 916 479 1029 506; x_wconf 85' lang='lat' dir='ltr'>vero</span> <span class='ocrx_word' id='word_1_32' title='bbox 1051 473 1094 507; x_wconf 92' lang='lat' dir='ltr'>et</span> <span class='ocrx_word' id='word_1_33' title='bbox 1111 467 1208 518; x_wconf 89' lang='lat' dir='ltr'>ipse</span> <span class='ocrx_word' id='word_1_34' title='bbox 1230 466 1469 507; x_wconf 90' lang='lat' dir='ltr'>confessus</span> <span class='ocrx_word' id='word_1_35' title='bbox 1491 472 1574 514; x_wconf 86' lang='lat' dir='ltr'>est,</span> <span class='ocrx_word' id='word_1_36' title='bbox 1594 465 1716 516; x_wconf 89' lang='lat' dir='ltr'>quod</span> <span class='ocrx_word' id='word_1_37' title='bbox 1734 474 1871 505; x_wconf 80' lang='lat' dir='ltr'>antea</span> 
     </span>
     <span class='ocr_line' id='line_1_5' title="bbox 240 536 1867 588; baseline -0.001 -11"><span class='ocrx_word' id='word_1_38' title='bbox 240 549 493 588; x_wconf 80' lang='lat' dir='ltr'><strong>numquam</strong></span> <span class='ocrx_word' id='word_1_39' title='bbox 508 537 698 587; x_wconf 77' lang='lat' dir='ltr'><strong>fecerat,</strong></span> <span class='ocrx_word' id='word_1_40' title='bbox 719 549 825 577; x_wconf 91' lang='lat' dir='ltr'>cum</span> <span class='ocrx_word' id='word_1_41' title='bbox 837 543 993 577; x_wconf 88' lang='lat' dir='ltr'>tamen</span> <span class='ocrx_word' id='word_1_42' title='bbox 1009 537 1293 577; x_wconf 91' lang='lat' dir='ltr'>tricesimum</span> <span class='ocrx_word' id='word_1_43' title='bbox 1308 536 1404 588; x_wconf 76' lang='lat' dir='ltr'>Jam</span> <span class='ocrx_word' id='word_1_44' title='bbox 1421 543 1662 587; x_wconf 84' lang='lat' dir='ltr'>superaret</span> <span class='ocrx_word' id='word_1_45' title='bbox 1681 548 1867 587; x_wconf 86' lang='lat' dir='ltr'>annum,</span> 
     </span>
     <span class='ocr_line' id='line_1_6' title="bbox 239 607 1869 659; baseline -0.001 -12"><span class='ocrx_word' id='word_1_46' title='bbox 239 614 287 647; x_wconf 91' lang='lat' dir='ltr'>ut</span> <span class='ocrx_word' id='word_1_47' title='bbox 318 607 454 648; x_wconf 88' lang='lat' dir='ltr'>facile</span> <span class='ocrx_word' id='word_1_48' title='bbox 489 614 589 648; x_wconf 90' lang='lat' dir='ltr'>erat</span> <span class='ocrx_word' id='word_1_49' title='bbox 624 608 808 658; x_wconf 88' lang='lat' dir='ltr'>videre;</span> <span class='ocrx_word' id='word_1_50' title='bbox 845 616 889 648; x_wconf 92' lang='lat' dir='ltr'>et</span> <span class='ocrx_word' id='word_1_51' title='bbox 916 609 1017 659; x_wconf 89' lang='lat' dir='ltr'>ipsa</span> <span class='ocrx_word' id='word_1_52' title='bbox 1045 608 1182 648; x_wconf 88' lang='lat' dir='ltr'>etiam</span> <span class='ocrx_word' id='word_1_53' title='bbox 1212 608 1370 647; x_wconf 88' lang='lat' dir='ltr'>fratris</span> <span class='ocrx_word' id='word_1_54' title='bbox 1397 619 1537 656; x_wconf 83' lang='lat' dir='ltr'>uxor,</span> <span class='ocrx_word' id='word_1_55' title='bbox 1569 608 1711 647; x_wconf 88' lang='lat' dir='ltr'>totius</span> <span class='ocrx_word' id='word_1_56' title='bbox 1738 608 1869 656; x_wconf 74' lang='lat' dir='ltr'>origo</span> 
     </span>
     <span class='ocr_line' id='line_1_7' title="bbox 239 679 1868 731; baseline 0 -13"><span class='ocrx_word' id='word_1_57' title='bbox 239 679 368 726; x_wconf 90' lang='lat' dir='ltr'>mali,</span> <span class='ocrx_word' id='word_1_58' title='bbox 407 680 563 719; x_wconf 89' lang='lat' dir='ltr'>multis</span> <span class='ocrx_word' id='word_1_59' title='bbox 598 691 704 719; x_wconf 91' lang='lat' dir='ltr'>cum</span> <span class='ocrx_word' id='word_1_60' title='bbox 740 679 962 731; x_wconf 74' lang='lat' dir='ltr'>lacrymis</span> <span class='ocrx_word' id='word_1_61' title='bbox 993 680 1211 730; x_wconf 87' lang='lat' dir='ltr'>verisque</span> <span class='ocrx_word' id='word_1_62' title='bbox 1243 679 1390 729; x_wconf 86' lang='lat' dir='ltr'>signis</span> <span class='ocrx_word' id='word_1_63' title='bbox 1420 679 1734 729; x_wconf 88' lang='lat' dir='ltr'>poenitentiae</span> <span class='ocrx_word' id='word_1_64' title='bbox 1765 691 1868 718; x_wconf 89' lang='lat' dir='ltr'>con-</span> 
     </span>
     <span class='ocr_line' id='line_1_8' title="bbox 240 749 1866 801; baseline 0 -12"><span class='ocrx_word' id='word_1_65' title='bbox 240 749 364 789; x_wconf 86' lang='lat' dir='ltr'>fessa</span> <span class='ocrx_word' id='word_1_66' title='bbox 386 756 468 790; x_wconf 86' lang='lat' dir='ltr'>est.</span> <span class='ocrx_word' id='word_1_67' title='bbox 493 749 678 790; x_wconf 89' lang='lat' dir='ltr'>Tertius</span> <span class='ocrx_word' id='word_1_68' title='bbox 700 762 834 798; x_wconf 83' lang='lat' dir='ltr'>vero,</span> <span class='ocrx_word' id='word_1_69' title='bbox 858 750 1020 801; x_wconf 78' lang='lat' dir='ltr'>paucis</span> <span class='ocrx_word' id='word_1_70' title='bbox 1042 757 1149 790; x_wconf 88' lang='lat' dir='ltr'>ante</span> <span class='ocrx_word' id='word_1_71' title='bbox 1173 750 1353 801; x_wconf 90' lang='lat' dir='ltr'>diebus,</span> <span class='ocrx_word' id='word_1_72' title='bbox 1386 761 1551 801; x_wconf 87' lang='lat' dir='ltr'>nempe</span> <span class='ocrx_word' id='word_1_73' title='bbox 1582 750 1640 789; x_wconf 87' lang='lat' dir='ltr'>ad</span> <span class='ocrx_word' id='word_1_74' title='bbox 1671 749 1866 801; x_wconf 78' lang='lat' dir='ltr'>Pascha,</span> 
     </span>
     <span class='ocr_line' id='line_1_9' title="bbox 239 820 929 870; baseline -0.001 -10"><span class='ocrx_word' id='word_1_75' title='bbox 239 820 391 870; x_wconf 88' lang='lat' dir='ltr'>ajebat</span> <span class='ocrx_word' id='word_1_76' title='bbox 416 832 463 860; x_wconf 88' lang='lat' dir='ltr'>se</span> <span class='ocrx_word' id='word_1_77' title='bbox 485 820 749 860; x_wconf 87' lang='lat' dir='ltr'>confessum</span> <span class='ocrx_word' id='word_1_78' title='bbox 771 820 929 860; x_wconf 85' lang='lat' dir='ltr'>fuisse.</span> 
     </span>
    </p>

    <p class='ocr_par' dir='ltr' id='par_1_3' title="bbox 232 891 1867 1710">
     <span class='ocr_line' id='line_1_10' title="bbox 318 891 1867 942; baseline -0.001 -11"><span class='ocrx_word' id='word_1_79' title='bbox 318 892 440 931; x_wconf 86' lang='lat' dir='ltr'>Inter</span> <span class='ocrx_word' id='word_1_80' title='bbox 461 892 577 931; x_wconf 89' lang='lat' dir='ltr'>alios</span> <span class='ocrx_word' id='word_1_81' title='bbox 598 903 780 942; x_wconf 93' lang='lat' dir='ltr'>quoque</span> <span class='ocrx_word' id='word_1_82' title='bbox 802 891 941 941; x_wconf 89' lang='lat' dir='ltr'>duos,</span> <span class='ocrx_word' id='word_1_83' title='bbox 975 902 1200 941; x_wconf 84' lang='lat' dir='ltr'>generum</span> <span class='ocrx_word' id='word_1_84' title='bbox 1229 898 1273 931; x_wconf 92' lang='lat' dir='ltr'>et</span> <span class='ocrx_word' id='word_1_85' title='bbox 1300 903 1534 941; x_wconf 78' lang='lat' dir='ltr'>socerum,</span> <span class='ocrx_word' id='word_1_86' title='bbox 1565 891 1642 941; x_wconf 92' lang='lat' dir='ltr'>qui</span> <span class='ocrx_word' id='word_1_87' title='bbox 1669 897 1867 942; x_wconf 88' lang='lat' dir='ltr'>quatuor</span> 
     </span>
     <span class='ocr_line' id='line_1_11' title="bbox 238 961 1864 1013; baseline 0.001 -13"><span class='ocrx_word' id='word_1_88' title='bbox 238 962 373 1001; x_wconf 88' lang='lat' dir='ltr'>annis</span> <span class='ocrx_word' id='word_1_89' title='bbox 394 962 571 1002; x_wconf 88' lang='lat' dir='ltr'>inimici</span> <span class='ocrx_word' id='word_1_90' title='bbox 596 961 805 1011; x_wconf 88' lang='lat' dir='ltr'>fuerant,</span> <span class='ocrx_word' id='word_1_91' title='bbox 836 962 899 1001; x_wconf 86' lang='lat' dir='ltr'>ita</span> <span class='ocrx_word' id='word_1_92' title='bbox 927 968 977 1002; x_wconf 93' lang='lat' dir='ltr'>ut</span> <span class='ocrx_word' id='word_1_93' title='bbox 1002 973 1147 1013; x_wconf 89' lang='lat' dir='ltr'>gener</span> <span class='ocrx_word' id='word_1_94' title='bbox 1174 974 1389 1002; x_wconf 82' lang='lat' dir='ltr'>socerum</span> <span class='ocrx_word' id='word_1_95' title='bbox 1422 963 1558 1002; x_wconf 84' lang='lat' dir='ltr'>vellet</span> <span class='ocrx_word' id='word_1_96' title='bbox 1590 961 1864 1011; x_wconf 87' lang='lat' dir='ltr'>interficere,</span> 
     </span>
     <span class='ocr_line' id='line_1_12' title="bbox 237 1032 1864 1084; baseline 0.001 -13"><span class='ocrx_word' id='word_1_97' title='bbox 237 1044 328 1083; x_wconf 85' lang='lat' dir='ltr'>pax</span> <span class='ocrx_word' id='word_1_98' title='bbox 357 1032 497 1072; x_wconf 86' lang='lat' dir='ltr'>facta.</span> <span class='ocrx_word' id='word_1_99' title='bbox 534 1032 784 1072; x_wconf 87' lang='lat' dir='ltr'>Praeterea</span> <span class='ocrx_word' id='word_1_100' title='bbox 811 1033 929 1072; x_wconf 90' lang='lat' dir='ltr'>inter</span> <span class='ocrx_word' id='word_1_101' title='bbox 958 1033 1073 1072; x_wconf 91' lang='lat' dir='ltr'>duos</span> <span class='ocrx_word' id='word_1_102' title='bbox 1101 1039 1406 1083; x_wconf 76' lang='lat' dir='ltr'>mercatores,</span> <span class='ocrx_word' id='word_1_103' title='bbox 1436 1045 1634 1084; x_wconf 92' lang='lat' dir='ltr'>quorum</span> <span class='ocrx_word' id='word_1_104' title='bbox 1662 1034 1777 1073; x_wconf 84' lang='lat' dir='ltr'>alter</span> <span class='ocrx_word' id='word_1_105' title='bbox 1808 1034 1864 1075; x_wconf 89' lang='lat' dir='ltr'>ob</span> 
     </span>
     <span class='ocr_line' id='line_1_13' title="bbox 238 1102 1860 1156; baseline 0.001 -14"><span class='ocrx_word' id='word_1_106' title='bbox 238 1103 504 1143; x_wconf 85' lang='lat' dir='ltr'>inimicitias</span> <span class='ocrx_word' id='word_1_107' title='bbox 535 1102 631 1154; x_wconf 86' lang='lat' dir='ltr'>jam</span> <span class='ocrx_word' id='word_1_108' title='bbox 665 1110 892 1143; x_wconf 86' lang='lat' dir='ltr'>statuerat</span> <span class='ocrx_word' id='word_1_109' title='bbox 927 1104 1040 1144; x_wconf 88' lang='lat' dir='ltr'>urbe</span> <span class='ocrx_word' id='word_1_110' title='bbox 1074 1105 1249 1155; x_wconf 86' lang='lat' dir='ltr'>egredi.</span> <span class='ocrx_word' id='word_1_111' title='bbox 1286 1104 1418 1144; x_wconf 87' lang='lat' dir='ltr'>Alius</span> <span class='ocrx_word' id='word_1_112' title='bbox 1453 1115 1658 1156; x_wconf 90' lang='lat' dir='ltr'>quoque,</span> <span class='ocrx_word' id='word_1_113' title='bbox 1687 1116 1792 1144; x_wconf 92' lang='lat' dir='ltr'>cum</span> <span class='ocrx_word' id='word_1_114' title='bbox 1823 1105 1860 1143; x_wconf 89' lang='lat' dir='ltr'>ei</span> 
     </span>
     <span class='ocr_line' id='line_1_14' title="bbox 234 1174 1862 1225; baseline 0.001 -12"><span class='ocrx_word' id='word_1_115' title='bbox 234 1174 378 1214; x_wconf 81' lang='lat' dir='ltr'>frater</span> <span class='ocrx_word' id='word_1_116' title='bbox 407 1174 588 1214; x_wconf 93' lang='lat' dir='ltr'>occisus</span> <span class='ocrx_word' id='word_1_117' title='bbox 621 1174 797 1224; x_wconf 85' lang='lat' dir='ltr'>fuisset,</span> <span class='ocrx_word' id='word_1_118' title='bbox 834 1186 890 1214; x_wconf 91' lang='lat' dir='ltr'>ac</span> <span class='ocrx_word' id='word_1_119' title='bbox 921 1175 1114 1225; x_wconf 88' lang='lat' dir='ltr'>proinde</span> <span class='ocrx_word' id='word_1_120' title='bbox 1157 1181 1398 1215; x_wconf 87' lang='lat' dir='ltr'>auctorem</span> <span class='ocrx_word' id='word_1_121' title='bbox 1435 1176 1591 1215; x_wconf 89' lang='lat' dir='ltr'>caedis</span> <span class='ocrx_word' id='word_1_122' title='bbox 1625 1175 1862 1215; x_wconf 80' lang='lat' dir='ltr'>fraternae</span> 
     </span>
     <span class='ocr_line' id='line_1_15' title="bbox 235 1245 1862 1298; baseline 0.001 -14"><span class='ocrx_word' id='word_1_123' title='bbox 235 1245 333 1296; x_wconf 90' lang='lat' dir='ltr'>ipse</span> <span class='ocrx_word' id='word_1_124' title='bbox 367 1256 451 1296; x_wconf 90' lang='lat' dir='ltr'>per</span> <span class='ocrx_word' id='word_1_125' title='bbox 485 1245 602 1284; x_wconf 90' lang='lat' dir='ltr'>duos</span> <span class='ocrx_word' id='word_1_126' title='bbox 636 1257 784 1285; x_wconf 91' lang='lat' dir='ltr'>annos</span> <span class='ocrx_word' id='word_1_127' title='bbox 812 1246 1057 1296; x_wconf 87' lang='lat' dir='ltr'>diligenter</span> <span class='ocrx_word' id='word_1_128' title='bbox 1084 1253 1393 1298; x_wconf 87' lang='lat' dir='ltr'>persequutus</span> <span class='ocrx_word' id='word_1_129' title='bbox 1420 1253 1561 1297; x_wconf 83' lang='lat' dir='ltr'>esset,</span> <span class='ocrx_word' id='word_1_130' title='bbox 1593 1253 1642 1286; x_wconf 88' lang='lat' dir='ltr'>ut</span> <span class='ocrx_word' id='word_1_131' title='bbox 1666 1252 1862 1287; x_wconf 85' lang='lat' dir='ltr'>mortem</span> 
     </span>
     <span class='ocr_line' id='line_1_16' title="bbox 236 1315 1860 1366; baseline 0.002 -12"><span class='ocrx_word' id='word_1_132' title='bbox 236 1321 384 1354; x_wconf 91' lang='lat' dir='ltr'>morte</span> <span class='ocrx_word' id='word_1_133' title='bbox 401 1315 719 1365; x_wconf 88' lang='lat' dir='ltr'>ulcisceretur,</span> <span class='ocrx_word' id='word_1_134' title='bbox 739 1315 940 1366; x_wconf 88' lang='lat' dir='ltr'>quadam</span> <span class='ocrx_word' id='word_1_135' title='bbox 958 1316 1030 1356; x_wconf 92' lang='lat' dir='ltr'>die</span> <span class='ocrx_word' id='word_1_136' title='bbox 1052 1317 1115 1356; x_wconf 89' lang='lat' dir='ltr'>ita</span> <span class='ocrx_word' id='word_1_137' title='bbox 1137 1328 1160 1356; x_wconf 92' lang='lat' dir='ltr'>e</span> <span class='ocrx_word' id='word_1_138' title='bbox 1179 1316 1470 1357; x_wconf 88' lang='lat' dir='ltr'>confessione</span> <span class='ocrx_word' id='word_1_139' title='bbox 1490 1317 1602 1357; x_wconf 86' lang='lat' dir='ltr'>abiit</span> <span class='ocrx_word' id='word_1_140' title='bbox 1623 1318 1739 1357; x_wconf 89' lang='lat' dir='ltr'>bene</span> <span class='ocrx_word' id='word_1_141' title='bbox 1757 1317 1860 1357; x_wconf 83' lang='lat' dir='ltr'>affe-</span> 
     </span>
     <span class='ocr_line' id='line_1_17' title="bbox 234 1386 1860 1439; baseline 0.002 -14"><span class='ocrx_word' id='word_1_142' title='bbox 234 1392 334 1425; x_wconf 93' lang='lat' dir='ltr'>ctus</span> <span class='ocrx_word' id='word_1_143' title='bbox 356 1392 400 1425; x_wconf 91' lang='lat' dir='ltr'>et</span> <span class='ocrx_word' id='word_1_144' title='bbox 420 1386 690 1426; x_wconf 87' lang='lat' dir='ltr'>immutatus</span> <span class='ocrx_word' id='word_1_145' title='bbox 711 1393 774 1437; x_wconf 88' lang='lat' dir='ltr'>ut,</span> <span class='ocrx_word' id='word_1_146' title='bbox 800 1387 1010 1438; x_wconf 90' lang='lat' dir='ltr'>quaesito</span> <span class='ocrx_word' id='word_1_147' title='bbox 1031 1388 1305 1428; x_wconf 87' lang='lat' dir='ltr'>adversario</span> <span class='ocrx_word' id='word_1_148' title='bbox 1328 1400 1473 1439; x_wconf 89' lang='lat' dir='ltr'>eoque</span> <span class='ocrx_word' id='word_1_149' title='bbox 1494 1388 1682 1428; x_wconf 88' lang='lat' dir='ltr'>tandem</span> <span class='ocrx_word' id='word_1_150' title='bbox 1702 1389 1860 1428; x_wconf 87' lang='lat' dir='ltr'>inven-</span> 
     </span>
     <span class='ocr_line' id='line_1_18' title="bbox 233 1457 1861 1511; baseline 0.002 -15"><span class='ocrx_word' id='word_1_151' title='bbox 233 1464 295 1507; x_wconf 82' lang='lat' dir='ltr'>to,</span> <span class='ocrx_word' id='word_1_152' title='bbox 317 1457 507 1497; x_wconf 87' lang='lat' dir='ltr'>inermis</span> <span class='ocrx_word' id='word_1_153' title='bbox 527 1469 632 1497; x_wconf 90' lang='lat' dir='ltr'>eum</span> <span class='ocrx_word' id='word_1_154' title='bbox 653 1457 823 1498; x_wconf 89' lang='lat' dir='ltr'>affectu</span> <span class='ocrx_word' id='word_1_155' title='bbox 840 1458 1046 1498; x_wconf 78' lang='lat' dir='ltr'>maximo</span> <span class='ocrx_word' id='word_1_156' title='bbox 1064 1459 1121 1498; x_wconf 90' lang='lat' dir='ltr'>sit</span> <span class='ocrx_word' id='word_1_157' title='bbox 1137 1460 1395 1510; x_wconf 81' lang='lat' dir='ltr'>amplexus,</span> <span class='ocrx_word' id='word_1_158' title='bbox 1414 1466 1553 1511; x_wconf 90' lang='lat' dir='ltr'>atque</span> <span class='ocrx_word' id='word_1_159' title='bbox 1574 1459 1671 1511; x_wconf 89' lang='lat' dir='ltr'>ejus</span> <span class='ocrx_word' id='word_1_160' title='bbox 1690 1471 1861 1510; x_wconf 83' lang='lat' dir='ltr'>genam</span> 
     </span>
     <span class='ocr_line' id='line_1_19' title="bbox 233 1528 1861 1581; baseline 0.002 -14"><span class='ocrx_word' id='word_1_161' title='bbox 233 1528 279 1567; x_wconf 91' lang='lat' dir='ltr'>in</span> <span class='ocrx_word' id='word_1_162' title='bbox 299 1528 485 1579; x_wconf 85' lang='lat' dir='ltr'>signum</span> <span class='ocrx_word' id='word_1_163' title='bbox 507 1528 729 1568; x_wconf 88' lang='lat' dir='ltr'>remissae</span> <span class='ocrx_word' id='word_1_164' title='bbox 752 1528 948 1580; x_wconf 88' lang='lat' dir='ltr'>injuriae</span> <span class='ocrx_word' id='word_1_165' title='bbox 969 1529 1262 1569; x_wconf 88' lang='lat' dir='ltr'>strictissime</span> <span class='ocrx_word' id='word_1_166' title='bbox 1284 1531 1534 1581; x_wconf 86' lang='lat' dir='ltr'>osculatus,</span> <span class='ocrx_word' id='word_1_167' title='bbox 1559 1542 1699 1570; x_wconf 88' lang='lat' dir='ltr'>orans</span> <span class='ocrx_word' id='word_1_168' title='bbox 1720 1531 1861 1570; x_wconf 87' lang='lat' dir='ltr'>etiam</span> 
     </span>
     <span class='ocr_line' id='line_1_20' title="bbox 232 1598 1858 1652; baseline 0.002 -15"><span class='ocrx_word' id='word_1_169' title='bbox 232 1604 281 1637; x_wconf 91' lang='lat' dir='ltr'>ut</span> <span class='ocrx_word' id='word_1_170' title='bbox 302 1598 569 1649; x_wconf 84' lang='lat' dir='ltr'>ignosceret</span> <span class='ocrx_word' id='word_1_171' title='bbox 591 1599 715 1650; x_wconf 88' lang='lat' dir='ltr'>quod</span> <span class='ocrx_word' id='word_1_172' title='bbox 736 1611 763 1638; x_wconf 91' lang='lat' dir='ltr'>a</span> <span class='ocrx_word' id='word_1_173' title='bbox 784 1599 962 1639; x_wconf 89' lang='lat' dir='ltr'>duobus</span> <span class='ocrx_word' id='word_1_174' title='bbox 983 1600 1118 1640; x_wconf 90' lang='lat' dir='ltr'>annis</span> <span class='ocrx_word' id='word_1_175' title='bbox 1139 1601 1267 1640; x_wconf 91' lang='lat' dir='ltr'>illum</span> <span class='ocrx_word' id='word_1_176' title='bbox 1289 1601 1501 1640; x_wconf 86' lang='lat' dir='ltr'>occidere</span> <span class='ocrx_word' id='word_1_177' title='bbox 1522 1602 1797 1652; x_wconf 85' lang='lat' dir='ltr'>quaesisset,</span> <span class='ocrx_word' id='word_1_178' title='bbox 1822 1603 1858 1641; x_wconf 87' lang='lat' dir='ltr'>si</span> 
     </span>
     <span class='ocr_line' id='line_1_21' title="bbox 235 1669 753 1710; baseline 0.004 -2"><span class='ocrx_word' id='word_1_179' title='bbox 235 1669 345 1708; x_wconf 81' lang='lat' dir='ltr'>data</span> <span class='ocrx_word' id='word_1_180' title='bbox 365 1669 529 1709; x_wconf 88' lang='lat' dir='ltr'>fuisset</span> <span class='ocrx_word' id='word_1_181' title='bbox 551 1671 753 1710; x_wconf 86' lang='lat' dir='ltr'>occasio.</span> 
     </span>
    </p>

    <p class='ocr_par' dir='ltr' id='par_1_4' title="bbox 227 1740 1861 2561">
     <span class='ocr_line' id='line_1_22' title="bbox 309 1740 1859 1795; baseline 0.003 -16"><span class='ocrx_word' id='word_1_182' title='bbox 309 1740 451 1793; x_wconf 87' lang='lat' dir='ltr'>Juvat</span> <span class='ocrx_word' id='word_1_183' title='bbox 484 1741 531 1780; x_wconf 90' lang='lat' dir='ltr'>in</span> <span class='ocrx_word' id='word_1_184' title='bbox 564 1740 637 1781; x_wconf 89' lang='lat' dir='ltr'>his</span> <span class='ocrx_word' id='word_1_185' title='bbox 673 1742 934 1793; x_wconf 86' lang='lat' dir='ltr'>immorari,</span> <span class='ocrx_word' id='word_1_186' title='bbox 972 1744 1011 1782; x_wconf 91' lang='lat' dir='ltr'>si</span> <span class='ocrx_word' id='word_1_187' title='bbox 1046 1743 1128 1782; x_wconf 93' lang='lat' dir='ltr'>tibi</span> <span class='ocrx_word' id='word_1_188' title='bbox 1164 1755 1257 1783; x_wconf 89' lang='lat' dir='ltr'>non</span> <span class='ocrx_word' id='word_1_189' title='bbox 1287 1750 1356 1783; x_wconf 89' lang='lat' dir='ltr'>est</span> <span class='ocrx_word' id='word_1_190' title='bbox 1386 1744 1653 1794; x_wconf 85' lang='lat' dir='ltr'>molestum,</span> <span class='ocrx_word' id='word_1_191' title='bbox 1689 1744 1859 1795; x_wconf 85' lang='lat' dir='ltr'>optime</span> 
     </span>
     <span class='ocr_line' id='line_1_23' title="bbox 230 1811 1861 1865; baseline 0.002 -15"><span class='ocrx_word' id='word_1_192' title='bbox 230 1811 384 1851; x_wconf 87' lang='lat' dir='ltr'>Pater.</span> <span class='ocrx_word' id='word_1_193' title='bbox 417 1811 577 1863; x_wconf 90' lang='lat' dir='ltr'>Itaque</span> <span class='ocrx_word' id='word_1_194' title='bbox 612 1812 736 1852; x_wconf 89' lang='lat' dir='ltr'>aliud</span> <span class='ocrx_word' id='word_1_195' title='bbox 762 1825 855 1853; x_wconf 90' lang='lat' dir='ltr'>non</span> <span class='ocrx_word' id='word_1_196' title='bbox 882 1814 1272 1854; x_wconf 86' lang='lat' dir='ltr'>contemnendum</span> <span class='ocrx_word' id='word_1_197' title='bbox 1301 1815 1566 1865; x_wconf 82' lang='lat' dir='ltr'>exemplum</span> <span class='ocrx_word' id='word_1_198' title='bbox 1597 1813 1861 1865; x_wconf 85' lang='lat' dir='ltr'>hujusmodi</span> 
     </span>
     <span class='ocr_line' id='line_1_24' title="bbox 229 1882 1859 1935; baseline 0.002 -14"><span class='ocrx_word' id='word_1_199' title='bbox 229 1882 495 1922; x_wconf 86' lang='lat' dir='ltr'>recensebo.</span> <span class='ocrx_word' id='word_1_200' title='bbox 521 1882 641 1929; x_wconf 80' lang='lat' dir='ltr'>Duo.</span> <span class='ocrx_word' id='word_1_201' title='bbox 665 1884 832 1935; x_wconf 90' lang='lat' dir='ltr'>quibus</span> <span class='ocrx_word' id='word_1_202' title='bbox 854 1884 998 1924; x_wconf 88' lang='lat' dir='ltr'>occisi</span> <span class='ocrx_word' id='word_1_203' title='bbox 1018 1884 1203 1925; x_wconf 88' lang='lat' dir='ltr'>fuerant</span> <span class='ocrx_word' id='word_1_204' title='bbox 1225 1885 1328 1935; x_wconf 89' lang='lat' dir='ltr'>filii,</span> <span class='ocrx_word' id='word_1_205' title='bbox 1353 1897 1458 1925; x_wconf 94' lang='lat' dir='ltr'>cum</span> <span class='ocrx_word' id='word_1_206' title='bbox 1479 1892 1529 1926; x_wconf 92' lang='lat' dir='ltr'>ut</span> <span class='ocrx_word' id='word_1_207' title='bbox 1550 1886 1668 1926; x_wconf 90' lang='lat' dir='ltr'>tanti</span> <span class='ocrx_word' id='word_1_208' title='bbox 1687 1886 1859 1926; x_wconf 87' lang='lat' dir='ltr'>facino-</span> 
     </span>
     <span class='ocr_line' id='line_1_25' title="bbox 230 1953 1859 2008; baseline 0.003 -16"><span class='ocrx_word' id='word_1_209' title='bbox 230 1953 293 1992; x_wconf 90' lang='lat' dir='ltr'>ris</span> <span class='ocrx_word' id='word_1_210' title='bbox 315 1953 584 1994; x_wconf 87' lang='lat' dir='ltr'>auctoribus</span> <span class='ocrx_word' id='word_1_211' title='bbox 612 1955 933 2005; x_wconf 84' lang='lat' dir='ltr'>ignoscerent,</span> <span class='ocrx_word' id='word_1_212' title='bbox 965 1956 1087 2007; x_wconf 88' lang='lat' dir='ltr'>quod</span> <span class='ocrx_word' id='word_1_213' title='bbox 1118 1957 1164 1996; x_wconf 92' lang='lat' dir='ltr'>in</span> <span class='ocrx_word' id='word_1_214' title='bbox 1195 1968 1243 1996; x_wconf 90' lang='lat' dir='ltr'>se</span> <span class='ocrx_word' id='word_1_215' title='bbox 1271 1962 1391 2007; x_wconf 92' lang='lat' dir='ltr'>erat,</span> <span class='ocrx_word' id='word_1_216' title='bbox 1422 1969 1449 1996; x_wconf 88' lang='lat' dir='ltr'>a</span> <span class='ocrx_word' id='word_1_217' title='bbox 1478 1957 1754 2008; x_wconf 88' lang='lat' dir='ltr'>quibusdam</span> <span class='ocrx_word' id='word_1_218' title='bbox 1782 1970 1859 1997; x_wconf 90' lang='lat' dir='ltr'>no-</span> 
     </span>
     <span class='ocr_line' id='line_1_26' title="bbox 229 2025 1857 2079; baseline 0.004 -16"><span class='ocrx_word' id='word_1_219' title='bbox 229 2030 435 2064; x_wconf 84' lang='lat' dir='ltr'>strorum</span> <span class='ocrx_word' id='word_1_220' title='bbox 454 2032 734 2075; x_wconf 88' lang='lat' dir='ltr'>rogarentur</span> <span class='ocrx_word' id='word_1_221' title='bbox 756 2025 834 2066; x_wconf 89' lang='lat' dir='ltr'>diu</span> <span class='ocrx_word' id='word_1_222' title='bbox 861 2027 1045 2078; x_wconf 89' lang='lat' dir='ltr'>quidem</span> <span class='ocrx_word' id='word_1_223' title='bbox 1072 2039 1126 2067; x_wconf 91' lang='lat' dir='ltr'>ac</span> <span class='ocrx_word' id='word_1_224' title='bbox 1157 2028 1372 2078; x_wconf 90' lang='lat' dir='ltr'>multum,</span> <span class='ocrx_word' id='word_1_225' title='bbox 1405 2028 1536 2068; x_wconf 89' lang='lat' dir='ltr'>initio</span> <span class='ocrx_word' id='word_1_226' title='bbox 1563 2029 1857 2079; x_wconf 89' lang='lat' dir='ltr'>obstiterunt,</span> 
     </span>
     <span class='ocr_line' id='line_1_27' title="bbox 228 2096 1855 2150; baseline 0.004 -16"><span class='ocrx_word' id='word_1_227' title='bbox 228 2101 474 2146; x_wconf 89' lang='lat' dir='ltr'>paternum</span> <span class='ocrx_word' id='word_1_228' title='bbox 500 2096 822 2136; x_wconf 84' lang='lat' dir='ltr'>existimantes</span> <span class='ocrx_word' id='word_1_229' title='bbox 857 2109 906 2137; x_wconf 93' lang='lat' dir='ltr'>se</span> <span class='ocrx_word' id='word_1_230' title='bbox 941 2098 1148 2138; x_wconf 86' lang='lat' dir='ltr'>animum</span> <span class='ocrx_word' id='word_1_231' title='bbox 1183 2098 1436 2150; x_wconf 85' lang='lat' dir='ltr'>deponere,</span> <span class='ocrx_word' id='word_1_232' title='bbox 1471 2099 1510 2138; x_wconf 93' lang='lat' dir='ltr'>si</span> <span class='ocrx_word' id='word_1_233' title='bbox 1544 2100 1589 2139; x_wconf 88' lang='lat' dir='ltr'>id</span> <span class='ocrx_word' id='word_1_234' title='bbox 1623 2100 1855 2148; x_wconf 81' lang='lat' dir='ltr'>fecissent3</span> 
     </span>
     <span class='ocr_line' id='line_1_28' title="bbox 228 2165 1860 2223; baseline 0.004 -19"><span class='ocrx_word' id='word_1_235' title='bbox 228 2165 415 2205; x_wconf 87' lang='lat' dir='ltr'>tandem</span> <span class='ocrx_word' id='word_1_236' title='bbox 444 2172 602 2206; x_wconf 89' lang='lat' dir='ltr'>tamen</span> <span class='ocrx_word' id='word_1_237' title='bbox 628 2167 741 2207; x_wconf 86' lang='lat' dir='ltr'>victi</span> <span class='ocrx_word' id='word_1_238' title='bbox 776 2179 942 2208; x_wconf 87' lang='lat' dir='ltr'>manus</span> <span class='ocrx_word' id='word_1_239' title='bbox 978 2168 1204 2208; x_wconf 87' lang='lat' dir='ltr'>dederunt</span> <span class='ocrx_word' id='word_1_240' title='bbox 1231 2169 1511 2221; x_wconf 88' lang='lat' dir='ltr'>adductique</span> <span class='ocrx_word' id='word_1_241' title='bbox 1545 2177 1613 2219; x_wconf 89' lang='lat' dir='ltr'>ut,</span> <span class='ocrx_word' id='word_1_242' title='bbox 1643 2182 1748 2211; x_wconf 90' lang='lat' dir='ltr'>cum</span> <span class='ocrx_word' id='word_1_243' title='bbox 1777 2183 1860 2223; x_wconf 92' lang='lat' dir='ltr'>per</span> 
     </span>
     <span class='ocr_line' id='line_1_29' title="bbox 228 2239 1856 2293; baseline 0.004 -18"><span class='ocrx_word' id='word_1_244' title='bbox 228 2243 405 2288; x_wconf 82' lang='lat' dir='ltr'>septem</span> <span class='ocrx_word' id='word_1_245' title='bbox 427 2249 574 2277; x_wconf 87' lang='lat' dir='ltr'>annos</span> <span class='ocrx_word' id='word_1_246' title='bbox 595 2249 689 2278; x_wconf 91' lang='lat' dir='ltr'>non</span> <span class='ocrx_word' id='word_1_247' title='bbox 710 2246 866 2279; x_wconf 89' lang='lat' dir='ltr'>essent</span> <span class='ocrx_word' id='word_1_248' title='bbox 889 2239 1111 2291; x_wconf 85' lang='lat' dir='ltr'>confessi,</span> <span class='ocrx_word' id='word_1_249' title='bbox 1136 2247 1180 2280; x_wconf 90' lang='lat' dir='ltr'>et</span> <span class='ocrx_word' id='word_1_250' title='bbox 1201 2240 1411 2281; x_wconf 84' lang='lat' dir='ltr'>confiteri</span> <span class='ocrx_word' id='word_1_251' title='bbox 1431 2248 1475 2281; x_wconf 89' lang='lat' dir='ltr'>et</span> <span class='ocrx_word' id='word_1_252' title='bbox 1503 2242 1659 2282; x_wconf 86' lang='lat' dir='ltr'>omnia</span> <span class='ocrx_word' id='word_1_253' title='bbox 1686 2242 1856 2293; x_wconf 85' lang='lat' dir='ltr'>facere,</span> 
     </span>
     <span class='ocr_line' id='line_1_30' title="bbox 228 2308 1859 2364; baseline 0.004 -17"><span class='ocrx_word' id='word_1_254' title='bbox 228 2320 345 2359; x_wconf 92' lang='lat' dir='ltr'>quae</span> <span class='ocrx_word' id='word_1_255' title='bbox 366 2308 440 2348; x_wconf 91' lang='lat' dir='ltr'>ille</span> <span class='ocrx_word' id='word_1_256' title='bbox 461 2309 599 2349; x_wconf 88' lang='lat' dir='ltr'>vellet</span> <span class='ocrx_word' id='word_1_257' title='bbox 622 2309 809 2360; x_wconf 93' lang='lat' dir='ltr'>quicum</span> <span class='ocrx_word' id='word_1_258' title='bbox 830 2311 1153 2362; x_wconf 89' lang='lat' dir='ltr'>loquebantur,</span> <span class='ocrx_word' id='word_1_259' title='bbox 1173 2312 1488 2363; x_wconf 91' lang='lat' dir='ltr'>promiserint.</span> <span class='ocrx_word' id='word_1_260' title='bbox 1513 2313 1721 2364; x_wconf 86' lang='lat' dir='ltr'>Quorum</span> <span class='ocrx_word' id='word_1_261' title='bbox 1743 2315 1859 2354; x_wconf 81' lang='lat' dir='ltr'>alter</span> 
     </span>
     <span class='ocr_line' id='line_1_31' title="bbox 227 2379 1857 2435; baseline 0.005 -18"><span class='ocrx_word' id='word_1_262' title='bbox 227 2390 282 2418; x_wconf 93' lang='lat' dir='ltr'>eo</span> <span class='ocrx_word' id='word_1_263' title='bbox 304 2379 614 2419; x_wconf 90' lang='lat' dir='ltr'>miserabilior</span> <span class='ocrx_word' id='word_1_264' title='bbox 636 2386 755 2431; x_wconf 88' lang='lat' dir='ltr'>erat,</span> <span class='ocrx_word' id='word_1_265' title='bbox 780 2381 902 2432; x_wconf 90' lang='lat' dir='ltr'>quod</span> <span class='ocrx_word' id='word_1_266' title='bbox 923 2381 1039 2422; x_wconf 91' lang='lat' dir='ltr'>duos</span> <span class='ocrx_word' id='word_1_267' title='bbox 1061 2390 1168 2423; x_wconf 90' lang='lat' dir='ltr'>ante</span> <span class='ocrx_word' id='word_1_268' title='bbox 1196 2394 1344 2423; x_wconf 86' lang='lat' dir='ltr'>annos</span> <span class='ocrx_word' id='word_1_269' title='bbox 1365 2390 1530 2435; x_wconf 87' lang='lat' dir='ltr'>pactus</span> <span class='ocrx_word' id='word_1_270' title='bbox 1557 2384 1709 2425; x_wconf 86' lang='lat' dir='ltr'>fuerat</span> <span class='ocrx_word' id='word_1_271' title='bbox 1730 2397 1857 2425; x_wconf 92' lang='lat' dir='ltr'>num-</span> 
     </span>
     <span class='ocr_line' id='line_1_32' title="bbox 227 2450 1857 2506; baseline 0.005 -18"><span class='ocrx_word' id='word_1_272' title='bbox 227 2461 366 2500; x_wconf 87' lang='lat' dir='ltr'>quam</span> <span class='ocrx_word' id='word_1_273' title='bbox 388 2461 436 2489; x_wconf 91' lang='lat' dir='ltr'>se</span> <span class='ocrx_word' id='word_1_274' title='bbox 458 2450 690 2490; x_wconf 88' lang='lat' dir='ltr'>dicturum</span> <span class='ocrx_word' id='word_1_275' title='bbox 705 2452 965 2492; x_wconf 91' lang='lat' dir='ltr'>orationem</span> <span class='ocrx_word' id='word_1_276' title='bbox 982 2453 1263 2494; x_wconf 90' lang='lat' dir='ltr'>dominicam</span> <span class='ocrx_word' id='word_1_277' title='bbox 1284 2455 1421 2506; x_wconf 90' lang='lat' dir='ltr'>idque</span> <span class='ocrx_word' id='word_1_278' title='bbox 1439 2455 1685 2506; x_wconf 86' lang='lat' dir='ltr'>diligenter</span> <span class='ocrx_word' id='word_1_279' title='bbox 1706 2456 1857 2496; x_wconf 84' lang='lat' dir='ltr'>obser-</span> 
     </span>
     <span class='ocr_line' id='line_1_33' title="bbox 227 2527 441 2561; baseline -0.005 -2"><span class='ocrx_word' id='word_1_280' title='bbox 227 2527 441 2561; x_wconf 77' lang='lat' dir='ltr'>vaverat.</span> 
     </span>
    </p>

    <p class='ocr_par' dir='ltr' id='par_1_5' title="bbox 224 2591 1857 2858">
     <span class='ocr_line' id='line_1_34' title="bbox 305 2591 1857 2649; baseline 0.005 -18"><span class='ocrx_word' id='word_1_281' title='bbox 305 2591 496 2632; x_wconf 89' lang='lat' dir='ltr'>Praeter</span> <span class='ocrx_word' id='word_1_282' title='bbox 527 2604 606 2632; x_wconf 91' lang='lat' dir='ltr'>eas</span> <span class='ocrx_word' id='word_1_283' title='bbox 637 2593 976 2646; x_wconf 90' lang='lat' dir='ltr'>confessiones,</span> <span class='ocrx_word' id='word_1_284' title='bbox 1015 2607 1131 2646; x_wconf 89' lang='lat' dir='ltr'>quas</span> <span class='ocrx_word' id='word_1_285' title='bbox 1165 2596 1211 2636; x_wconf 91' lang='lat' dir='ltr'>in</span> <span class='ocrx_word' id='word_1_286' title='bbox 1246 2598 1418 2647; x_wconf 90' lang='lat' dir='ltr'>templo</span> <span class='ocrx_word' id='word_1_287' title='bbox 1445 2598 1680 2649; x_wconf 87' lang='lat' dir='ltr'>audimus,</span> <span class='ocrx_word' id='word_1_288' title='bbox 1718 2610 1857 2649; x_wconf 78' lang='lat' dir='ltr'>saepe</span> 
     </span>
     <span class='ocr_line' id='line_1_35' title="bbox 226 2663 1856 2718; baseline 0.005 -17"><span class='ocrx_word' id='word_1_289' title='bbox 226 2674 410 2714; x_wconf 88' lang='lat' dir='ltr'>quoque</span> <span class='ocrx_word' id='word_1_290' title='bbox 432 2663 490 2702; x_wconf 90' lang='lat' dir='ltr'>ad</span> <span class='ocrx_word' id='word_1_291' title='bbox 510 2663 718 2704; x_wconf 87' lang='lat' dir='ltr'>infirmos</span> <span class='ocrx_word' id='word_1_292' title='bbox 745 2664 1001 2706; x_wconf 88' lang='lat' dir='ltr'>audiendos</span> <span class='ocrx_word' id='word_1_293' title='bbox 1027 2667 1306 2718; x_wconf 90' lang='lat' dir='ltr'>eosdemque</span> <span class='ocrx_word' id='word_1_294' title='bbox 1336 2666 1630 2718; x_wconf 86' lang='lat' dir='ltr'>adjuvandos</span> <span class='ocrx_word' id='word_1_295' title='bbox 1656 2675 1704 2708; x_wconf 92' lang='lat' dir='ltr'>ut</span> <span class='ocrx_word' id='word_1_296' title='bbox 1730 2675 1856 2709; x_wconf 91' lang='lat' dir='ltr'>recte</span> 
     </span>
     <span class='ocr_line' id='line_1_36' title="bbox 228 2734 1855 2791; baseline 0.005 -19"><span class='ocrx_word' id='word_1_297' title='bbox 228 2734 503 2785; x_wconf 87' lang='lat' dir='ltr'>moriantur,</span> <span class='ocrx_word' id='word_1_298' title='bbox 527 2746 878 2786; x_wconf 86' lang='lat' dir='ltr'>nonnumquam</span> <span class='ocrx_word' id='word_1_299' title='bbox 898 2737 1039 2777; x_wconf 90' lang='lat' dir='ltr'>etiam</span> <span class='ocrx_word' id='word_1_300' title='bbox 1060 2736 1118 2777; x_wconf 86' lang='lat' dir='ltr'>ad</span> <span class='ocrx_word' id='word_1_301' title='bbox 1140 2750 1356 2779; x_wconf 88' lang='lat' dir='ltr'>carceres</span> <span class='ocrx_word' id='word_1_302' title='bbox 1377 2751 1618 2789; x_wconf 80' lang='lat' dir='ltr'>vocamur3</span> <span class='ocrx_word' id='word_1_303' title='bbox 1643 2746 1687 2779; x_wconf 91' lang='lat' dir='ltr'>et</span> <span class='ocrx_word' id='word_1_304' title='bbox 1717 2752 1855 2791; x_wconf 89' lang='lat' dir='ltr'>quam</span> 
     </span>
     <span class='ocr_line' id='line_1_37' title="bbox 224 2811 1014 2858; baseline 0.006 -15"><span class='ocrx_word' id='word_1_305' title='bbox 224 2815 473 2854; x_wconf 91' lang='lat' dir='ltr'>possumus</span> <span class='ocrx_word' id='word_1_306' title='bbox 493 2811 789 2856; x_wconf 87' lang='lat' dir='ltr'>praestamus</span> <span class='ocrx_word' id='word_1_307' title='bbox 810 2818 1014 2858; x_wconf 85' lang='lat' dir='ltr'>operam.</span> 
     </span>
    </p>

    <p class='ocr_par' dir='ltr' id='par_1_6' title="bbox 224 2873 1854 3075">
     <span class='ocr_line' id='line_1_38' title="bbox 304 2873 1854 2933; baseline 0.005 -19"><span class='ocrx_word' id='word_1_308' title='bbox 304 2873 492 2925; x_wconf 87' lang='lat' dir='ltr'>Augent</span> <span class='ocrx_word' id='word_1_309' title='bbox 515 2876 846 2926; x_wconf 90' lang='lat' dir='ltr'>confitentium,</span> <span class='ocrx_word' id='word_1_310' title='bbox 872 2879 993 2929; x_wconf 93' lang='lat' dir='ltr'>quod</span> <span class='ocrx_word' id='word_1_311' title='bbox 1013 2891 1150 2919; x_wconf 92' lang='lat' dir='ltr'>nemo</span> <span class='ocrx_word' id='word_1_312' title='bbox 1171 2879 1373 2930; x_wconf 90' lang='lat' dir='ltr'>dubitat,</span> <span class='ocrx_word' id='word_1_313' title='bbox 1398 2892 1644 2922; x_wconf 91' lang='lat' dir='ltr'>numerum</span> <span class='ocrx_word' id='word_1_314' title='bbox 1660 2887 1704 2921; x_wconf 93' lang='lat' dir='ltr'>et</span> <span class='ocrx_word' id='word_1_315' title='bbox 1724 2882 1854 2933; x_wconf 78' lang='lat' dir='ltr'>ipsae</span> 
     </span>
     <span class='ocr_line' id='line_1_39' title="bbox 224 2945 1853 3004; baseline 0.006 -20"><span class='ocrx_word' id='word_1_316' title='bbox 224 2945 489 2996; x_wconf 82' lang='lat' dir='ltr'>frequentes</span> <span class='ocrx_word' id='word_1_317' title='bbox 510 2947 774 2999; x_wconf 89' lang='lat' dir='ltr'>conciones,</span> <span class='ocrx_word' id='word_1_318' title='bbox 793 2960 967 3000; x_wconf 88' lang='lat' dir='ltr'>magna</span> <span class='ocrx_word' id='word_1_319' title='bbox 984 2950 1249 2990; x_wconf 88' lang='lat' dir='ltr'>auditorum</span> <span class='ocrx_word' id='word_1_320' title='bbox 1270 2956 1314 2991; x_wconf 91' lang='lat' dir='ltr'>et</span> <span class='ocrx_word' id='word_1_321' title='bbox 1335 2952 1558 2992; x_wconf 87' lang='lat' dir='ltr'>aviditate</span> <span class='ocrx_word' id='word_1_322' title='bbox 1580 2959 1623 2992; x_wconf 91' lang='lat' dir='ltr'>et</span> <span class='ocrx_word' id='word_1_323' title='bbox 1643 2952 1853 3004; x_wconf 85' lang='lat' dir='ltr'>frequen-</span> 
     </span>
     <span class='ocr_line' id='line_1_40' title="bbox 224 3015 1852 3075; baseline 0.006 -21"><span class='ocrx_word' id='word_1_324' title='bbox 224 3015 287 3055; x_wconf 88' lang='lat' dir='ltr'>tia</span> <span class='ocrx_word' id='word_1_325' title='bbox 310 3016 435 3056; x_wconf 85' lang='lat' dir='ltr'>domi</span> <span class='ocrx_word' id='word_1_326' title='bbox 458 3017 657 3057; x_wconf 87' lang='lat' dir='ltr'>habitae.</span> <span class='ocrx_word' id='word_1_327' title='bbox 678 3018 727 3058; x_wconf 91' lang='lat' dir='ltr'>In</span> <span class='ocrx_word' id='word_1_328' title='bbox 749 3020 1043 3060; x_wconf 87' lang='lat' dir='ltr'>monasteriis</span> <span class='ocrx_word' id='word_1_329' title='bbox 1061 3032 1243 3072; x_wconf 90' lang='lat' dir='ltr'>quoque</span> <span class='ocrx_word' id='word_1_330' title='bbox 1264 3034 1358 3062; x_wconf 90' lang='lat' dir='ltr'>non</span> <span class='ocrx_word' id='word_1_331' title='bbox 1379 3034 1487 3063; x_wconf 91' lang='lat' dir='ltr'>raro</span> <span class='ocrx_word' id='word_1_332' title='bbox 1509 3024 1753 3075; x_wconf 79' lang='lat' dir='ltr'>habentur3</span> <span class='ocrx_word' id='word_1_333' title='bbox 1773 3024 1852 3063; x_wconf 81' lang='lat' dir='ltr'>scd</span> 
     </span>
    </p>
   </div>
  </div>
 </body>
</html>
