2074 3179
273 167 344 205 238
789 165 1019 202 LITTERAE
1045 176 1403 208 QUADRIMESTRES

274 270 452 314 ratum,
477 264 552 303 cui
572 263 688 303 nihil
709 264 978 304 dubitamus
1004 262 1276 313 propediem
1307 274 1607 304 accessurum
1637 264 1910 315 Ingolstadii

275 336 499 386 alterum,
525 335 714 376 Christo
732 335 1003 374 adiuvante.

354 406 456 458 Quo
485 406 554 458 fit,
584 412 633 447 ut
661 405 846 458 precari
877 404 1038 444 sedulo
1069 404 1321 445 debeamus
1352 405 1540 446 Patrem
1570 406 1911 448 misericordia-

273 490 377 518 rum
407 484 452 518 et
478 489 564 529 pro
599 477 809 529 piissimo
843 475 973 526 Rege
1005 475 1327 525 Ferdinando,
1365 483 1409 517 et
1440 489 1526 529 pro
1561 489 1736 529 genero
1771 478 1907 528 illius,

275 549 407 590 Duce
439 550 529 589 hoc
558 548 858 599 Bavariensi‚
895 559 1012 599 quos
1039 545 1205 586 deinde
1235 558 1320 587 ceu
1347 548 1488 588 duces
1516 549 1594 589 alii
1620 561 1804 601 quoque
1840 550 1910 599 (ut

274 621 377 672 ipsa
399 626 536 671 coget
553 619 827 669 necessitas)
846 619 893 658 in
910 618 1165 658 Germania
1182 619 1361 670 passim
1376 619 1694 661 imitabuntur.
1725 621 1810 661 Cui
1837 621 1903 660 rei

278 697 556 743 argumento
578 702 679 730 esse
700 695 854 742 potest
873 689 946 729 vir
968 700 1202 740 summUS,
1234 690 1311 741 qui
1338 689 1681 731 Cancellarium
1711 693 1810 742 agit
1832 704 1911 732 cu-

273 762 456 802 iusdam
492 761 724 812 Principis
758 761 988 801 Electoris
1018 758 1045 809 ¹,
1082 771 1175 800 non
1211 761 1389 801 amicus
1423 762 1610 813 quidem
1642 761 1907 813 Societatis,

274 834 355 873 sed
385 833 463 884 qui
491 844 685 873 causam
714 838 894 874 tantam
923 840 967 874 et
992 832 1197 876 fructum
1224 834 1420 874 istorum
1446 834 1753 885 collegiorum
1782 834 1909 874 intel-

274 905 439 955 ligens,
458 904 701 956 rescripsit
719 905 904 946 cuidam
920 906 968 946 in
984 906 1102 948 haec
1120 908 1279 948 verba:
1306 902 1539 947 “Litteras
1559 912 1664 946 tuas
1682 905 1795 945 R.m0
1817 904 1909 945 Do-

271 976 397 1016 mino
419 982 580 1016 nostro
602 977 851 1017 commoda
872 979 1091 1029 quaesita
1113 979 1384 1031 occasione,
1409 984 1453 1018 et
1479 989 1583 1018 cum
1610 977 1769 1018 mollia
1799 982 1906 1017 tem-

270 1059 388 1099 pora
414 1046 589 1087 fuerint
615 1047 802 1099 affandi,
838 1049 1091 1090 exhibebo:
1115 1051 1343 1102 simulque
1374 1049 1587 1090 manibus
1622 1060 1678 1089 ac
1712 1048 1909 1100 pedibus

267 1124 396 1158 tuam
437 1119 720 1159 sententiam
757 1120 1042 1161 confirmabo
1079 1121 1171 1171 (De
1196 1121 1364 1162 litteris
1393 1120 1596 1172 loquitur
1626 1120 1672 1159 in
1697 1119 1904 1171 gratiam

269 1190 454 1241 collegii
475 1190 623 1230 nostri
645 1197 865 1231 accurate
885 1192 1108 1244 scriptis).
1134 1192 1430 1244 Quamquam
1445 1203 1521 1231 res
1537 1191 1638 1243 ipsa
1655 1203 1749 1231 non
1765 1197 1903 1242 egeat

274 1261 430 1313 aliqua
452 1262 777 1313 persuasione,
803 1275 909 1303 cum
929 1276 1024 1304 non
1045 1264 1197 1304 solum
1216 1265 1276 1305 sit
1298 1264 1505 1304 omnium
1531 1262 1831 1303 sanctissima
1861 1268 1905 1302 et

267 1332 620 1384 honestissima,
654 1334 735 1374 sed
770 1340 814 1374 et
848 1335 1054 1375 maxime
1083 1336 1208 1376 utilis
1235 1342 1278 1376 et
1305 1335 1595 1385 necessaria,
1626 1345 1836 1386 quaeque
1873 1346 1898 1373 a

268 1403 382 1444 R.1110
404 1405 504 1444 sine
525 1405 731 1445 maximo
754 1406 1004 1458 dedecore,
1029 1407 1253 1447 scandalo
1279 1412 1323 1447 et
1353 1406 1629 1447 detrimento
1658 1406 1799 1446 etiam
1830 1417 1898 1444 sa—

266 1476 376 1516 lutis
397 1487 510 1516 suae
533 1476 684 1517 omitti
704 1477 892 1517 minime
914 1484 1095 1529 queat„
1119 1478 1358 1518 Hactenus
1379 1478 1468 1529 ille,
1493 1477 1623 1518 cuius
1644 1477 1790 1517 verba
1810 1488 1896 1516 nos

267 1547 327 1588 ad
346 1547 635 1588 laudandum
655 1547 810 1589 Deum
830 1550 906 1589 vel
931 1549 989 1590 ob
1008 1550 1054 1590 id
1076 1550 1256 1590 animos
1276 1561 1538 1602 provocare
1559 1554 1751 1601 queant,
1776 1549 1899 1600 quod

264 1619 311 1659 in
339 1619 458 1660 aulis
485 1620 750 1671 principum
781 1620 1126 1661 Germanorum
1155 1621 1220 1661 ita
1247 1621 1465 1672 cognitae
1492 1620 1628 1661 simul
1662 1626 1706 1660 et
1735 1620 1900 1671 proba-

265 1696 341 1731 tae
370 1691 462 1731 sint
492 1703 569 1731 res
600 1690 867 1743 Societatis,
897 1693 1088 1733 iuvante
1113 1693 1383 1744 plurimum,
1413 1698 1462 1732 ut
1489 1692 1606 1742 dixi,
1630 1691 1898 1743 praesentia

268 1761 322 1802 R.
345 1762 395 1802 Ρ.
420 1762 616 1813 Claudii,
637 1775 727 1814 quo
743 1775 829 1803 nec
845 1763 1076 1804 immerito
1093 1769 1339 1816 tantopere
1356 1763 1614 1804 delectatur
1636 1762 1769 1803 R.¹1111S
1794 1761 1907 1803 Car-

270 1834 438 1874 dinalis
459 1834 784 1885 Augustanus,
809 1835 936 1874 illum
956 1846 1075 1887 pene
1096 1836 1246 1875 solum
1266 1835 1458 1884 habens,
1483 1846 1572 1886 quo
1594 1840 1749 1874 utatur
1766 1833 1899 1873 fami-

266 1905 536 1957 liarissime,
561 1906 785 1957 cuiusque
806 1907 998 1947 ductum
1018 1913 1260 1958 sequutus,
1284 1907 1446 1955 vitam,
1469 1906 1578 1946 licet
1600 1905 1771 1957 alioqui
1796 1916 1900 1956 pro-

263 1978 422 2017 batam
444 1975 472 2028 ²,
497 1983 542 2017 et
564 1978 720 2018 aulam
741 1989 875 2018 suam
895 1977 1179 2019 reformasse
1198 1989 1392 2030 prorsus
1412 1977 1722 2018 existimatur.

339 2047 388 2088 P.
413 2047 638 2089 Nicolaus
658 2049 706 2089 in
726 2049 1041 2101 praelegendo
1063 2049 1314 2090 admodum
1335 2055 1379 2089 et
1400 2049 1487 2089 sibi
1507 2054 1551 2088 et
1572 2048 1674 2088 aliis
1694 2046 1895 2100 proficit;

260 2119 478 2160 laudatur
513 2120 561 2160 in
588 2119 856 2172 disputandi
883 2121 1084 2172 ratione,
1121 2132 1262 2172 quam
1293 2132 1378 2161 sua
1413 2120 1599 2172 quidem
1631 2119 1899 2171 praesentia

262 2202 358 2232 non
391 2203 559 2243 parum
593 2191 725 2232 iuvat
765 2199 1117 2245 promovetque.
1151 2193 1291 2233 Brevi
1325 2198 1431 2244 post
1463 2191 1790 2243 auspicaturus
1830 2196 1900 2230 est

262 2262 531 2304 Aristotelis
553 2263 790 2315 Ethicam‚
811 2276 930 2315 quae
951 2265 1090 2305 lectio
1122 2265 1279 2315 plures
1307 2275 1447 2315 quam
1476 2262 1762 2314 Theologica
1783 2294 1790 2312 ,
1822 2273 1899 2301 no-

261 2335 332 2374 bis
353 2335 583 2386 promittit
599 2335 854 2376 auditores

340 2406 460 2446 Tum
486 2406 618 2447 festis
653 2406 814 2447 diebus
841 2407 1080 2459 pergimus
1108 2407 1399 2458 concionari,
1431 2406 1513 2447 sed
1547 2405 1724 2446 maiore
1759 2416 1899 2456 quam

263 2483 423 2529 antea,
458 2489 565 2519 cum
592 2478 812 2519 auditorii
841 2484 885 2519 et
910 2478 1231 2531 professorum
1259 2478 1533 2531 frequentia.
1564 2477 1789 2518 Fructum
1821 2476 1897 2515 ali-

261 2561 400 2601 quem
421 2550 670 2590 ostendunt
692 2549 979 2601 confitentes,
1003 2561 1120 2602 quos
1142 2550 1258 2590 adeo
1281 2550 1450 2590 multos
1471 2560 1618 2600 nuper
1639 2547 1799 2588 divina
1819 2547 1895 2587 tri-

261 2621 360 2661 buit
382 2620 663 2673 benignitas,
687 2627 736 2661 ut
758 2621 892 2662 annis
914 2621 1083 2662 abhinc
1112 2621 1324 2673 plurimis
1352 2620 1495 2662 fuisse
1522 2621 1678 2673 plures
1705 2624 1892 2670 negent,

314 2808 325 2828 ¹
367 2807 447 2840 Quis
461 2807 514 2834 hic
528 2807 690 2842 Princeps
705 2807 845 2835 Elector
857 2808 969 2842 fuerit,
981 2812 1014 2834 et
1029 2807 1102 2842 quis
1114 2808 1186 2842 ejus
1195 2806 1438 2840 Canceuarius,
1451 2806 1597 2840 inquiret
1611 2809 1702 2832 certe
1716 2808 1748 2831 et
1759 2803 1893 2831 docebit

262 2855 542 2890 diligentissimus
556 2855 591 2882 P.
609 2855 648 2882 O.
662 2855 932 2890 Braunsberger,
949 2855 980 2882 S.
994 2855 1033 2889 J.,
1050 2863 1123 2882 curn
1138 2855 1308 2890 ingentem
1331 2853 1592 2882 Canisianarum
1616 2853 1809 2880 litterarum
1826 2858 1894 2878 mo-

262 2905 326 2931 lem
342 2905 414 2931 luce
431 2904 568 2937 publica
585 2904 736 2931 donabit.

315 2953 329 2971 2¹
366 2952 484 2979 Verba
498 2951 582 2978 haec
599 2952 679 2979 licet
701 2952 1047 2986 alioquiprobatam,
1061 2950 1157 2985 signo
1173 2950 1288 2979 addito
1313 2955 1349 2977 u't
1373 2949 1482 2977 textui
1498 2949 1740 2980 insererentur,
1759 2946 1892 2975 addidit

266 3001 297 3027 in
314 3000 467 3034 margine
484 2999 659 3026 Polancus.
