2074 3179
288 143 361 180 ⁴260
801 144 1028 182 LITTERAE
1056 151 1414 187 QUADi‘leEsTREs

291 248 408 291 rent,
448 241 685 280 affirmans
714 241 1049 292 rempublicam
1084 241 1390 281 christianam
1424 253 1647 292 magnam
1678 243 1925 282 utilitatem

289 312 397 352 inde
417 319 765 364 reportaturam
783 344 789 361 ,
814 311 938 363 quod
959 312 1145 363 quidem
1164 312 1223 351 ad
1242 311 1328 352 has
1344 313 1576 353 nundinas
1602 313 1787 364 plurimi
1820 325 1924 354 con-

292 383 437 423 fluunt
454 395 511 423 ex
535 391 631 423 tota
653 382 897 434 Hispania.
922 382 971 422 Ρ.
995 382 1188 433 Doctor,
1220 383 1436 434 precibus
1457 391 1503 425 et
1537 384 1797 424 rationibus
1818 396 1924 424 con-

287 454 463 501 victus,
487 466 580 494 non
602 453 749 505 potuit
776 464 951 504 negare
978 453 1100 505 quod
1121 453 1196 493 ille
1218 460 1314 494 tam
1333 454 1409 506 pio
1431 455 1601 495 affectu
1622 461 1921 507 poposcerat:

287 526 488 566 mittitur
510 536 622 575 ergo
644 525 691 564 P.
709 517 928 575 ‘Baptista
950 531 994 564 et
1016 525 1134 565 alter
1156 537 1262 565 cum
1283 537 1358 575 eo,
1383 537 1438 565 ea
1459 531 1617 566 tamen
1639 526 1921 577 conditione,

236 629 243 634 .
288 603 338 637 ut
359 604 465 649 post
487 596 753 647 quindecim
773 595 873 636 dies
894 596 1052 635 statim
1073 595 1263 636 domum
1284 596 1511 647 redirent3
1536 603 1636 637 erat
1665 597 1788 637 enim
1816 604 1923 637 tunc

286 669 412 708 domi
434 674 622 708 nostrae
639 667 836 718 penuria
854 666 1152 707 sacerdotum
1170 674 1214 707 et
1231 667 1335 707 finis
1352 666 1545 718 jubilaei
1561 668 1921 719 propinquabat,

287 751 378 791 quo
406 739 609 779 maxime
639 750 755 790 opus
783 744 884 778 erat
915 738 1050 790 copia
1078 738 1391 778 sacerdotum.
1422 738 1590 778 Postea
1618 739 1925 788 cognovimus

285 822 386 851 rem
408 823 511 850 esse
534 822 648 850 sane
665 809 858 860 dignam
879 810 1189 850 admiratione
1209 810 1370 850 videre
1392 815 1580 861 gentem
1596 810 1721 850 illam
1744 810 1922 862 methy-

284 894 542 928 mnensem,
584 886 758 933 quanto
798 881 986 933 pietatis
1028 893 1082 921 ac
1123 881 1386 921 devotionis
1422 880 1592 921 affectu
1627 893 1829 921 accensa
1866 882 1925 921 sit

285 965 518 1005 quamque
542 958 779 992 commota
801 964 859 991 ex
886 952 1183 992 sermonibus
1209 952 1472 1004 Baptistae3
1502 952 1770 1004 frequenter
1797 964 1922 992 nam-

284 1037 374 1076 que
396 1024 638 1076 praedicat
652 1024 700 1064 in
721 1025 892 1074 platea,
913 1024 959 1063 in
977 1036 1068 1075 qua
1085 1024 1407 1071 nummularii,
1428 1036 1545 1075 quos
1562 1021 1835 1075 campsores
1850 1024 1925 1063 vel

284 1096 572 1148 banquarios
593 1106 937 1146 nuncupamus,
962 1107 1073 1135 suas
1093 1101 1315 1135 exercent
1331 1095 1692 1146 negotiationes,
1712 1095 1790 1135 ubi
1807 1107 1922 1135 sem-

281 1180 365 1220 per
387 1169 503 1208 solet
538 1180 642 1208 esse
671 1167 879 1207 maxima
906 1167 1043 1207 turba
1070 1167 1311 1207 hominum
1340 1166 1672 1218 cujuscumque
1701 1172 1850 1206 status
1879 1171 1923 1206 et

281 1240 577 1290 conditionis,
613 1239 891 1291 praesertim
922 1244 1253 1289 mercatorum,
1279 1251 1336 1279 ex
1359 1238 1691 1279 diversissimis
1723 1238 1921 1290 plerum-

282 1323 370 1363 que
401 1311 685 1352 nationibus.
725 1311 785 1350 Hi
814 1311 873 1350 ad
903 1322 1067 1351 vocem
1098 1310 1328 1350 sermonis
1360 1310 1409 1350 Ρ.
1442 1310 1708 1361 Baptistae,
1741 1309 1923 1350 cunctis

280 1383 505 1434 negotiis,
532 1382 874 1432 contractibus,
899 1382 1058 1422 litibus
1087 1388 1130 1421 et
1153 1381 1313 1421 officiis
1334 1381 1627 1432 intermissis,
1652 1386 1918 1427 accurrunt,

282 1462 328 1494 et
357 1466 531 1505 magno
562 1454 745 1494 silentio
774 1459 915 1505 atque
939 1454 1194 1494 attentione
1217 1453 1411 1493 audiunt
1441 1452 1791 1504 praedicantem
1821 1463 1921 1491 ver-

287 1527 394 1566 bum
422 1525 533 1575 Dei,
566 1525 703 1577 idque
737 1537 831 1565 non
857 1537 967 1565 raro
997 1537 1102 1565 cum
1130 1525 1237 1565 altis
1263 1524 1477 1576 suspiriis
1505 1530 1548 1563 et
1577 1523 1833 1563 abundanti
1860 1524 1920 1563 la-

281 1599 587 1649 chrymarum
606 1596 844 1637 effusione.
872 1596 1056 1636 Primae
1074 1596 1290 1636 concioni
1306 1595 1493 1636 habitae
1517 1595 1641 1647 apud
1667 1595 1769 1634 illos
1793 1606 1922 1634 num-

283 1669 508 1709 mularios
532 1668 679 1708 adfuit
702 1668 999 1720 vicepraetor
1021 1667 1391 1719 methymnensis
1407 1667 1507 1718 qui,
1538 1666 1745 1706 nondum
1768 1665 1921 1706 adhuc

279 1740 408 1781 finito
427 1752 657 1790 sermone,
678 1739 928 1791 alloquitur
946 1740 1127 1779 socium
1141 1738 1190 1778 P.
1210 1739 1465 1790 Baptistae,
1486 1737 1795 1788 admonetque
1816 1749 1921 1777 eum

281 1818 329 1852 ut
347 1811 504 1863 jubeat
529 1811 912 1851 concionatorem
940 1810 998 1850 ab
1025 1810 1247 1850 inchoato
1278 1821 1493 1849 sermone
1521 1809 1767 1859 desistere,
1799 1820 1918 1848 asse-

285 1895 455 1924 verans
477 1885 631 1923 locum
651 1883 781 1922 illum
802 1882 991 1922 minime
1014 1882 1229 1922 idoneum
1254 1893 1356 1921 esse
1378 1881 1577 1932 publicis
1599 1880 1916 1929 concionibus,

278 1955 467 2006 insuper
504 1953 729 2004 adjiciens
767 1965 934 1994 ansam
971 1952 1186 2005 praeberi
1214 1951 1394 1992 furibus
1429 1951 1711 2003 surripiendi
1748 1951 1916 1991 aliena.

274 2025 368 2066 Sed
395 2026 432 2065 si
454 2025 566 2065 velit
598 2025 792 2065 verbum
819 2024 905 2064 Dei
935 2025 1245 2075 annunciare,
1280 2029 1379 2074 eat,
1399 2023 1567 2075 inquit,
1601 2023 1646 2062 in
1675 2022 1915 2063 ecclesias.

278 2097 378 2137 Hoc
400 2096 593 2136 audiens
610 2096 859 2146 religiosus
889 2095 1079 2147 quidam
1101 2095 1277 2135 ordinis
1298 2093 1410 2135 Divi
1433 2094 1702 2146 Augustini,
1724 2105 1915 2145 praeve-

274 2168 408 2208 niens
424 2167 778 2218 responsionem
794 2167 954 2207 fratris
970 2167 1132 2216 nostri,
1154 2166 1393 2206 contendit
1411 2166 1457 2205 in
1478 2177 1532 2205 eo
1549 2166 1652 2205 loco
1669 2165 1917 2205 ecclesiam

275 2251 393 2290 esse,
418 2250 525 2279 cum
556 2239 619 2279 ibi
648 2239 707 2279 sit
734 2245 831 2279 tam
858 2249 1110 2279 numerosa
1142 2238 1388 2278 multitudo
1422 2236 1626 2277 fidelium
1654 2237 1701 2276 in
1729 2236 1916 2276 nomine

274 2310 387 2363 Jesu
409 2316 717 2361 congregata,
742 2321 798 2350 ac
825 2308 1023 2361 proinde
1051 2309 1311 2349 rectissime
1346 2308 1524 2349 factum
1550 2319 1652 2348 esse
1681 2307 1805 2359 quod
1833 2307 1912 2347 ibi-

274 2381 379 2421 dem
395 2392 593 2432 regnum
615 2380 703 2421 Dei
718 2381 902 2432 publice
918 2380 1232 2432 praedicetur;
1252 2379 1531 2432 praesertim
1550 2390 1656 2419 cum
1672 2378 1911 2430 templum,

272 2452 611 2504 quantumlibet
640 2452 861 2503 amplum,
891 2463 1045 2502 capax
1067 2464 1169 2491 esse
1196 2463 1292 2491 non
1313 2451 1460 2502 possit
1481 2457 1640 2491 tantae
1663 2449 1913 2490 multitudi—

271 2524 359 2564 nis:
389 2535 483 2563 non
512 2522 757 2563 defuerunt
785 2522 863 2574 qui
885 2522 1008 2562 illico
1037 2528 1349 2573 exsurgerent
1376 2522 1606 2570 adversus
1627 2526 1911 2573 praetorem,

274 2601 432 2647 partes
455 2594 675 2634 monachi
696 2592 1012 2634 defendentes.
1033 2593 1231 2634 Factum
1252 2599 1322 2633 est
1342 2593 1533 2634 tandem
1549 2598 1612 2642 ut,
1632 2591 1850 2643 imposito
1873 2591 1914 2631 ei

271 2666 470 2715 silentio,
495 2664 708 2716 placidus
729 2670 878 2704 totam
903 2664 1087 2705 audiret
1108 2664 1403 2714 concionem3
1422 2670 1586 2716 postea
1606 2674 1718 2703 vero
1736 2673 1795 2702 ne
1811 2674 1913 2702 ver-

270 2738 380 2777 bum
403 2736 591 2788 quidem
613 2736 669 2776 de
699 2735 788 2776 hac
808 2747 859 2775 re
881 2734 1093 2787 proferre
1113 2735 1244 2775 visus
1273 2741 1356 2776 est.
1390 2735 1583 2776 Praeter
1613 2734 1700 2774 has
1731 2734 1910 2774 concio-

269 2820 369 2859 nes,
393 2808 555 2848 diebus
577 2818 761 2859 quoque
783 2805 1032 2846 dominicis
1059 2818 1115 2846 ac
1142 2806 1274 2846 festis
1301 2805 1605 2858 praedicabat
1634 2805 1681 2845 in
1702 2805 1913 2845 ecclesiis

272 2879 529 2931 potissimis
556 2878 654 2930 eJus
682 2877 860 2929 oppidi,
885 2888 1029 2929 quae,
1053 2877 1142 2917 etsi
1164 2878 1349 2934 amplae
1371 2876 1623 2918 admodum
1644 2876 1908 2923 videantur,

271 2957 429 2990 tantus
454 2957 610 2989 tamen
632 2954 733 2989 erat
755 2959 1013 2988 concursus
1036 2954 1099 2997 ut,
1125 2953 1372 2999 postquam
1389 2948 1435 2988 in
1450 2953 1726 2998 suggestum
1749 2958 1910 2987 ascen-
