2074 3179
255 149 327 185 734
772 147 998 185 LITTERAE
1026 140 1385 191 QtssADmMEs'sREs

256 253 301 285 et
322 252 487 296 sponte
510 245 645 286 offert
667 245 713 286 in
729 246 819 286 hoc
837 246 1123 286 absolvendo
1141 246 1362 297 Collegio.
1387 247 1507 287 Et‘in
1522 247 1746 288 Bolieniia
1762 261 1891 300 prae-

256 323 386 356 terea
407 328 510 357 sese
531 322 796 356 erecturam
819 316 1079 368 Collegium
1099 317 1343 368 promittit,
1367 318 1446 358 ubi
1461 317 1590 358 Deus
1607 318 1779 368 Optim.
1798 319 1890 359 Ma-

253 388 365 427 xim.
389 387 716 439 tranquilliora
735 389 876 439 paulo
903 395 1114 439 tempora
1143 390 1442 429 concesserit.
1466 389 1537 429 De
1557 388 1722 430 favore
1752 390 1890 431 etiam

252 460 494 511 praecipui
514 459 802 500 Mecaenatis
822 460 986 509 nostri,
1010 459 1152 510 Regis
1180 459 1500 500 Romanorum
1525 460 1887 507 clementissimi.

252 542 441 571 rursum
461 531 628 582 Legati
650 531 910 582 Apostolici
931 537 975 571 et
996 531 1106 571 item
1126 530 1245 571 Rmi.
1269 531 1573 572 Laibacensis
1599 532 1702 572 ideo
1730 533 1805 572 hic
1826 533 1889 572 ni>

256 602 319 642 hil
341 613 460 654 opus
481 608 551 642 est
571 603 756 653 longius
777 614 850 642 me
871 602 1092 653 scribere,
1118 603 1241 654 quod
1262 603 1379 643 alias
1400 602 1566 643 diffuse
1595 604 1640 643 id
1667 615 1887 655 exposue-

256 673 359 713 rim.
391 673 677 714 Ominabant
704 674 891 725 plurimi
916 674 1254 725 benignitatem
1280 674 1461 725 regiam
1494 680 1685 726 propter
1714 675 1889 715 obitum

251 744 345 785 Rssli
366 744 417 785 P.
442 745 625 787 Claudii
648 746 857 786 clausam
879 756 991 796 erga
1013 757 1100 785 nos
1120 746 1192 796 iri,
1216 746 1295 796 qui
1323 745 1510 797 quidem
1537 751 1672 786 vates
1699 746 1756 786 ab
1788 747 1890 798 ipso

251 815 381 868 Rege
403 816 622 857 falsitatis
645 817 848 857 convicti
869 823 991 857 sunt.
1015 817 1058 857 Is
1085 817 1230 867 enim,
1254 816 1437 856 vocatis
1464 817 1644 857 duobus
1672 816 1890 858 Patribus

250 888 440 939 nostris,
464 900 650 929 omnem
670 888 998 928 liberalitatem
1020 888 1406 939 clementiamque
1432 887 1540 928 huic
1568 900 1652 928 suo
1683 888 1889 940 Collegio

251 971 344 1000 non
371 966 567 1011 rogatus
593 960 826 1011 pollicitus
852 967 921 1000 est
946 958 1176 1011 jussitque
1211 960 1436 1000 audacter
1470 959 1530 1000 ad
1563 971 1612 999 se
1647 960 1887 1009 accedere,

248 1032 634 1084 quotiescumque
663 1032 828 1072 favore
855 1038 900 1072 et
930 1032 1104 1072 auxilio
1133 1044 1216 1072 suo
1244 1031 1523 1083 indigerent.
1553 1031 1722 1071 Paucis
1748 1032 1887 1072 etiam

252 1109 359 1154 post
389 1103 553 1144 diebus
581 1104 701 1144 dono
728 1104 866 1143 nobis
899 1115 1084 1143 rursum
1117 1104 1241 1143 misit
1269 1114 1407 1143 sacra
1433 1103 1730 1143 sacerdotum
1759 1102 1887 1142 indu-

248 1180 405 1215 menta
427 1170 528 1215 una*
546 1187 652 1215 cum
674 1175 914 1215 calicibus.
938 1175 995 1215 Et
1018 1182 1066 1215 ut
1087 1186 1178 1215 uno
1199 1175 1345 1215 verbo
1367 1174 1542 1225 dicam,
1566 1174 1605 1214 si
1632 1186 1725 1214 non
1746 1172 1885 1225 majo-

246 1257 362 1296 rem,
389 1247 602 1287 eamdem
631 1253 756 1287 certe
784 1258 924 1298 quam
954 1246 1084 1298 prius
1112 1246 1324 1286 omnibus
1350 1246 1397 1286 in
1426 1245 1564 1285 rebus
1592 1245 1887 1286 clementiam

247 1324 459 1367 praestat
499 1324 543 1358 et
581 1318 785 1359 exhibet.
826 1318 987 1358 Rmus.
1029 1318 1075 1358 in
1115 1317 1302 1358 Christo
1336 1318 1568 1368 Legatus,
1608 1325 1657 1356 ut
1694 1316 1885 1356 vivente

246 1389 295 1430 P.
319 1389 516 1430 Claudio
539 1390 692 1442 (quem
712 1390 848 1430 unice
871 1389 1298 1441 complectebatur),
1321 1389 1402 1440 ita,
1426 1394 1624 1438 mortuo,
1649 1400 1707 1428 ex
1729 1387 1886 1428 animo

246 1461 384 1501 nobis
403 1461 522 1502 bene
543 1462 658 1513 vult,
681 1473 769 1501 nos
789 1467 944 1502 tuetur
967 1468 1011 1502 et
1033 1467 1293 1512 promovet.
1317 1460 1406 1511 Qui
1422 1460 1562 1500 etiam
1580 1471 1720 1511 saepe
1740 1460 1885 1499 utitur

240 1543 385 1584 opera
405 1539 675 1573 nostrorum
690 1532 884 1573 Patrum
904 1533 951 1573 in
976 1533 1116 1572 rebus
1140 1532 1265 1572 haud
1285 1532 1423 1584 parvi
1443 1531 1681 1571 momenti.
1709 1531 1766 1571 Et
1795 1530 1883 1570 fra-

241 1610 360 1644 trem
378 1616 562 1656 quoque
583 1616 732 1656 suum,
752 1603 810 1644 D.
833 1604 1062 1646 Comitem
1079 1605 1135 1644 de
1152 1604 1465 1654 Martinengo,
1493 1603 1785 1652 moriturum,
1810 1614 1883 1642 cu*-

247 1689 329 1717 rae
350 1677 621 1717 eorumdem
641 1675 835 1717 Patrum
856 1676 1102 1726 commisit,
1127 1675 1219 1727 qui,
1242 1681 1291 1715 ut
1313 1675 1622 1715 christianum
1648 1674 1883 1714 hominem

243 1749 392 1799 decet,
417 1749 633 1799 spiritum
653 1748 856 1788 Domino
873 1747 1086 1788 reddidit.
1111 1747 1182 1787 De
1203 1746 1306 1786 ΗΜ
1330 1746 1651 1798 Laybacensis
1668 1756 1782 1796 erga
1798 1757 1883 1785 nos

245 1820 403 1860 animo
424 1820 538 1860 nihil
559 1831 673 1859 sane
694 1819 888 1870 dignum
916 1830 1085 1871 queam
1115 1819 1291 1859 dicere:
1324 1819 1403 1870 qui
1429 1825 1477 1858 ut
1504 1829 1598 1858 non
1625 1823 1697 1857 sat
1724 1816 1880 1867 habet,

241 1903 336 1932 non
357 1892 572 1943 equidem
588 1903 768 1941 servos,
788 1891 870 1931 sed
887 1891 1078 1941 amicos,
1101 1890 1273 1931 fratres
1290 1895 1335 1930 et
1349 1890 1468 1930 filios
1488 1901 1575 1929 nos
1591 1888 1881 1940 appellitare,

244 1964 311 2004 ita
334 1964 475 2004 etiam
499 1964 626 2003 omni
647 1964 725 2003 illa
744 1975 830 2015 pro
851 1963 988 2003 nobis
1009 1962 1319 2002 sollicitudine
1347 1967 1392 2002 et
1413 1961 1715 2011 liberalitate,
1741 1971 1882 2012 quam

243 2036 292 2075 in
313 2035 415 2076 dies
436 2034 533 2075 fere
554 2046 730 2076 novam
751 2034 967 2085 ostendit,
990 2046 1084 2074 non
1105 2033 1192 2074 sibi
1213 2032 1458 2073 satisfacit.
1489 2032 1633 2072 Totus
1664 2037 1790 2071 certe
1811 2042 1880 2070 ar-

244 2108 321 2148 det
342 2113 614 2147 nostrorum
634 2105 864 2147 desiderio
885 2112 930 2146 et
951 2117 1126 2155 amore,
1151 2104 1268 2145 adeo
1289 2110 1339 2145 ut
1355 2115 1595 2155 nunquam
1612 2103 1708 2143 fere
1725 2103 1880 2154 capiat

245 2179 415 2230 cibum,
440 2179 552 2230 quin
573 2179 689 2218 duos
710 2189 894 2229 semper
916 2178 975 2217 ad
996 2177 1267 2217 convivium
1287 2181 1446 2225 vocet,
1470 2186 1584 2226 quos
1607 2174 1666 2214 ad
1686 2174 1880 2214 multam

240 2261 388 2302 usque
409 2256 597 2290 noctem
617 2261 756 2301 saepe
778 2249 901 2301 apud
928 2260 978 2288 se
1006 2248 1194 2288 detinet.
1227 2247 1284 2288 Et
1313 2258 1419 2287 cum
1447 2246 1654 2286 omniurn
1682 2245 1878 2285 aliorum

240 2321 385 2362 animi
419 2322 624 2362 maxime
652 2321 816 2361 intenti
842 2321 933 2361 sint
958 2321 1104 2370 bello,
1133 2320 1232 2371 ipse
1262 2319 1318 2359 de
1352 2329 1476 2358 novo
1505 2316 1713 2367 Collegio
1745 2316 1882 2356 nobis

239 2392 532 2433 aedificando
554 2392 715 2433 sedulo
743 2392 941 2443 cogitat,
971 2391 1165 2431 fundum
1187 2390 1384 2442 quaerit,
1407 2389 1585 2439 Regem
1607 2388 1717 2428 item
1738 2393 1877 2438 atque

237 2465 349 2504 item
384 2464 664 2516 interpellat.
700 2463 861 2504 Vincit
896 2463 1056 2514 utique
1091 2467 1303 2502 nostram
1331 2460 1606 2500 tenuitatem
1640 2459 1774 2498 Rmus
1802 2458 1878 2497 hic

235 2537 447 2586 praesul,
471 2535 588 2576 adeo
610 2541 659 2575 ut
688 2534 914 2575 solvendo
940 2544 1181 2585 nunquam
1208 2544 1310 2572 esse
1339 2531 1587 2584 possimus.
1621 2529 1875 2570 Dominum

236 2607 380 2658 igitur
403 2607 702 2659 precabimur
722 2611 794 2658 ut,
818 2605 941 2658 quod
962 2606 1010 2646 in
1030 2616 1171 2645 manu
1198 2610 1361 2644 nostra
1389 2614 1483 2643 non
1509 2607 1600 2651 est,
1633 2602 1732 2653 ipse
1763 2601 1875 2641 velit

235 2685 480 2729 praestare
502 2684 547 2719 et
568 2678 678 2719 huic
700 2683 744 2718 et
765 2677 868 2718 aliis
890 2677 1126 2727 omnibus,
1149 2676 1229 2727 qui
1249 2674 1306 2715 de
1326 2674 1461 2714 nobis
1480 2673 1598 2714 bene
1619 2678 1873 2713 merentur.

314 2749 449 2790 Haec
479 2749 641 2801 habui,
670 2748 770 2790 R.de
798 2747 957 2800 Pater,
988 2760 1108 2800 quae
1136 2747 1192 2787 de
1217 2746 1358 2787 rebus
1386 2745 1561 2785 nostris
1592 2744 1651 2784 ad
1679 2750 1723 2784 te
1750 2755 1872 2783 nunc

233 2820 507 2872 scriberem,
531 2831 651 2872 quae
672 2820 781 2872 quia
802 2820 929 2860 nullo
950 2825 1090 2872 pacto
1111 2823 1285 2870 queunt
1306 2815 1511 2862 conferri
1530 2827 1638 2856 cum
1658 2815 1730 2865 iis,
1754 2826 1873 2866 quae

233 2892 337 2932 aliis
359 2892 405 2931 in
427 2891 543 2932 locis
566 2903 594 2932 a
615 2891 789 2932 nostris
816 2897 1063 2943 geruntur,
1094 2895 1343 2942 propterea
1371 2899 1453 2928 oro
1481 2892 1525 2927 et
1554 2887 1786 2926 obstestor
1811 2891 1870 2934 te,

232 2963 295 3002 mi
318 2962 416 3002 R.de
446 2963 600 3013 Pater,
623 2968 673 3003 ut
692 2963 801 3003 boni
823 2963 1042 3003 consulas
1063 2962 1185 3002 hanc
1201 2959 1368 3000 horum
1385 2958 1587 2999 filiorum
1604 2963 1790 2999 tuorum
1809 2956 1871 2995 in-
