2074 3179
896 149 978 186 ΑΝ.
1011 148 1101 185 1547
1770 138 1819 184 35

186 252 324 291 sobre
345 251 401 291 61.
420 249 527 290 Han
543 247 862 288 determinado
884 257 972 297 que
993 256 1109 296 para
1129 255 1184 283 su
1205 242 1338 283 salud
1355 245 1455 282 mas
1471 242 1513 282 16
1530 244 1710 293 cumple
1727 254 1817 294 que

190 334 316 374 vaya
336 325 363 361 a
383 320 547 371 Roma,
566 333 597 371 y
614 320 715 359 ansi
732 318 894 370 pienso
913 328 1001 368 que
1021 316 1065 355 10
1082 315 1213 365 heu-&3
1232 314 1338 354 bien
1358 325 1446 365 que
1467 324 1527 352 no
1548 313 1592 353 10
1613 325 1702 353 veo
1723 315 1816 353 auin

189 391 526 442 determinado,
550 391 651 430 sino
674 401 762 430 con
782 388 920 429 deseo
942 387 998 427 de
1018 386 1162 426 haeer
1183 384 1365 436 aquello
1390 395 1478 435 que
1499 382 1628 424 fuere
1645 395 1703 423 en
1723 396 1816 424 ma-

189 475 279 515 yor
299 462 500 503 servicio
522 474 552 513 y
572 460 723 512 gloria
744 459 800 500 (16
815 459 1016 499 Nuestro
1035 455 1230 509 [Sefior]

270 534 497 585 Rueguen
518 536 545 572 {1
564 532 618 572 N.
643 531 790 572 Sefior
811 541 899 582 que
921 532 947 569 ἔι
969 528 1009 568 el
1031 541 1060 579 y
1083 530 1110 567 a
1131 527 1265 567 todos
1285 538 1370 566 nos
1392 525 1448 566 (16
1469 528 1496 565 {1
1517 524 1741 565 entender
1766 537 1819 565 su

188 605 436 645 santisima
457 602 684 643 voluntad
703 615 733 653 y
754 601 937 653 aquena
957 611 1101 651 pones
1123 610 1209 649 por
1230 597 1359 637 obra.

271 675 407 728 Jesus
428 686 509 714 sea
529 685 618 713 con
638 673 788 713 todos.

272 746 343 786 De
363 745 577 786 Palermo
599 747 626 784 εἱ
643 743 669 782 4
688 743 744 784 (16
764 743 886 796 Julio
912 741 1024 781 1547.

272 817 400 857 Tuus
420 817 465 856 in
483 816 670 856 Christo
691 814 823 855 filius.

940 956 1008 1008 Jo.
1042 956 1350 995 HIERONYMUS
1381 953 1660 993 DOMENECH.

274 1172 460 1225 Juliano
491 1174 591 1211 esta
621 1182 733 1221 muy
759 1169 909 1210 bueno
936 1169 985 1208 in
1014 1171 1213 1219 utroque
1240 1165 1424 1206 homine
1457 1164 1484 1204 ¹.
1513 1165 1585 1205 De
1615 1165 1825 1205 Maestro

197 1242 467 1283 Hieronimo
489 1241 640 1282 Nadal
660 1241 798 1281 deseo
820 1240 957 1281 saber
977 1251 1157 1280 nuevas
1177 1249 1208 1291 y
1229 1239 1285 1279 de
1306 1237 1558 1278 Benedieto
1584 1249 1616 1288 y
1636 1236 1692 1276 de
1713 1235 1827 1276 Ani-

196 1313 274 1353 bal
295 1313 324 1351 ².
347 1313 406 1353 V.
430 1312 484 1352 R.
509 1313 576 1353 les
595 1313 721 1363 haga
741 1312 949 1352 eseribir.

277 1383 645 1436 Superscrz'ptz‘o.
678 1382 709 1435 †
735 1383 796 1423 Al
824 1382 1100 1425 Reverendo
1134 1382 1182 1421 in
1215 1381 1401 1422 Christo
1435 1380 1586 1420 Padre
1619 1378 1826 1419 Maestro

197 1456 386 1508 Ignacio
408 1455 464 1496 (16
485 1455 679 1506 Loyola,
703 1454 944 1505 Preposito
966 1453 1022 1494 de
1038 1454 1084 1493 la
1106 1452 1363 1505 Compafiia
1385 1451 1441 1492 de
1461 1452 1611 1505 Jesus.

1430 1594 1613 1635 ROMAE.

250 1723 260 1742 ¹
300 1721 443 1750 “Frater
458 1722 565 1750 laicus
580 1726 667 1755 erat,
683 1720 814 1748 nomine
831 1721 995 1755 Julianus,
1020 1720 1156 1747 natione
1181 1719 1340 1753 Flander,
1366 1719 1543 1746 Messanae
1565 1718 1598 1745 in
1620 1716 1829 1745 Societatem

193 1770 371 1803 admissus,
385 1770 439 1804 qui
454 1777 529 1797 cum
543 1770 579 1797 P.
596 1769 841 1805 Hieronymum
855 1767 1049 1795 Domenech
1064 1768 1298 1800 comitaretur,
1315 1767 1392 1794 aliis
1404 1766 1507 1794 etiam
1518 1765 1659 1801 pietatis
1671 1765 1830 1799 operibus

194 1817 377 1851 diligenter
392 1819 553 1851 vacabat,
571 1825 611 1845 ac
626 1817 832 1851 praesertim
854 1816 888 1843 in
912 1815 1101 1843 ministerio
1116 1815 1428 1849 distribuendarum
1443 1815 1738 1850 eleemosynarum
1752 1812 1831 1840 Pro-

195 1865 317 1899 regis„
332 1865 500 1898 Pommco,
515 1866 538 1892 1.
553 1872 593 1896 c..
609 1873 639 1892 n.
655 1865 717 1892 369.

249 1913 263 1931 ²
299 1912 445 1945 Natalis.
462 1913 665 1940 Benedictus
685 1912 836 1939 Palmius
851 1915 883 1938 et
899 1911 1047 1938 Annibal
1072 1918 1092 1938 a
1116 1910 1286 1938 Coudreto
1301 1910 1429 1937 Romae
1453 1909 1516 1936 hoe
1540 1917 1627 1937 anno
1642 1908 1830 1936 versaban-

196 1965 267 1994 tur,
285 1961 342 1988 sed
357 1960 511 1995 sequenti
525 1960 716 1988 Messanam
730 1960 822 1987 missi
837 1963 925 1987 sunt.
