2074 3179
988 199 1025 235 A
1032 209 1068 235 Ν.
1101 198 1190 235 1550
1834 198 1892 233 :2301
1893 198 1907 232 ἰ

270 306 344 338 cto
367 298 577 347 saeculo,
601 308 724 336 anno
746 295 988 336 millesimo
1010 293 1382 345 quingentesimo
1403 293 1806 344 quinquagesimo,
1831 293 1902 332 die

272 368 558 410 Inventionis
578 366 780 408 Sanctae
801 365 978 416 Crucis,
1003 365 1192 405 domum
1220 363 1510 416 probationis
1530 362 1777 403 Societatis
1793 363 1900 415 Jesu

274 440 519 480 Messanae
540 438 756 489 intravit;
782 437 821 477 is
842 442 1012 485 autem,
1036 442 1084 475 ut
1106 436 1184 487 qui
1210 434 1426 475 bravium
1448 441 1820 485 consequuturus
1846 435 1903 474 ci·

271 511 446 551 tissime
468 516 691 559 curreret,
707 509 779 548 die
800 507 997 559 septima
1014 506 1216 557 Augusti
1233 505 1370 557 hujus
1392 505 1500 545 anni
1522 517 1580 544 ex
1602 506 1689 544 hoc
1713 506 1904 544 saeculo

272 581 467 622 feliciter
502 581 560 620 ad
595 581 771 629 coelos,
808 585 856 618 ut
884 578 958 629 pie
986 577 1237 627 credimus,
1275 576 1539 627 emigravit.
1574 575 1707 616 Unde
1735 576 1847 615 mihi
1878 588 1904 614 a

275 652 325 692 R.
344 651 392 692 P.
413 651 678 702 Superiore,
699 649 830 701 cujus
851 649 1114 701 praeceptis
1137 647 1410 688 satisfacere
1433 652 1628 697 oportet,
1649 645 1906 697 injunctum

271 729 342 763 est
364 728 413 763 ut
434 734 519 762 vos
541 722 597 762 de
618 720 716 772 ejus
738 727 886 761 morte
908 731 1091 771 quoque
1113 719 1248 759 modo
1271 719 1317 758 in
1337 718 1436 758 Vita
1466 729 1568 757 sese
1589 717 1788 768 gesserit
1810 729 1905 757 cer-

272 795 415 834 tiores
436 793 662 843 facerem,
696 804 802 832 cum
822 798 887 842 ut,
911 790 1069 831 audita
1092 790 1436 840 aedificatione,
1460 789 1579 829 sicut
1600 790 1742 840 vulgo
1763 789 1906 840 loqui-

272 877 390 916 mur,
413 865 733 915 bonorumque
755 874 937 903 morum
960 874 1014 902 ac
1036 862 1222 913 pietatis
1244 860 1490 911 exemplis,
1514 872 1633 911 quae
1655 860 1753 911 ipse
1775 866 1819 899 et
1843 860 1909 899 vi*

274 948 388 977 vens
409 941 454 976 et
473 935 676 976 moriens
698 934 897 974 caeteris
920 933 1145 973 imitanda
1166 932 1394 983 praebuit,
1416 943 1522 971 eum
1543 931 1786 971 nobiscum
1809 931 1906 970 imi-

270 1007 361 1047 tari
380 1006 633 1056 conemini,
656 1012 754 1046 turn
774 1011 823 1044 ut
844 1004 1061 1055 Domino,
1087 1004 1165 1055 qui
1190 1009 1259 1043 tot
1290 1003 1443 1054 ipsum
1465 1002 1610 1042 animi
1636 1001 1820 1041 dotibus
1851 1013 1905 1040 ac

271 1078 558 1118 ornamentis
581 1077 762 1127 ditavit,
786 1076 1075 1116 immortales
1095 1075 1276 1126 gratias
1299 1074 1468 1125 agatis.

350 1149 438 1188 Hic
454 1149 613 1199 igitur,
636 1148 879 1198 ingressus
897 1147 1101 1197 domum,
1120 1151 1364 1197 tantopere
1382 1145 1428 1184 in
1445 1144 1611 1195 spiritu
1628 1143 1825 1194 profecit
1843 1143 1905 1193 (ut

268 1221 382 1260 nihil
404 1220 591 1260 interim
607 1219 761 1258 dicam
782 1223 1007 1269 quantum
1026 1229 1053 1257 a
1073 1217 1238 1256 studiis
1258 1216 1461 1256 fructum
1482 1215 1716 1264 retulerit,
1740 1215 1786 1255 in
1809 1216 1905 1266 qui—

271 1292 356 1331 bus
379 1296 560 1331 tantum
580 1289 713 1329 brevi
734 1288 999 1340 profecerat
1020 1294 1083 1338 ut,
1115 1294 1159 1327 et
1186 1298 1356 1338 graece
1379 1293 1422 1327 et
1443 1287 1585 1327 latine
1607 1286 1908 1326 mediocriter

271 1362 459 1410 doctus,
483 1361 692 1412 privatos
709 1358 806 1410 jam
827 1359 1019 1399 haberet
1039 1358 1312 1409 discipulos,
1340 1358 1504 1409 quibus
1525 1368 1808 1408 graecarum
1839 1357 1907 1396 lit-

271 1442 478 1473 terarum
500 1431 815 1471 institutiones
836 1430 1122 1481 exponeret),
1145 1435 1342 1479 tantum,
1363 1429 1567 1480 inquam,
1593 1429 1742 1468 crevit
1771 1428 1818 1468 in
1848 1440 1904 1467 eo

270 1503 461 1556 spiritus
483 1502 672 1552 Christi,
696 1508 745 1541 ut
765 1513 858 1541 non
875 1501 1026 1540 solum
1047 1500 1127 1552 qui
1148 1506 1252 1550 post
1275 1512 1393 1549 eum,
1414 1500 1495 1539 sed
1516 1500 1658 1539 etiam
1681 1499 1758 1550 qui
1780 1504 1905 1549 ante,

270 1575 457 1615 domum
474 1578 702 1614 venerant
720 1573 962 1622 (venerant
983 1577 1139 1611 autem
1161 1571 1300 1621 octo),
1320 1570 1600 1621 humilitate,
1624 1569 1908 1619 obedientia,

274 1645 571 1697 simplicitate
593 1656 649 1684 ac
669 1644 768 1683 zelo
790 1655 872 1683 seu
888 1643 1074 1683 fervore
1092 1642 1335 1682 charitatis
1353 1642 1492 1692 longo
1512 1642 1758 1681 intervallo
1776 1652 1908 1692 prae-

275 1716 479 1756 verterit.
504 1715 625 1756 Nam
643 1721 691 1755 ut
713 1714 887 1766 aliquid
909 1726 967 1753 ex
989 1713 1145 1753 multis
1166 1713 1222 1753 de
1244 1711 1343 1764 ejus
1364 1713 1622 1752 humilitate
1645 1711 1820 1760 dicam,
1843 1712 1908 1751 ita

273 1799 455 1839 semper
491 1787 549 1826 ab
585 1786 799 1826 omnibus
833 1785 1009 1836 despici
1043 1784 1210 1834 voluit,
1250 1784 1487 1824 contemni
1517 1795 1571 1823 ac
1592 1783 1836 1834 vilipendi,
1861 1789 1911 1822 ut

271 1859 383 1899 nulli
403 1858 480 1898 alii
509 1858 577 1898 rei
598 1857 898 1908 acquiescere
920 1867 1057 1907 posse
1080 1856 1341 1906 videretur3
1366 1866 1564 1906 cumque
1586 1855 1644 1895 ab
1667 1854 1821 1906 aliquo
1843 1854 1911 1893 vi—

271 1935 580 1981 tuperaretur,
615 1936 712 1968 tum
743 1940 792 1968 se
829 1928 1020 1967 multum
1050 1926 1313 1978 compendii
1340 1933 1385 1966 et
1414 1926 1713 1966 emolumenti
1743 1925 1912 1965 fecisse

272 2001 481 2051 putabat.

352 2070 530 2111 Verum
574 2070 816 2110 enimvero
862 2070 1033 2109 multos
1073 2080 1176 2109 esse
1216 2068 1348 2118 novi,
1386 2068 1523 2119 idque
1570 2067 1909 2118 experimento,

275 2142 353 2193 qui
380 2142 543 2181 volunt
569 2140 755 2191 quidem
790 2140 847 2179 ab
881 2139 984 2179 aliis
1021 2139 1367 2190 quodammodo
1402 2138 1582 2189 sperni;
1612 2138 1692 2178 ubi
1720 2149 1835 2177 vero
1865 2137 1911 2177 id

277 2212 473 2263 contigit
492 2244 499 2261 ,
542 2223 684 2262 aegre
722 2210 890 2259 ferunt,
931 2216 1070 2261 atque
1108 2210 1173 2250 ita
1212 2210 1328 2250 tacti
1355 2215 1536 2249 montes
1557 2241 1564 2260 ‚
1599 2214 1647 2249 ut
1684 2209 1913 2260 propheta

274 2284 499 2335 loquitur,
535 2282 766 2333 fumigant
799 2293 882 2333 per
917 2281 1276 2333 impatientiam3
1311 2281 1421 2332 quin
1448 2287 1491 2320 et
1529 2279 1639 2320 illud
1673 2279 1912 2320 hominum

274 2366 424 2405 genus
458 2353 699 2404 cognitum
730 2352 865 2392 nobis
896 2357 1286 2404 perspectumque
1321 2358 1418 2402 est,
1454 2351 1532 2402 qui
1569 2363 1617 2391 se
1653 2351 1809 2402 palam
1846 2352 1911 2391 vi-

276 2430 513 2477 tuperant,
557 2424 747 2475 culpant
785 2423 1058 2475 iniquosque
1094 2430 1332 2472 asserunt,
1356 2422 1460 2473 sed,
1484 2422 1561 2462 ubi
1595 2433 1756 2462 eorum
1787 2422 1912 2461 dicta

275 2497 468 2536 alterius
514 2495 668 2535 verbis
707 2494 1093 2546 comprobantur,
1127 2494 1306 2545 seipsos
1339 2494 1496 2534 multis
1530 2493 1914 2532 excusationibus

275 2567 524 2607 defendere
553 2566 776 2606 nituntur.
801 2565 863 2605 At
886 2566 1025 2616 longe
1052 2565 1139 2605 iste
1169 2565 1226 2605 ab
1257 2565 1345 2605 hoc
1375 2564 1616 2605 hominum
1645 2575 1817 2615 genere
1849 2563 1914 2602 di-

275 2645 398 2677 stare
440 2644 665 2689 perpetuo
709 2636 873 2686 voluit3
915 2648 1023 2676 nam
1072 2636 1327 2687 vilipensus
1375 2636 1637 2687 nulliusque
1685 2635 1909 2674 momenti

270 2708 526 2759 judicatus,
565 2719 619 2747 eo
646 2719 696 2747 se
730 2706 957 2747 dedecore
979 2707 1170 2758 dignum
1212 2713 1256 2746 et
1290 2707 1446 2747 animo
1481 2706 1710 2746 sentiebat
1750 2711 1794 2745 et
1829 2706 1914 2745 lin-

276 2867 417 2899 solebat,
434 2867 560 2894 circum
583 2867 686 2894 dueta
710 2867 873 2894 conclusit
897 2867 1082 2899 Polancus,
1106 2871 1141 2894 ut
1165 2875 1184 2894 a
1209 2867 1359 2894 librariis
1382 2867 1414 2894 in
1437 2866 1647 2901 apographis
1662 2866 1704 2892 ad
1728 2865 1913 2892 Societatis

276 2914 391 2940 domos
407 2914 583 2941 mittendis
597 2915 967 2948 praetermitterentur.
990 2915 1035 2941 At
1060 2922 1100 2941 ne
1124 2914 1293 2941 sententia
1318 2921 1438 2941 manca
1462 2914 1549 2941 foret
1574 2920 1606 2940 et
1631 2918 1667 2940 ut
1691 2913 1843 2940 omnibus
1868 2913 1915 2940 in-

278 2964 470 2988 notesceret
486 2962 640 2995 quisnam
655 2961 855 2996 hicjuvenis
867 2966 972 2996 esset,
990 2962 1028 2988 de
1044 2969 1107 2996 quo
1130 2962 1261 2995 agitur,
1284 2962 1355 2995 ejus
1377 2969 1513 2992 nomen,
1530 2963 1572 2988 ab
1600 2961 1799 2988 Alexandro
1823 2961 1913 2987 cela-

281 3012 360 3042 tum,
377 3008 431 3036 hic
446 3009 588 3036 inseruit
603 3009 765 3036 scribens:
781 3008 939 3043 joannes
954 3009 1129 3036 Antonius
1145 3009 1292 3043 Apulus
