2074 3179
197 94 268 132 320
710 95 936 132 Lir'rERAE
963 107 1321 139 QUADRmffisrREs

200 191 370 231 abhinc
391 202 599 232 mensem
619 191 740 232 RQS
763 193 807 231 in
829 191 1016 232 Christo
1043 192 1092 232 P.
1121 192 1301 232 Natalis
1320 193 1351 242 1;
1376 205 1467 245 quo
1490 201 1718 245 tempore,
1746 195 1835 234 etsi

201 274 227 302 a
248 263 486 304 consuetis
505 263 745 303 laboribus
762 269 807 302 et
823 263 1060 303 exercitiis
1077 264 1264 303 minime
1283 271 1517 305 cessatum
1534 271 1605 305 est
1624 266 1831 317 quando,

203 334 242 374 si
269 346 405 375 secus
432 334 583 385 fieret,
615 334 889 386 responderi
918 334 1209 374 obedientiae
1238 346 1534 387 nequaquam
1560 342 1744 388 posset,
1774 349 1831 377 eo

198 412 355 446 tamen
377 406 569 457 segnius
589 406 922 457 remissiusque
938 405 1065 446 facta
1082 412 1188 446 sunt
1205 406 1373 458 omnia,
1394 419 1484 459 quo
1500 409 1628 449 velut
1643 415 1833 460 pastore

201 488 316 517 oves
346 478 611 527 destitutae,
632 483 727 516 .aut
762 477 989 528 magistro
1022 478 1196 529 privati
1223 478 1459 530 discipuli,
1498 479 1740 520 continere
1784 492 1833 520 se

200 548 325 589 domi
349 560 530 599 omnes,
560 554 605 588 et
632 560 723 588 una
751 549 1064 589 consolatoris
1091 554 1365 601 exspectare
1393 550 1647 590 adventum
1693 562 1832 602 quam

200 620 247 659 in
280 619 483 660 medium
516 618 704 670 prodire
737 620 1008 660 mallebant.
1047 619 1362 671 Quamobrem
1395 626 1602 661 tacerem
1639 621 1833 672 quidem

200 701 288 741 ego
309 691 478 742 potius,
504 696 582 730 aut
610 702 702 730 uno
734 691 876 731 verbo
904 697 1116 731 nostram
1146 692 1354 732 omnium
1380 692 1603 743 ineptiam
1630 698 1675 732 et
1694 693 1837 744 impe—

198 761 357 802 ritiam
377 761 638 812 confiterer,
663 773 803 813 quam
829 774 883 802 ea
911 762 1199 802 recensenda
1229 763 1536 815 susciperem,
1571 775 1691 815 quae
1725 766 1835 804 scri-

199 838 365 884 pturus
386 844 503 883 sum,
525 833 615 872 nisi
636 844 724 883 me,
757 838 805 872 ut
833 832 878 872 id
899 832 1087 885 faciam,
1111 839 1155 874 et
1177 834 1382 885 dignitas
1403 841 1592 885 urgeret
1613 834 1809 876 obedien
1823 857 1840 866 -

199 905 313 955 tiae,
347 910 391 944 et
415 911 495 944 tua
530 904 797 944 hortaretur
832 905 1113 955 humanitas,
1151 905 1393 957 pietasque
1427 905 1674 957 invitaret,
1713 918 1834 958 quae

200 975 315 1015 nihil
339 975 619 1027 parvipendi
645 981 777 1027 putat
806 982 1036 1027 oportere,
1069 976 1206 1028 quod,
1239 977 1456 1028 quamvis
1482 978 1726 1018 minimum
1758 980 1832 1030 sit,

201 1047 319 1086 citra
342 1047 551 1086 divinum
573 1052 730 1087 tamen
751 1048 976 1087 auxilium
996 1047 1097 1088 fieri
1117 1059 1145 1088 a
1165 1059 1349 1100 quoque
1371 1060 1466 1088 non
1486 1055 1654 1101 potest.

280 1117 341 1158 Ut
369 1118 511 1169 igitur
541 1118 791 1170 aliquando
818 1119 1041 1171 incipiam
1065 1131 1152 1159 nec
1188 1125 1233 1159 te
1263 1119 1434 1160 diutius
1462 1132 1621 1160 morer
1644 1119 1679 1171 ²,
1710 1122 1836 1172 quod

201 1189 260 1229 ad
295 1189 659 1230 domesticorum
693 1191 857 1230 attinet
892 1191 1018 1230 Vitae
1052 1190 1283 1231 rationem
1317 1197 1361 1231 et
1391 1191 1566 1242 studia,
1604 1192 1719 1232 nihil
1761 1192 1833 1231 his

201 1266 402 1312 quatuor
422 1261 658 1301 mensibus
675 1261 971 1302 immutatum
992 1267 1075 1302 est.
1099 1261 1226 1302 Idem
1248 1262 1428 1314 orandi,
1453 1263 1575 1303 idem
1596 1262 1827 1314 studendi,

202 1332 323 1372 idem
345 1343 527 1383 quoque
552 1332 738 1383 legendi
763 1332 930 1373 modus
957 1340 1026 1374 est
1045 1334 1123 1385 qui
1145 1339 1252 1374 ante
1273 1333 1378 1385 fuit,
1403 1333 1582 1386 majore
1609 1340 1768 1374 tamen
1789 1335 1835 1374 in

201 1396 300 1437 dies
333 1397 546 1449 profectu
573 1404 907 1450 crescenteque
942 1399 1094 1450 magis
1130 1411 1186 1439 ac
1214 1399 1368 1450 magis
1402 1399 1614 1439 omnibus
1650 1399 1830 1450 animo,

199 1480 294 1508 non
329 1469 389 1509 ad
421 1469 790 1520 permanendum
823 1470 962 1511 modo
998 1470 1044 1510 in
1069 1471 1341 1521 vocatione,
1376 1470 1458 1511 sed
1490 1471 1550 1511 ad
1578 1471 1835 1511 vivendum

201 1540 343 1580 etiam
362 1547 501 1592 prout
522 1541 569 1580 in
590 1553 645 1581 ea
666 1540 813 1581 decet.

279 1611 350 1652 De
366 1610 617 1662 juvenibus
638 1624 835 1664 quoque,
859 1613 936 1665 qui
956 1613 1003 1653 in
1025 1613 1162 1653 domo
1183 1613 1473 1665 probationis
1490 1614 1575 1654 sub
1591 1613 1649 1654 D.
1669 1613 1840 1654 Corne-

198 1683 259 1723 lio
281 1681 294 1701 ³
314 1683 497 1734 vivunt,
521 1683 643 1724 idem
664 1685 848 1736 penitus
869 1684 1086 1735 dixerim,
1110 1685 1174 1725 ita
1197 1685 1498 1725 confirmatos
1527 1685 1713 1725 illorum
1740 1685 1840 1724 ani-

198 1765 300 1794 mos
322 1765 424 1794 esse
444 1760 493 1794 ut
514 1754 630 1794 nihil
650 1755 697 1795 in
725 1756 993 1807 praesentia
1022 1755 1280 1796 desiderari
1310 1757 1476 1796 merito
1507 1768 1645 1808 posse
1678 1756 1840 1796 videa-

197 1831 288 1865 tur.
308 1825 443 1876 Quod
463 1826 651 1878 quidem
670 1838 810 1878 saepe
833 1827 966 1867 nobis
988 1827 1141 1867 visum
1161 1834 1246 1871 est.
1266 1827 1348 1868 sed
1363 1828 1527 1879 paucis
1549 1833 1655 1868 ante
1673 1827 1834 1867 diebus

198 1897 505 1948 potissimum.
525 1897 645 1938 Nam
666 1909 773 1938 cum
794 1898 991 1939 celebris
1011 1905 1259 1951 certusque
1280 1910 1440 1939 rumor
1461 1904 1644 1939 turcam
1665 1899 1841 1939 adven-

198 1974 300 2008 tare
322 1979 427 2008 cum
449 1969 600 2008 classe
631 1974 674 2009 et
701 1970 911 2010 exercitu
940 1982 1034 2010 non
1060 1970 1264 2018 modico,
1296 1971 1382 2010 has
1410 1971 1626 2021 regiones
1652 1970 1841 2021 imples-

198 2045 288 2090 set,
310 2040 681 2092 praesertimque
700 2041 818 2081 haec
839 2041 1008 2082 civitas
1035 2041 1092 2082 ab
1123 2042 1224 2093 ipso
1252 2041 1522 2082 crederetur
1550 2041 1833 2091 invadenda,

197 2116 379 2151 tantum
399 2111 546 2152 abfuit
566 2118 614 2152 ut
642 2112 986 2163 adolescenteS,
1015 2118 1263 2165 parentum
1290 2113 1467 2153 scilicet
1494 2123 1750 2163 memores,
1784 2112 1839 2151 de

197 2183 463 2234 repetendis
484 2182 697 2223 domibus
718 2190 797 2224 aut
816 2184 1038 2236 fugiendo
1061 2184 1338 2235 cogitarent,
1358 2190 1407 2224 ut
1421 2195 1516 2224 non
1532 2184 1670 2224 modo
1686 2183 1841 2223 nobis-

198 2265 304 2293 cum
325 2265 374 2293 se
396 2254 648 2295 morituros
675 2255 907 2306 lubenter,
937 2255 1019 2295 sed
1045 2261 1089 2295 et
1114 2262 1365 2306 rogaturos
1396 2255 1451 2306 (si
1481 2255 1544 2295 ita
1573 2265 1648 2295 res
1678 2253 1838 2294 eveni—

197 2324 284 2376 ret)
303 2324 524 2376 dicerent,
545 2325 858 2377 audacterque
878 2326 1223 2378 pollicerentur,
1243 2332 1293 2367 ut
1312 2326 1383 2366 his
1403 2326 1604 2366 facultas
1625 2326 1835 2372 daretur,

199 2407 304 2447 quo,
328 2396 610 2437 adhortandi
631 2408 775 2437 causa
796 2403 841 2437 et
868 2397 1196 2438 commonendi
1225 2397 1394 2438 milites
1425 2397 1666 2448 civesque,
1700 2402 1750 2435 ut
1782 2408 1837 2435 ea

196 2466 406 2507 facerent
427 2479 546 2518 quae
568 2467 742 2508 Christi
763 2468 932 2509 milites
956 2469 1189 2520 decerent,
1221 2468 1281 2509 ad
1301 2469 1428 2509 urbis
1450 2468 1634 2508 moenia
1656 2466 1840 2519 profici-

198 2543 455 2578 scerentur.
479 2538 602 2590 Hoc,
625 2545 812 2590 praeter
832 2546 1039 2590 caetera,
1069 2552 1188 2592 quae
1214 2540 1421 2592 quotidie
1448 2540 1495 2579 in
1522 2539 1594 2579 his
1621 2538 1835 2578 videmus

252 2676 262 2694 ¹
299 2674 507 2707 Messanam,
528 2676 724 2711 Drepanum
744 2680 777 2704 et
802 2678 834 2704 in
857 2678 943 2704 alias
965 2678 1126 2705 civitates
1149 2678 1302 2712 Pro—regi
1328 2685 1440 2704 comes
1462 2676 1574 2703 fuerat
1597 2677 1715 2710 primis
1738 2677 1837 2710 hujus

198 2723 276 2750 anni
292 2723 463 2750 mensibus
478 2723 626 2751 Natalis.

252 2770 265 2788 ⁹-’
303 2770 395 2803 Quae
412 2770 585 2805 hucusque
602 2771 687 2798 dixit
704 2771 883 2803 Antonius,
896 2773 986 2800 linea
1002 2772 1237 2800 circumducta
1253 2774 1420 2800 conclusit
1437 2773 1603 2800 Polaneus
1620 2780 1658 2799 ne
1674 2772 1842 2800 transcri-

198 2817 370 2851 berentu1·;
387 2819 503 2853 itaque
519 2827 538 2846 a
552 2819 770 2853 sequentibus
785 2820 899 2847 verbis
915 2820 1004 2854 quod
1027 2821 1073 2847 ad
1094 2820 1407 2849 domesticorum...
1432 2821 1563 2848 initium
1585 2825 1721 2848 sumunt
1747 2824 1842 2847 tran·

197 2869 332 2898 sumpta
347 2867 572 2900 exemplaria.

253 2912 266 2930 ⁵
306 2911 339 2939 P.
358 2912 534 2940 Cornelius
549 2913 751 2941 Wishaven.
