2074 3179
915 158 996 194 AN.
1030 158 1116 195 1551
1762 160 1836 195 335

200 253 310 305 Jesu
327 252 512 293 Christo
530 252 660 292 darci
677 254 884 294 anchora
901 254 944 294 la
963 255 1112 294 sanita
1130 254 1385 305 spirituale,
1400 254 1531 293 accio
1548 254 1577 293 li
1595 255 1832 304 possiamo

201 323 378 363 servire
399 323 769 375 perfettamente.
793 324 958 365 Amen.

281 393 341 434 Di
357 393 574 444 Venetia,
597 394 649 434 23
669 394 715 434 di
735 395 893 447 Magio
914 395 1028 435 1551.

279 464 339 504 Di
359 463 418 504 V.
441 464 495 504 R.

278 535 494 586 Indegsno
514 535 720 587 figliuolo
741 543 784 577 et
807 549 944 577 servo
965 537 1011 577 in
1032 537 1217 577 Christo

1203 678 1359 718 CESAR
1394 678 1560 718 HELMr.

280 890 339 928 In
361 894 534 940 quarta
550 890 738 940 pagina
755 901 898 929 mann
917 891 975 929 P.
995 890 1044 941 J.
1064 890 1156 930 Plz.
1188 890 1305 929 If'ito:
1322 890 1537 941 Venetia,
1561 890 1612 929 23
1633 890 1679 930 di
1700 889 1827 941 Mag-

198 961 276 1008 gio
301 960 416 1000 1551.

279 1032 341 1071 Et
362 1031 410 1070 in
433 1032 528 1071 alsa
545 1035 686 1082 parte
701 1031 856 1083 ipsius
874 1043 1036 1071 mame:
1057 1031 1169 1071 1551.
1193 1032 1341 1082 Quad.
1360 1032 1576 1083 Venetia,
1595 1032 1646 1073 23
1664 1032 1824 1083 Magii.

198 1103 240 1142 A
266 1101 440 1152 Parigi.

700 1409 1062 1447 Praecedentium
1082 1411 1330 1447 litterarum

864 1476 998 1512 latina
1016 1476 1165 1512 versio
1410 1468 1583 1527 τ’·ῑςῖὙΫ-ζῆ
1610 1481 1618 1523 ξ
1636 1479 1659 1517 .'
1735 1492 1855 1531 tx„

768 1541 811 1577 in
830 1540 1088 1588 Hispaniam
1107 1541 1255 1578 missa.
1427 1531 1495 1592 *55¹ss
1526 1531 1586 1584 Ε”,ζς
1679 1569 1683 1573 l
1705 1566 1709 1569 .
1767 1536 1846 1572 *R

1441 1596 1484 1613 κ’·
1595 1597 1615 1623 ,ᾗῇ
1638 1606 1653 1620 ,μ
1696 1602 1712 1629 εκ
1728 1616 1732 1622 x
1761 1592 1797 1622 (x

958 1690 1054 1766 ulis
1486 1685 1618 1751 ³³42:
1650 1681 1653 1690 ¹
1691 1695 1719 1747 ’ἑ
1761 1674 1813 1713 ‘⁶

281 1868 332 1894 Ex
349 1869 473 1895 litteris
489 1868 599 1895 Patris
615 1868 774 1895 Caesaris
790 1868 909 1901 Helmi.
928 1869 983 1903 qui
999 1873 1049 1895 est
1067 1867 1233 1902 Venetus,
1250 1876 1354 1903 usque
1371 1869 1413 1895 ad
1429 1876 1578 1896 mensem
1593 1869 1729 1896 maium.

271 2018 394 2058 Ante
425 2018 678 2058 adventum
707 2017 860 2058 Patris
895 2017 1115 2058 Andreae
1148 2017 1322 2068 Frusii,
1346 2024 1391 2057 et
1412 2023 1660 2069 postquam
1694 2019 1823 2058 venit

191 2089 295 2140 huc,
320 2089 493 2140 aliquid
513 2089 693 2129 fructus
715 2089 970 2140 spiritualis
1000 2100 1059 2128 ex
1090 2088 1180 2128 hoc
1209 2088 1421 2139 collegio,
1445 2088 1546 2128 Deo
1567 2100 1649 2140 per
1676 2089 1823 2140 ipsius

189 2161 392 2213 gratiam
419 2161 665 2200 collectum
691 2165 780 2210 est,
811 2160 1063 2211 praecipue
1090 2160 1137 2199 in
1164 2159 1534 2200 confessionibus
1556 2160 1814 2210 audiendis,

189 2239 287 2273 tum
308 2232 509 2272 aliorum
524 2238 622 2271 tum
642 2231 844 2271 maxime
865 2230 1171 2271 infirmorum.
1191 2231 1308 2271 Cum
1329 2232 1376 2271 in
1396 2231 1617 2283 hospitali
1638 2231 1820 2272 incura-

187 2303 348 2343 bilium
368 2302 557 2354 quidam
577 2314 636 2342 ex
655 2301 879 2342 fratribus
899 2301 1031 2342 laicis
1053 2301 1260 2342 infirmos
1282 2302 1342 2342 ad
1363 2301 1706 2342 confessionem
1732 2302 1819 2342 fre-

189 2379 381 2425 quenter
403 2373 746 2423 exhortaretur,
771 2372 1040 2424 diceretque
1063 2373 1274 2413 inutilem
1294 2384 1396 2413 esse
1413 2372 1754 2413 confessionem
1773 2380 1818 2413 et

187 2444 455 2485 necessario
472 2443 749 2494 iterandam,
769 2443 816 2483 in
837 2455 929 2495 qua
950 2443 1151 2484 scienter
1166 2444 1242 2484 vel
1257 2455 1401 2483 unum
1420 2450 1666 2495 peccatum
1687 2444 1817 2484 omit-

187 2522 376 2566 teretur,
400 2526 494 2555 non
523 2514 663 2566 pauci
690 2514 971 2565 compuncti,
1002 2514 1214 2566 sequenti
1235 2514 1308 2554 die
1330 2513 1532 2554 confessi
1552 2520 1659 2554 sunt
1688 2514 1816 2555 Patri

187 2586 404 2627 Andreae
424 2585 716 2635 GalvaneHO,
745 2585 822 2637 qui
850 2596 1011 2626 omnes
1036 2585 1376 2637 propemodum
1404 2586 1451 2625 in
1480 2585 1568 2625 hoc
1596 2585 1817 2637 hospitali

185 2663 486 2709 aegrotantes
508 2656 706 2707 audivit;
729 2662 774 2697 et
794 2667 881 2708 ego
903 2656 1154 2708 aliquando
1177 2668 1282 2697 cum
1303 2656 1441 2697 Patre
1462 2656 1697 2709 Philippo,
1721 2656 1812 2697 Ab·

182 2730 289 2770 bate
310 2728 507 2780 Spoleti,
538 2728 617 2779 qui
643 2733 692 2767 ut
717 2728 849 2768 novit
875 2727 976 2768 Tua
1001 2727 1288 2778 Paternitas‚
1317 2727 1540 2768 Societati
1567 2739 1616 2768 se
1645 2727 1815 2768 dedere

185 2801 340 2840 animo
371 2799 595 2849 decrevit,
615 2804 833 2849 aegrotos
867 2798 1113 2839 invisimus
1138 2804 1182 2839 et
1210 2798 1519 2839 consolationi
1541 2799 1813 2839 eorumdem

184 2877 228 2911 et
245 2870 483 2911 devotioni
498 2869 848 2921 promovendae
864 2881 948 2921 per
970 2870 1160 2910 crebras
1178 2868 1497 2910 confessiones
1517 2870 1810 2921 vacavimus,

184 2949 228 2983 et
256 2953 350 2982 non
375 2940 659 2981 mediocrem
688 2940 950 2981 redundare
981 2941 1228 2981 utilitatem
1256 2941 1546 2992 spiritualem
1574 2954 1632 2983 ex
1660 2941 1812 2982 huius-
