2074 3179
847 165 915 201 xxx.
951 164 1040 200 1540
1689 166 1757 203 169

196 847 327 884 Pater
345 845 605 884 Leonardus
624 847 781 884 Kessel

241 912 361 948 Patri
376 912 543 959 Ignatio
564 912 616 949 de
637 911 819 960 Loyola.

290 977 484 1021 Colonia.
508 977 553 1014 20
573 977 764 1024 Augusti
786 977 874 1013 1549
895 977 917 1011 ¹.

894 1150 990 1225 Iffls

201 1328 363 1368 Gratia
403 1335 446 1367 et
485 1339 579 1379 pax
617 1325 697 1367 X.i
737 1337 918 1377 semper
959 1332 1141 1365 crescat
1181 1326 1227 1365 in
1267 1326 1472 1366 omnium
1512 1327 1746 1367 cordibus.

122 1398 287 1439 Amen.

199 1470 605 1511 Reverendissime
626 1470 673 1509 in
694 1468 774 1509 X.0
796 1469 905 1521 Jesu
928 1466 1080 1507 Pater:

198 1541 402 1582 Litterae
429 1553 487 1580 ex
515 1540 734 1580 mandato
763 1539 810 1579 Ρ.
842 1538 900 1579 V.
930 1550 1012 1590 per
1040 1537 1367 1578 Reverendum
1396 1538 1584 1578 Patrem
1612 1539 1750 1591 Joan-

122 1624 229 1652 nem
256 1612 312 1652 de
344 1611 549 1652 Polanco
575 1611 634 1651 ad
660 1622 744 1650 nos
773 1611 998 1661 scriptae,
1029 1620 1135 1649 cum
1162 1609 1329 1649 litteris
1356 1609 1644 1650 confratrum
1671 1621 1749 1650 no-

119 1690 341 1734 strorum,
372 1693 543 1733 magno
574 1693 679 1722 cum
707 1680 880 1732 gaudio
909 1686 1014 1720 sunt
1042 1680 1212 1730 lectae,
1247 1679 1414 1731 quibus
1449 1680 1750 1731 intelligimus

120 1766 209 1805 qua
232 1754 475 1794 dilectione
496 1759 783 1805 paternoque
811 1763 968 1792 amore
989 1750 1039 1790 Ρ.
1062 1751 1121 1791 V.
1145 1762 1231 1790 nos
1259 1762 1420 1790 omnes
1447 1751 1495 1791 in
1514 1751 1635 1791 filios
1657 1763 1749 1792 am-

117 1826 349 1877 plectatur
390 1824 705 1864 charissimos.
744 1823 896 1874 Quam
933 1822 1023 1862 hoc
1062 1822 1284 1862 nuncium
1323 1822 1536 1862 omnibus
1575 1823 1751 1863 laetum

118 1895 219 1946 fuit,
244 1909 301 1936 ex
323 1907 486 1936 eorum
506 1896 674 1936 litteris
695 1895 743 1935 P.
769 1893 827 1934 V.
852 1894 988 1933 facile
1010 1893 1276 1945 perspicere
1297 1893 1483 1944 poterit.

198 1967 377 2008 Bullam
395 1978 577 2018 quoque
595 1966 755 2017 accepi
772 1976 854 2017 per
872 1963 1151 2015 Magistrum
1172 1963 1435 2004 Adrianum
1455 1964 1668 2004 Lovanio
1691 1965 1752 2006 ad

117 2051 202 2079 nos
224 2039 432 2086 missam,
457 2050 547 2089 qua
568 2037 617 2077 P.
640 2037 700 2077 V.
732 2036 932 2087 plurima
960 2035 1093 2075 nobis
1121 2034 1300 2075 confert
1331 2035 1571 2076 beneficia.
1603 2034 1750 2087 Spero

118 2110 163 2150 in
197 2110 400 2150 Domino
436 2121 522 2149 nos
556 2109 704 2148 bonos
738 2107 837 2148 fore
868 2112 1157 2147 executores.
1192 2105 1362 2146 Multas
1390 2106 1438 2146 P.
1469 2106 1528 2144 V.
1566 2106 1750 2158 agimus

117 2181 296 2232 gratias
317 2187 555 2231 totumque
580 2179 702 2231 quod
723 2178 949 2218 habemus
977 2183 1021 2217 et
1048 2188 1316 2228 possumus,
1345 2177 1392 2217 in
1419 2176 1621 2217 Domino
1643 2177 1748 2217 offe-

117 2252 262 2292 rimus
282 2251 332 2291 P.
356 2251 433 2302 V„
458 2261 642 2301 semper
670 2248 948 2289 ineffabilem
979 2247 1068 2287 Dei
1095 2248 1390 2288 clementiam
1410 2253 1750 2300 paternamque

118 2323 463 2373 liberalitatem,
489 2333 581 2373 qua
603 2332 690 2361 nos
712 2331 873 2360 omnes
893 2319 969 2359 hic
991 2319 1214 2359 Coloniae
1234 2324 1430 2370 agentes
1446 2318 1474 2369 ‘·',
1500 2319 1578 2370 qui
1598 2319 1751 2370 magis

118 2399 279 2434 nostro
309 2392 539 2433 desiderio
566 2392 750 2432 videtur
778 2391 1028 2440 inservire,
1060 2401 1202 2441 quam
1227 2401 1314 2429 nos
1340 2388 1439 2440 ejus
1460 2390 1664 2441 gratiam
1684 2390 1747 2430 in—

58 2506 61 2508 ,
118 2464 316 2516 quirere.
340 2464 491 2504 Tanta
513 2468 582 2503 est
601 2468 651 2503 ut
671 2462 828 2502 verbis
849 2461 1085 2513 explicare
1107 2472 1201 2500 non
1220 2460 1411 2512 possim.

196 2535 289 2576 Mei
329 2535 589 2575 confratres
623 2534 670 2573 in
710 2533 874 2573 studiis
916 2543 1139 2583 magnam
1179 2530 1398 2571 adhibent
1438 2531 1744 2582 diligentiam,

118 2605 331 2646 eumdem
351 2611 596 2646 servantes
617 2604 827 2645 ordinem
857 2604 1041 2656 qualem
1064 2603 1122 2643 ad
1143 2603 1336 2653 longum
1357 2602 1606 2654 aliquando
1637 2603 1747 2643 scri-

119 2676 202 2727 psi3
240 2676 298 2716 ad
333 2676 646 2717 obedientiam
684 2674 1019 2726 promptissimi
1055 2685 1253 2725 semper,
1287 2673 1522 2725 simplices
1552 2680 1597 2714 et
1632 2675 1749 2714 recti

120 2747 281 2795 corde;
311 2758 473 2787 eorum
501 2746 859 2786 conversatione
887 2746 1138 2785 multorum
1167 2744 1451 2785 studentium
1480 2745 1663 2785 animas
1689 2745 1749 2785 ad

177 2884 186 2903 ¹
227 2884 455 2918 Autographa
470 2888 544 2911 tota
558 2890 659 2910 manu
674 2882 710 2910 P.
726 2882 765 2910 L.
782 2882 898 2910 Kessel
912 2903 918 2916 ,
933 2882 1013 2909 folio
1028 2882 1125 2909 unico
1140 2889 1171 2908 n.
1186 2880 1249 2908 6211.
1490 2921 1494 2924 γ

173 2932 187 2951 2
225 2931 350 2959 Deesse
371 2931 425 2958 hie
446 2931 582 2965 aliquod
604 2931 746 2958 verbum
767 2930 913 2960 videtur.
934 2938 992 2964 sc.‚
1013 2929 1255 2964 prosequitur,
1277 2928 1507 2963 amplectitur
1521 2932 1580 2956 aut
1602 2927 1693 2956 aliud
1708 2929 1750 2955 si-

119 2979 210 3006 mile.
