2074 3179
820 188 901 224 Ax.
933 185 1023 222 1550
1667 177 1736 214 245

843 637 1002 690 LXX

182 868 215 904 Ρ
251 867 461 905 Nicolaus
481 866 693 915 Lanoyus

232 933 276 969 Ρ.
298 932 466 976 ignatio
486 932 539 969 de
560 932 743 979 Loyola.

276 998 508 1041 Panormo,
527 997 570 1033 31
595 996 851 1033 Decembris
874 996 963 1032 1550
980 995 1003 1030 ¹.

874 1170 979 1256 *11³⁷ss

191 1349 401 1389 Essendo
432 1349 462 1388 il
488 1355 642 1399 tempo
666 1347 711 1387 di
731 1346 881 1398 questi
903 1352 1088 1397 quattro
1109 1346 1225 1385 mesi
1252 1345 1330 1395 gia
1361 1344 1558 1384 decorso
1584 1344 1627 1383 al
1655 1354 1739 1383 suo

111 1420 322 1470 termine,
345 1431 426 1471 per
455 1418 682 1459 sodisfare
711 1430 738 1458 a
763 1419 809 1457 13
838 1416 1013 1457 Sancta
1040 1415 1322 1465 obedientia,
1347 1415 1631 1455 scriveremo
1652 1426 1740 1454 con

110 1491 293 1531 brevita
322 1502 348 1530 a
375 1489 461 1530 V.a
487 1489 590 1530 RQ
613 1489 852 1530 Paternita
886 1499 1026 1539 sopra
1057 1487 1132 1527 del
1164 1486 1308 1527 frutto
1335 1486 1567 1538 spiritual,
1598 1486 1682 1526 che
1710 1486 1739 1525 il

112 1561 309 1613 signore
338 1563 398 1602 ha
424 1561 541 1601 fatto
569 1561 616 1601 in
642 1565 807 1612 questa
837 1560 949 1599 citta
980 1559 1026 1599 di
1052 1558 1267 1598 Palermo
1289 1558 1522 1598 mediante
1542 1558 1571 1597 l'
1596 1569 1739 1609 opera

115 1634 188 1674 dei
209 1633 335 1673 servi
357 1632 461 1673 suoi
482 1632 602 1672 della
622 1631 929 1683 Compagnia.

192 1703 327 1755 Dopo
358 1704 507 1744 haver
546 1703 654 1743 dato
687 1714 812 1742 novo
842 1701 1071 1753 principio
1107 1701 1184 1741 alli
1214 1700 1354 1741 studii
1387 1706 1432 1740 et
1461 1700 1623 1741 ordine
1651 1701 1739 1740 alle

112 1776 284 1825 scuole,
307 1775 338 1814 li
353 1774 509 1814 lettori
529 1774 906 1814 continuamente
924 1773 962 1813 si
984 1772 1201 1813 sforzano
1219 1783 1308 1812 con
1323 1772 1478 1812 buona
1499 1770 1739 1822 diligentia

114 1846 158 1887 di
187 1846 276 1886 ben
310 1851 573 1886 amaestrar
600 1845 703 1885 suoi
733 1844 978 1896 discepoli,
1012 1843 1327 1884 ciascheduno
1361 1843 1409 1883 in
1434 1854 1520 1883 sua
1546 1843 1735 1893 faculta,

110 1917 325 1969 ponendo
347 1928 529 1968 sempre
551 1928 665 1956 cura
692 1916 779 1956 che
808 1915 914 1956 tutti
940 1915 1094 1955 facino
1116 1914 1304 1966 profitto
1333 1915 1458 1954 nella
1477 1914 1674 1954 scientia
1694 1919 1738 1954 et

111 1989 221 2028 nelli
241 1988 383 2028 buoni
404 1988 616 2028 costumi.

192 2060 227 2100 Il
253 2071 446 2100 numero
477 2059 601 2110 degli
635 2058 804 2099 scolari
831 2062 855 2098 e
883 2057 928 2097 di
957 2057 1133 2097 incirca
1152 2056 1232 2096 300
1253 2068 1277 2096 e
1298 2057 1376 2108 piii
1396 2055 1425 2107 ‘·‘‚
1456 2056 1529 2096 fra
1556 2057 1586 2096 li
1614 2057 1739 2108 quali

111 2142 206 2171 non
226 2130 266 2170 si
290 2130 470 2170 ritrova
497 2130 663 2170 alcuno
690 2129 776 2169 che
803 2128 872 2168 sia
893 2128 939 2168 di
960 2128 1057 2168 vita
1086 2128 1385 2178 scandalosa;
1416 2127 1461 2167 di
1488 2127 1626 2167 modo
1653 2127 1738 2167 che

112 2212 195 2253 per
229 2207 393 2252 questa
427 2200 672 2251 vigilantia
706 2199 745 2239 si
779 2199 1028 2239 scacciano
1064 2198 1193 2238 molti
1222 2198 1324 2238 vitii
1350 2197 1477 2249 dagli
1507 2198 1666 2238 vitiosi
1692 2198 1738 2238 in

112 2283 259 2323 pocco
286 2278 456 2323 tempo.
487 2271 853 2311 Primeramente
888 2270 927 2309 si
953 2271 1058 2310 leva
1084 2270 1116 2309 il
1143 2270 1297 2310 iurare
1329 2275 1374 2309 et
1402 2269 1517 2310 certi
1543 2269 1667 2309 modi
1694 2269 1739 2310 di

109 2342 355 2383 biastemia
383 2348 427 2382 et
453 2340 683 2382 horrende
717 2342 897 2392 parole,
935 2341 1051 2381 delle
1087 2341 1210 2392 quali
1240 2340 1436 2380 essendo
1464 2340 1510 2380 13
1531 2346 1738 2380 corrotta

169 2526 177 2545 ¹
216 2525 288 2553 Has
302 2526 438 2552 litteras
453 2525 615 2552 habemus
630 2532 731 2552 manu
745 2524 849 2559 ipsius
865 2524 979 2551 Patris
1003 2525 1041 2551 de
1064 2524 1184 2560 Lanoy
1213 2525 1423 2558 subscriptas
1446 2524 1478 2551 in
1499 2524 1624 2558 duplici
1646 2524 1737 2555 folio¹

113 2573 165 2600 cui
181 2574 213 2600 in
226 2573 367 2607 pristino
383 2572 538 2600 Archivii
553 2572 669 2599 ordine
693 2572 838 2606 impositi
862 2572 998 2599 fuerant
1020 2572 1147 2599 numeri
1171 2571 1262 2605 81-82,
1286 2579 1372 2599 nunc
1397 2575 1512 2599 autem
1536 2571 1578 2598 12.
1603 2571 1739 2598 Priores

112 2624 246 2648 tantum
261 2625 332 2647 tres
346 2620 490 2654 paginas
503 2619 652 2653 implent.
667 2623 701 2646 et
715 2620 747 2646 in
763 2623 903 2654 quarta,
920 2619 952 2646 in
967 2627 1008 2646 ea
1022 2623 1136 2653 parte.
1152 2626 1237 2654 quae
1252 2622 1328 2653 post
1342 2619 1506 2653 plicatum
1520 2618 1636 2645 folium
1651 2618 1740 2645 defo-

112 2668 160 2695 ris
174 2668 308 2700 eminet,
324 2667 408 2694 haec
424 2667 493 2702 ipse
519 2667 557 2694 de
582 2667 700 2702 Lanoy
714 2667 860 2701 scripsit:
886 2666 1215 2701 ‚Quafflrimestresl
1239 2665 1288 2693 Di
1307 2666 1470 2693 Palermo
1491 2666 1572 2692 ΜΗ)
1596 2666 1634 2693 di
1652 2665 1738 2692 XJJr‘

113 2715 216 2746 1550:
229 2719 262 2742 et
277 2715 379 2742 alius:
396 2714 432 2747 Q.
448 2714 493 2741 Di
508 2714 672 2741 Palermo
686 2714 743 2741 del
757 2715 815 2742 50.
829 2714 910 2740 ult.⁰
926 2714 963 2740 di
975 2713 1138 2741 Decemb.

165 2762 229 2790 Est
244 2766 278 2790 et
293 2763 483 2797 exemplum
499 2762 531 2789 in
544 2761 654 2796 prima
668 2761 795 2796 pagina
809 2761 951 2795 duplicis
966 2761 1048 2793 solii,
1060 2762 1139 2789 olim
1153 2762 1196 2793 79,
1210 2769 1296 2788 nunc
1320 2760 1415 2794 10-13,
1431 2761 1464 2788 in
1486 2768 1549 2795 quo
1571 2760 1739 2788 desidera—

112 2814 168 2837 tur
183 2810 254 2837 dies
268 2814 300 2837 et
316 2809 530 2844 subscriptio.
547 2809 659 2836 Habet
675 2813 789 2836 tamen
805 2810 837 2836 in
853 2813 977 2843 quarta
992 2809 1128 2843 pagina,
1145 2814 1177 2836 et
1194 2809 1327 2843 quidem
1342 2816 1443 2836 manu
1456 2807 1559 2842 ipsius
1573 2808 1687 2835 Patris
1698 2808 1737 2835 de

114 2856 244 2893 Lanoy,
260 2857 356 2884 haec:
372 2858 484 2890 Quad.
500 2856 547 2883 Di
564 2856 743 2888 Palermoe
757 2860 791 2883 et
804 2857 873 2884 alia
885 2864 996 2884 manu:
1013 2857 1111 2884 1550.

166 2905 180 2924 ²
217 2904 411 2939 Scripserat
436 2904 547 2932 Patris
572 2905 612 2932 de
630 2904 750 2938 Lanoy
772 2904 932 2932 librarius
956 2904 1090 2931 incirca
1105 2904 1186 2936 300,
1201 2904 1267 2939 fra
1286 2904 1351 2938 pia
1373 2904 1401 2930 li
1415 2903 1564 2938 quali...,·
1577 2903 1635 2931 sed
1651 2903 1738 2930 linea

115 2952 260 2979 obducta
275 2952 402 2979 delevit
413 2953 490 2986 pisa.
506 2952 671 2979 Polancus
686 2955 811 2984 tamen,
834 2952 866 2979 in
889 2952 1054 2986 exemplo,
1077 2960 1176 2978 manu
1198 2951 1345 2985 propria,
1371 2959 1475 2986 supra
1495 2951 1548 2979 300
1571 2951 1706 2984 scripsit
1722 2958 1739 2978 e

110 3002 136 3033 p
140 3000 174 3026 izi
180 3019 186 3026 .
