<?xml version="1.0" encoding="UTF-8"?>
<!DOCTYPE html PUBLIC "-//W3C//DTD XHTML 1.0 Transitional//EN"
    "http://www.w3.org/TR/xhtml1/DTD/xhtml1-transitional.dtd">
<html xmlns="http://www.w3.org/1999/xhtml" xml:lang="en" lang="en">
 <head>
  <title>
</title>
<meta http-equiv="Content-Type" content="text/html;charset=utf-8" />
  <meta name='ocr-system' content='tesseract 3.04.00' />
  <meta name='ocr-capabilities' content='ocr_page ocr_carea ocr_par ocr_line ocrx_word'/>
</head>
<body>
  <div class='ocr_page' id='page_1' title='image "./litteraequadrime13lain_0599.png"; bbox 0 0 2074 3179; ppageno 0'>
   <div class='ocr_carea' id='block_1_1' title="bbox 852 187 1777 225">
    <p class='ocr_par' dir='ltr' id='par_1_1' title="bbox 852 187 1777 225">
     <span class='ocr_line' id='line_1_1' title="bbox 852 187 1777 225; baseline 0 -1"><span class='ocrx_word' id='word_1_1' title='bbox 852 188 936 225; x_wconf 80' lang='grc' dir='ltr'>ΑΝ.</span> <span class='ocrx_word' id='word_1_2' title='bbox 967 187 1058 224; x_wconf 76' lang='lat'>1552</span> <span class='ocrx_word' id='word_1_3' title='bbox 1705 187 1777 224; x_wconf 69' lang='lat'>595</span> 
     </span>
    </p>
   </div>
   <div class='ocr_carea' id='block_1_2' title="bbox 141 282 1813 3031">
    <p class='ocr_par' dir='ltr' id='par_1_2' title="bbox 141 282 1779 548">
     <span class='ocr_line' id='line_1_2' title="bbox 141 282 1779 335; baseline -0.001 -11"><span class='ocrx_word' id='word_1_4' title='bbox 141 290 492 324; x_wconf 83' lang='lat' dir='ltr'>reverterentur</span> <span class='ocrx_word' id='word_1_5' title='bbox 514 284 572 323; x_wconf 87' lang='lat' dir='ltr'>ad</span> <span class='ocrx_word' id='word_1_6' title='bbox 592 295 692 333; x_wconf 79' lang='lat' dir='ltr'>nos,</span> <span class='ocrx_word' id='word_1_7' title='bbox 716 284 898 335; x_wconf 86' lang='lat' dir='ltr'>sequuti</span> <span class='ocrx_word' id='word_1_8' title='bbox 920 290 1027 323; x_wconf 88' lang='lat' dir='ltr'>sunt</span> <span class='ocrx_word' id='word_1_9' title='bbox 1048 294 1128 323; x_wconf 89' lang='lat' dir='ltr'>eos</span> <span class='ocrx_word' id='word_1_10' title='bbox 1149 290 1244 323; x_wconf 83' lang='lat' dir='ltr'>tres</span> <span class='ocrx_word' id='word_1_11' title='bbox 1266 282 1465 322; x_wconf 85' lang='lat' dir='ltr'>sacrifici</span> <span class='ocrx_word' id='word_1_12' title='bbox 1487 283 1656 323; x_wconf 90' lang='lat' dir='ltr'>conciti</span> <span class='ocrx_word' id='word_1_13' title='bbox 1680 284 1779 323; x_wconf 76' lang='lat' dir='ltr'>val-</span> 
     </span>
     <span class='ocr_line' id='line_1_3' title="bbox 141 353 1776 407; baseline -0.002 -11"><span class='ocrx_word' id='word_1_14' title='bbox 141 356 223 407; x_wconf 78' lang='lat' dir='ltr'>de3</span> <span class='ocrx_word' id='word_1_15' title='bbox 252 360 449 406; x_wconf 87' lang='lat' dir='ltr'>egerunt</span> <span class='ocrx_word' id='word_1_16' title='bbox 479 354 554 394; x_wconf 90' lang='lat' dir='ltr'>hic</span> <span class='ocrx_word' id='word_1_17' title='bbox 582 355 706 405; x_wconf 91' lang='lat' dir='ltr'>apud</span> <span class='ocrx_word' id='word_1_18' title='bbox 732 366 818 394; x_wconf 80' lang='lat' dir='ltr'>nos</span> <span class='ocrx_word' id='word_1_19' title='bbox 845 365 926 404; x_wconf 89' lang='lat' dir='ltr'>per</span> <span class='ocrx_word' id='word_1_20' title='bbox 955 354 1131 404; x_wconf 83' lang='lat' dir='ltr'>aliquot</span> <span class='ocrx_word' id='word_1_21' title='bbox 1161 354 1257 393; x_wconf 88' lang='lat' dir='ltr'>dies</span> <span class='ocrx_word' id='word_1_22' title='bbox 1286 359 1330 393; x_wconf 91' lang='lat' dir='ltr'>et</span> <span class='ocrx_word' id='word_1_23' title='bbox 1360 353 1641 403; x_wconf 78' lang='lat' dir='ltr'>generaliter</span> <span class='ocrx_word' id='word_1_24' title='bbox 1672 365 1776 393; x_wconf 90' lang='lat' dir='ltr'>con-</span> 
     </span>
     <span class='ocr_line' id='line_1_4' title="bbox 144 424 1778 477; baseline -0.002 -9"><span class='ocrx_word' id='word_1_25' title='bbox 144 427 255 468; x_wconf 86' lang='lat' dir='ltr'>fessi</span> <span class='ocrx_word' id='word_1_26' title='bbox 276 431 406 477; x_wconf 87' lang='lat' dir='ltr'>sunt;</span> <span class='ocrx_word' id='word_1_27' title='bbox 430 426 624 465; x_wconf 90' lang='lat' dir='ltr'>multum</span> <span class='ocrx_word' id='word_1_28' title='bbox 645 425 823 465; x_wconf 87' lang='lat' dir='ltr'>fructus</span> <span class='ocrx_word' id='word_1_29' title='bbox 843 425 1052 465; x_wconf 88' lang='lat' dir='ltr'>facturos</span> <span class='ocrx_word' id='word_1_30' title='bbox 1073 424 1410 465; x_wconf 83' lang='lat' dir='ltr'>existimamus.</span> <span class='ocrx_word' id='word_1_31' title='bbox 1435 424 1565 464; x_wconf 88' lang='lat' dir='ltr'>Haec</span> <span class='ocrx_word' id='word_1_32' title='bbox 1595 424 1778 475; x_wconf 85' lang='lat' dir='ltr'>perfun-</span> 
     </span>
     <span class='ocr_line' id='line_1_5' title="bbox 146 495 1521 548; baseline -0.002 -10"><span class='ocrx_word' id='word_1_33' title='bbox 146 498 293 538; x_wconf 90' lang='lat' dir='ltr'>ctorie</span> <span class='ocrx_word' id='word_1_34' title='bbox 313 498 369 537; x_wconf 93' lang='lat' dir='ltr'>de</span> <span class='ocrx_word' id='word_1_35' title='bbox 390 497 768 548; x_wconf 84' lang='lat' dir='ltr'>peregrinatione</span> <span class='ocrx_word' id='word_1_36' title='bbox 790 495 942 536; x_wconf 90' lang='lat' dir='ltr'>Patris</span> <span class='ocrx_word' id='word_1_37' title='bbox 963 496 1109 535; x_wconf 81' lang='lat' dir='ltr'>nostri</span> <span class='ocrx_word' id='word_1_38' title='bbox 1131 495 1254 535; x_wconf 88' lang='lat' dir='ltr'>dicta</span> <span class='ocrx_word' id='word_1_39' title='bbox 1276 495 1521 536; x_wconf 88' lang='lat' dir='ltr'>sufficiant.</span> 
     </span>
    </p>

    <p class='ocr_par' dir='ltr' id='par_1_3' title="bbox 146 566 1788 1682">
     <span class='ocr_line' id='line_1_6' title="bbox 227 566 1778 619; baseline -0.001 -11"><span class='ocrx_word' id='word_1_40' title='bbox 227 568 353 609; x_wconf 87' lang='lat' dir='ltr'>Gens</span> <span class='ocrx_word' id='word_1_41' title='bbox 374 567 510 619; x_wconf 89' lang='lat' dir='ltr'>hujus</span> <span class='ocrx_word' id='word_1_42' title='bbox 530 568 687 618; x_wconf 89' lang='lat' dir='ltr'>oppidi</span> <span class='ocrx_word' id='word_1_43' title='bbox 708 567 859 618; x_wconf 85' lang='lat' dir='ltr'>magis</span> <span class='ocrx_word' id='word_1_44' title='bbox 879 567 925 606; x_wconf 87' lang='lat' dir='ltr'>in</span> <span class='ocrx_word' id='word_1_45' title='bbox 957 567 1054 606; x_wconf 90' lang='lat' dir='ltr'>dies</span> <span class='ocrx_word' id='word_1_46' title='bbox 1076 566 1259 618; x_wconf 89' lang='lat' dir='ltr'>proficit</span> <span class='ocrx_word' id='word_1_47' title='bbox 1287 572 1475 618; x_wconf 87' lang='lat' dir='ltr'>propter</span> <span class='ocrx_word' id='word_1_48' title='bbox 1503 567 1778 606; x_wconf 75' lang='lat' dir='ltr'>immensam</span> 
     </span>
     <span class='ocr_line' id='line_1_7' title="bbox 148 637 1781 688; baseline -0.002 -9"><span class='ocrx_word' id='word_1_49' title='bbox 148 639 337 679; x_wconf 88' lang='lat' dir='ltr'>Domini</span> <span class='ocrx_word' id='word_1_50' title='bbox 369 639 639 678; x_wconf 78' lang='lat' dir='ltr'>bonitatem.</span> <span class='ocrx_word' id='word_1_51' title='bbox 679 638 934 678; x_wconf 86' lang='lat' dir='ltr'>Confitetur</span> <span class='ocrx_word' id='word_1_52' title='bbox 968 637 1091 677; x_wconf 89' lang='lat' dir='ltr'>enim</span> <span class='ocrx_word' id='word_1_53' title='bbox 1118 637 1315 688; x_wconf 81' lang='lat' dir='ltr'>singulis</span> <span class='ocrx_word' id='word_1_54' title='bbox 1344 637 1505 677; x_wconf 87' lang='lat' dir='ltr'>diebus</span> <span class='ocrx_word' id='word_1_55' title='bbox 1532 637 1781 676; x_wconf 77' lang='lat' dir='ltr'>dominicis</span> 
     </span>
     <span class='ocr_line' id='line_1_8' title="bbox 149 707 1780 761; baseline -0.002 -11"><span class='ocrx_word' id='word_1_56' title='bbox 149 717 193 750; x_wconf 90' lang='lat' dir='ltr'>et</span> <span class='ocrx_word' id='word_1_57' title='bbox 214 710 378 761; x_wconf 77' lang='lat' dir='ltr'>recipit</span> <span class='ocrx_word' id='word_1_58' title='bbox 400 709 536 749; x_wconf 88' lang='lat' dir='ltr'>simul</span> <span class='ocrx_word' id='word_1_59' title='bbox 556 708 912 749; x_wconf 87' lang='lat' dir='ltr'>Sanctissimum</span> <span class='ocrx_word' id='word_1_60' title='bbox 933 708 1043 761; x_wconf 89' lang='lat' dir='ltr'>Jesu</span> <span class='ocrx_word' id='word_1_61' title='bbox 1065 707 1237 748; x_wconf 78' lang='lat' dir='ltr'>Christi</span> <span class='ocrx_word' id='word_1_62' title='bbox 1259 708 1438 759; x_wconf 89' lang='lat' dir='ltr'>Corpus</span> <span class='ocrx_word' id='word_1_63' title='bbox 1467 718 1639 758; x_wconf 81' lang='lat' dir='ltr'>magna</span> <span class='ocrx_word' id='word_1_64' title='bbox 1669 719 1780 759; x_wconf 84' lang='lat' dir='ltr'>pars</span> 
     </span>
     <span class='ocr_line' id='line_1_9' title="bbox 149 778 1782 831; baseline -0.002 -10"><span class='ocrx_word' id='word_1_65' title='bbox 149 788 244 821; x_wconf 91' lang='lat' dir='ltr'>tam</span> <span class='ocrx_word' id='word_1_66' title='bbox 264 780 501 820; x_wconf 90' lang='lat' dir='ltr'>hominum</span> <span class='ocrx_word' id='word_1_67' title='bbox 522 791 662 831; x_wconf 90' lang='lat' dir='ltr'>quam</span> <span class='ocrx_word' id='word_1_68' title='bbox 682 779 946 829; x_wconf 88' lang='lat' dir='ltr'>mulierum;</span> <span class='ocrx_word' id='word_1_69' title='bbox 970 784 1174 818; x_wconf 89' lang='lat' dir='ltr'>sectatur</span> <span class='ocrx_word' id='word_1_70' title='bbox 1196 778 1448 818; x_wconf 76' lang='lat' dir='ltr'>conciones</span> <span class='ocrx_word' id='word_1_71' title='bbox 1469 779 1606 818; x_wconf 89' lang='lat' dir='ltr'>simul</span> <span class='ocrx_word' id='word_1_72' title='bbox 1633 784 1677 818; x_wconf 92' lang='lat' dir='ltr'>et</span> <span class='ocrx_word' id='word_1_73' title='bbox 1706 778 1782 818; x_wconf 87' lang='lat' dir='ltr'>do-</span> 
     </span>
     <span class='ocr_line' id='line_1_10' title="bbox 146 849 1783 900; baseline -0.003 -8"><span class='ocrx_word' id='word_1_74' title='bbox 146 852 351 892; x_wconf 85' lang='lat' dir='ltr'>ctrinam</span> <span class='ocrx_word' id='word_1_75' title='bbox 368 851 673 891; x_wconf 87' lang='lat' dir='ltr'>christianam</span> <span class='ocrx_word' id='word_1_76' title='bbox 689 849 906 889; x_wconf 83' lang='lat' dir='ltr'>maximis</span> <span class='ocrx_word' id='word_1_77' title='bbox 922 849 1193 900; x_wconf 87' lang='lat' dir='ltr'>proficiendi</span> <span class='ocrx_word' id='word_1_78' title='bbox 1209 849 1467 889; x_wconf 86' lang='lat' dir='ltr'>desideriis.</span> <span class='ocrx_word' id='word_1_79' title='bbox 1486 849 1618 889; x_wconf 91' lang='lat' dir='ltr'>Multi</span> <span class='ocrx_word' id='word_1_80' title='bbox 1634 849 1783 900; x_wconf 85' lang='lat' dir='ltr'>requi-</span> 
     </span>
     <span class='ocr_line' id='line_1_11' title="bbox 152 920 1786 971; baseline -0.002 -9"><span class='ocrx_word' id='word_1_81' title='bbox 152 923 330 962; x_wconf 85' lang='lat' dir='ltr'>sierunt</span> <span class='ocrx_word' id='word_1_82' title='bbox 363 922 611 961; x_wconf 88' lang='lat' dir='ltr'>conciones</span> <span class='ocrx_word' id='word_1_83' title='bbox 646 920 799 960; x_wconf 87' lang='lat' dir='ltr'>Patris</span> <span class='ocrx_word' id='word_1_84' title='bbox 832 920 981 960; x_wconf 84' lang='lat' dir='ltr'>nostri</span> <span class='ocrx_word' id='word_1_85' title='bbox 1011 920 1271 971; x_wconf 87' lang='lat' dir='ltr'>Baptistae;</span> <span class='ocrx_word' id='word_1_86' title='bbox 1303 920 1384 960; x_wconf 89' lang='lat' dir='ltr'>sed</span> <span class='ocrx_word' id='word_1_87' title='bbox 1410 926 1600 971; x_wconf 85' lang='lat' dir='ltr'>propter</span> <span class='ocrx_word' id='word_1_88' title='bbox 1629 931 1786 971; x_wconf 89' lang='lat' dir='ltr'>quam-</span> 
     </span>
     <span class='ocr_line' id='line_1_12' title="bbox 151 991 1783 1043; baseline -0.002 -10"><span class='ocrx_word' id='word_1_89' title='bbox 151 994 260 1033; x_wconf 88' lang='lat' dir='ltr'>dam</span> <span class='ocrx_word' id='word_1_90' title='bbox 294 992 633 1041; x_wconf 87' lang='lat' dir='ltr'>infirmitatem,</span> <span class='ocrx_word' id='word_1_91' title='bbox 672 1003 761 1043; x_wconf 88' lang='lat' dir='ltr'>qua</span> <span class='ocrx_word' id='word_1_92' title='bbox 798 991 991 1031; x_wconf 86' lang='lat' dir='ltr'>affectus</span> <span class='ocrx_word' id='word_1_93' title='bbox 1024 997 1093 1031; x_wconf 93' lang='lat' dir='ltr'>est</span> <span class='ocrx_word' id='word_1_94' title='bbox 1129 991 1218 1031; x_wconf 89' lang='lat' dir='ltr'>hac</span> <span class='ocrx_word' id='word_1_95' title='bbox 1253 991 1638 1042; x_wconf 83' lang='lat' dir='ltr'>quadragesima,</span> <span class='ocrx_word' id='word_1_96' title='bbox 1676 991 1783 1042; x_wconf 88' lang='lat' dir='ltr'>quin</span> 
     </span>
     <span class='ocr_line' id='line_1_13' title="bbox 151 1061 1786 1115; baseline -0.002 -11"><span class='ocrx_word' id='word_1_97' title='bbox 151 1065 291 1104; x_wconf 88' lang='lat' dir='ltr'>etiam</span> <span class='ocrx_word' id='word_1_98' title='bbox 313 1070 357 1103; x_wconf 91' lang='lat' dir='ltr'>et</span> <span class='ocrx_word' id='word_1_99' title='bbox 378 1075 459 1115; x_wconf 86' lang='lat' dir='ltr'>per</span> <span class='ocrx_word' id='word_1_100' title='bbox 481 1075 654 1102; x_wconf 90' lang='lat' dir='ltr'>annum</span> <span class='ocrx_word' id='word_1_101' title='bbox 675 1063 904 1113; x_wconf 85' lang='lat' dir='ltr'>integrum</span> <span class='ocrx_word' id='word_1_102' title='bbox 923 1094 931 1113; x_wconf 87' lang='lat'>,</span> <span class='ocrx_word' id='word_1_103' title='bbox 955 1067 1005 1102; x_wconf 93' lang='lat' dir='ltr'>ut</span> <span class='ocrx_word' id='word_1_104' title='bbox 1025 1062 1254 1113; x_wconf 79' lang='lat' dir='ltr'>intelligo,</span> <span class='ocrx_word' id='word_1_105' title='bbox 1279 1074 1441 1102; x_wconf 91' lang='lat' dir='ltr'>eorum</span> <span class='ocrx_word' id='word_1_106' title='bbox 1461 1062 1584 1102; x_wconf 87' lang='lat' dir='ltr'>votis</span> <span class='ocrx_word' id='word_1_107' title='bbox 1605 1061 1786 1102; x_wconf 86' lang='lat' dir='ltr'>satisfa-</span> 
     </span>
     <span class='ocr_line' id='line_1_14' title="bbox 155 1133 1784 1186; baseline -0.001 -11"><span class='ocrx_word' id='word_1_108' title='bbox 155 1146 260 1175; x_wconf 89' lang='lat' dir='ltr'>cere</span> <span class='ocrx_word' id='word_1_109' title='bbox 277 1146 369 1174; x_wconf 90' lang='lat' dir='ltr'>non</span> <span class='ocrx_word' id='word_1_110' title='bbox 386 1134 549 1186; x_wconf 90' lang='lat' dir='ltr'>potuit.</span> <span class='ocrx_word' id='word_1_111' title='bbox 571 1133 858 1174; x_wconf 87' lang='lat' dir='ltr'>Procedebat</span> <span class='ocrx_word' id='word_1_112' title='bbox 877 1140 1033 1174; x_wconf 91' lang='lat' dir='ltr'>autem</span> <span class='ocrx_word' id='word_1_113' title='bbox 1049 1145 1107 1173; x_wconf 83' lang='lat' dir='ltr'>ex</span> <span class='ocrx_word' id='word_1_114' title='bbox 1124 1133 1341 1173; x_wconf 82' lang='lat' dir='ltr'>maximis</span> <span class='ocrx_word' id='word_1_115' title='bbox 1358 1134 1513 1173; x_wconf 90' lang='lat' dir='ltr'>multis</span> <span class='ocrx_word' id='word_1_116' title='bbox 1533 1133 1784 1180; x_wconf 79' lang='lat' dir='ltr'>laboribus,</span> 
     </span>
     <span class='ocr_line' id='line_1_15' title="bbox 154 1204 1784 1258; baseline -0.001 -13"><span class='ocrx_word' id='word_1_117' title='bbox 154 1217 269 1258; x_wconf 90' lang='lat' dir='ltr'>quos</span> <span class='ocrx_word' id='word_1_118' title='bbox 290 1216 541 1256; x_wconf 89' lang='lat' dir='ltr'>perpessus</span> <span class='ocrx_word' id='word_1_119' title='bbox 563 1210 631 1244; x_wconf 89' lang='lat' dir='ltr'>est</span> <span class='ocrx_word' id='word_1_120' title='bbox 652 1210 696 1244; x_wconf 91' lang='lat' dir='ltr'>et</span> <span class='ocrx_word' id='word_1_121' title='bbox 718 1205 870 1244; x_wconf 87' lang='lat' dir='ltr'>adhuc</span> <span class='ocrx_word' id='word_1_122' title='bbox 899 1204 1156 1256; x_wconf 85' lang='lat' dir='ltr'>perpetitur</span> <span class='ocrx_word' id='word_1_123' title='bbox 1183 1204 1229 1244; x_wconf 91' lang='lat' dir='ltr'>in</span> <span class='ocrx_word' id='word_1_124' title='bbox 1256 1204 1464 1255; x_wconf 81' lang='lat' dir='ltr'>legendis</span> <span class='ocrx_word' id='word_1_125' title='bbox 1494 1204 1784 1252; x_wconf 80' lang='lat' dir='ltr'>lectionibus,</span> 
     </span>
     <span class='ocr_line' id='line_1_16' title="bbox 151 1274 1787 1328; baseline -0.001 -11"><span class='ocrx_word' id='word_1_126' title='bbox 151 1277 280 1317; x_wconf 87' lang='lat' dir='ltr'>horis</span> <span class='ocrx_word' id='word_1_127' title='bbox 301 1276 487 1328; x_wconf 85' lang='lat' dir='ltr'>quidem</span> <span class='ocrx_word' id='word_1_128' title='bbox 509 1275 837 1324; x_wconf 85' lang='lat' dir='ltr'>incommodis,</span> <span class='ocrx_word' id='word_1_129' title='bbox 862 1275 986 1326; x_wconf 89' lang='lat' dir='ltr'>quod</span> <span class='ocrx_word' id='word_1_130' title='bbox 1008 1274 1132 1315; x_wconf 86' lang='lat' dir='ltr'>aliud</span> <span class='ocrx_word' id='word_1_131' title='bbox 1161 1287 1256 1315; x_wconf 92' lang='lat' dir='ltr'>non</span> <span class='ocrx_word' id='word_1_132' title='bbox 1283 1275 1417 1315; x_wconf 90' lang='lat' dir='ltr'>detur</span> <span class='ocrx_word' id='word_1_133' title='bbox 1442 1281 1625 1327; x_wconf 90' lang='lat' dir='ltr'>tempus</span> <span class='ocrx_word' id='word_1_134' title='bbox 1653 1276 1712 1315; x_wconf 90' lang='lat' dir='ltr'>ad</span> <span class='ocrx_word' id='word_1_135' title='bbox 1742 1276 1787 1315; x_wconf 90' lang='lat' dir='ltr'>id</span> 
     </span>
     <span class='ocr_line' id='line_1_17' title="bbox 153 1345 1787 1397; baseline -0.001 -9"><span class='ocrx_word' id='word_1_136' title='bbox 153 1348 355 1388; x_wconf 88' lang='lat' dir='ltr'>studium</span> <span class='ocrx_word' id='word_1_137' title='bbox 376 1345 795 1396; x_wconf 87' lang='lat' dir='ltr'>accommodatum,</span> <span class='ocrx_word' id='word_1_138' title='bbox 820 1352 918 1386; x_wconf 91' lang='lat' dir='ltr'>turn</span> <span class='ocrx_word' id='word_1_139' title='bbox 934 1352 1177 1397; x_wconf 89' lang='lat' dir='ltr'>praeterea</span> <span class='ocrx_word' id='word_1_140' title='bbox 1198 1352 1388 1397; x_wconf 90' lang='lat' dir='ltr'>propter</span> <span class='ocrx_word' id='word_1_141' title='bbox 1404 1346 1596 1386; x_wconf 88' lang='lat' dir='ltr'>nimium</span> <span class='ocrx_word' id='word_1_142' title='bbox 1613 1346 1787 1386; x_wconf 89' lang='lat' dir='ltr'>deside-</span> 
     </span>
     <span class='ocr_line' id='line_1_18' title="bbox 153 1417 1787 1468; baseline -0.001 -10"><span class='ocrx_word' id='word_1_143' title='bbox 153 1419 273 1459; x_wconf 90' lang='lat' dir='ltr'>rium</span> <span class='ocrx_word' id='word_1_144' title='bbox 293 1418 515 1458; x_wconf 84' lang='lat' dir='ltr'>ferendae</span> <span class='ocrx_word' id='word_1_145' title='bbox 537 1428 721 1468; x_wconf 87' lang='lat' dir='ltr'>semper</span> <span class='ocrx_word' id='word_1_146' title='bbox 743 1418 896 1457; x_wconf 90' lang='lat' dir='ltr'>crucis</span> <span class='ocrx_word' id='word_1_147' title='bbox 917 1417 1122 1457; x_wconf 88' lang='lat' dir='ltr'>Domini.</span> <span class='ocrx_word' id='word_1_148' title='bbox 1156 1417 1470 1458; x_wconf 86' lang='lat' dir='ltr'>Concionatus</span> <span class='ocrx_word' id='word_1_149' title='bbox 1501 1425 1570 1457; x_wconf 92' lang='lat' dir='ltr'>est</span> <span class='ocrx_word' id='word_1_150' title='bbox 1597 1417 1670 1468; x_wconf 84' lang='lat' dir='ltr'>P.,</span> <span class='ocrx_word' id='word_1_151' title='bbox 1703 1418 1787 1458; x_wconf 86' lang='lat' dir='ltr'>etsi</span> 
     </span>
     <span class='ocr_line' id='line_1_19' title="bbox 153 1487 1788 1539; baseline -0.001 -10"><span class='ocrx_word' id='word_1_152' title='bbox 153 1488 537 1539; x_wconf 78' lang='lat' dir='ltr'>valetudinarius,</span> <span class='ocrx_word' id='word_1_153' title='bbox 558 1487 851 1528; x_wconf 88' lang='lat' dir='ltr'>hebdomada</span> <span class='ocrx_word' id='word_1_154' title='bbox 873 1493 1063 1538; x_wconf 89' lang='lat' dir='ltr'>sancta,</span> <span class='ocrx_word' id='word_1_155' title='bbox 1094 1487 1224 1539; x_wconf 90' lang='lat' dir='ltr'>cujus</span> <span class='ocrx_word' id='word_1_156' title='bbox 1246 1489 1460 1529; x_wconf 89' lang='lat' dir='ltr'>concioni</span> <span class='ocrx_word' id='word_1_157' title='bbox 1482 1488 1788 1528; x_wconf 84' lang='lat' dir='ltr'>interfuerunt</span> 
     </span>
     <span class='ocr_line' id='line_1_20' title="bbox 155 1557 1788 1611; baseline 0 -12"><span class='ocrx_word' id='word_1_158' title='bbox 155 1560 386 1599; x_wconf 82' lang='lat' dir='ltr'>Dominus</span> <span class='ocrx_word' id='word_1_159' title='bbox 415 1558 528 1599; x_wconf 76' lang='lat' dir='ltr'>Dux</span> <span class='ocrx_word' id='word_1_160' title='bbox 552 1565 597 1599; x_wconf 89' lang='lat' dir='ltr'>et</span> <span class='ocrx_word' id='word_1_161' title='bbox 624 1570 743 1598; x_wconf 81' lang='lat' dir='ltr'>uxor</span> <span class='ocrx_word' id='word_1_162' title='bbox 772 1557 870 1610; x_wconf 87' lang='lat' dir='ltr'>ejus</span> <span class='ocrx_word' id='word_1_163' title='bbox 892 1564 936 1598; x_wconf 94' lang='lat' dir='ltr'>et</span> <span class='ocrx_word' id='word_1_164' title='bbox 956 1558 1116 1609; x_wconf 85' lang='lat' dir='ltr'>frater,</span> <span class='ocrx_word' id='word_1_165' title='bbox 1141 1565 1245 1609; x_wconf 90' lang='lat' dir='ltr'>etc.‚</span> <span class='ocrx_word' id='word_1_166' title='bbox 1270 1560 1317 1599; x_wconf 89' lang='lat' dir='ltr'>in</span> <span class='ocrx_word' id='word_1_167' title='bbox 1338 1571 1429 1611; x_wconf 89' lang='lat' dir='ltr'>qua</span> <span class='ocrx_word' id='word_1_168' title='bbox 1456 1559 1653 1610; x_wconf 87' lang='lat' dir='ltr'>profecit</span> <span class='ocrx_word' id='word_1_169' title='bbox 1684 1572 1788 1600; x_wconf 90' lang='lat' dir='ltr'>con-</span> 
     </span>
     <span class='ocr_line' id='line_1_21' title="bbox 157 1631 574 1682; baseline -0.002 -12"><span class='ocrx_word' id='word_1_170' title='bbox 157 1631 290 1671; x_wconf 92' lang='lat' dir='ltr'>cione</span> <span class='ocrx_word' id='word_1_171' title='bbox 310 1631 574 1682; x_wconf 86' lang='lat' dir='ltr'>plurimum.</span> 
     </span>
    </p>

    <p class='ocr_par' dir='ltr' id='par_1_4' title="bbox 157 1701 1813 2604">
     <span class='ocr_line' id='line_1_22' title="bbox 237 1701 1791 1754; baseline 0 -13"><span class='ocrx_word' id='word_1_172' title='bbox 237 1702 506 1741; x_wconf 87' lang='lat' dir='ltr'>Intermissa</span> <span class='ocrx_word' id='word_1_173' title='bbox 527 1707 597 1741; x_wconf 90' lang='lat' dir='ltr'>est</span> <span class='ocrx_word' id='word_1_174' title='bbox 618 1701 832 1741; x_wconf 87' lang='lat' dir='ltr'>doctrina</span> <span class='ocrx_word' id='word_1_175' title='bbox 854 1701 1123 1741; x_wconf 85' lang='lat' dir='ltr'>Christiana</span> <span class='ocrx_word' id='word_1_176' title='bbox 1144 1701 1190 1740; x_wconf 88' lang='lat' dir='ltr'>in</span> <span class='ocrx_word' id='word_1_177' title='bbox 1212 1702 1573 1753; x_wconf 80' lang='lat' dir='ltr'>quadragesima</span> <span class='ocrx_word' id='word_1_178' title='bbox 1600 1709 1791 1754; x_wconf 83' lang='lat' dir='ltr'>propter</span> 
     </span>
     <span class='ocr_line' id='line_1_23' title="bbox 159 1772 1791 1824; baseline 0.001 -13"><span class='ocrx_word' id='word_1_179' title='bbox 159 1772 273 1812; x_wconf 85' lang='lat' dir='ltr'>alias</span> <span class='ocrx_word' id='word_1_180' title='bbox 288 1773 448 1812; x_wconf 81' lang='lat' dir='ltr'>varias</span> <span class='ocrx_word' id='word_1_181' title='bbox 465 1778 509 1811; x_wconf 90' lang='lat' dir='ltr'>et</span> <span class='ocrx_word' id='word_1_182' title='bbox 526 1778 744 1812; x_wconf 86' lang='lat' dir='ltr'>externas</span> <span class='ocrx_word' id='word_1_183' title='bbox 761 1778 804 1812; x_wconf 90' lang='lat' dir='ltr'>et</span> <span class='ocrx_word' id='word_1_184' title='bbox 821 1772 1103 1812; x_wconf 88' lang='lat' dir='ltr'>domesticas</span> <span class='ocrx_word' id='word_1_185' title='bbox 1121 1772 1452 1824; x_wconf 87' lang='lat' dir='ltr'>occupationes</span> <span class='ocrx_word' id='word_1_186' title='bbox 1473 1773 1679 1823; x_wconf 88' lang='lat' dir='ltr'>Patrum,</span> <span class='ocrx_word' id='word_1_187' title='bbox 1703 1774 1791 1814; x_wconf 92' lang='lat' dir='ltr'>Dei</span> 
     </span>
     <span class='ocr_line' id='line_1_24' title="bbox 158 1842 1791 1896; baseline 0.001 -14"><span class='ocrx_word' id='word_1_188' title='bbox 158 1850 314 1882; x_wconf 89' lang='lat' dir='ltr'>tamen</span> <span class='ocrx_word' id='word_1_189' title='bbox 335 1843 488 1893; x_wconf 79' lang='lat' dir='ltr'>gratia</span> <span class='ocrx_word' id='word_1_190' title='bbox 510 1849 618 1883; x_wconf 87' lang='lat' dir='ltr'>ante</span> <span class='ocrx_word' id='word_1_191' title='bbox 639 1854 814 1894; x_wconf 89' lang='lat' dir='ltr'>paucos</span> <span class='ocrx_word' id='word_1_192' title='bbox 842 1842 940 1883; x_wconf 89' lang='lat' dir='ltr'>dies</span> <span class='ocrx_word' id='word_1_193' title='bbox 968 1843 1262 1883; x_wconf 86' lang='lat' dir='ltr'>resumenda.</span> <span class='ocrx_word' id='word_1_194' title='bbox 1296 1843 1469 1895; x_wconf 80' lang='lat' dir='ltr'>Magna</span> <span class='ocrx_word' id='word_1_195' title='bbox 1492 1845 1651 1896; x_wconf 91' lang='lat' dir='ltr'>populi</span> <span class='ocrx_word' id='word_1_196' title='bbox 1682 1856 1791 1896; x_wconf 90' lang='lat' dir='ltr'>pars</span> 
     </span>
     <span class='ocr_line' id='line_1_25' title="bbox 157 1913 1789 1967; baseline 0 -14"><span class='ocrx_word' id='word_1_197' title='bbox 157 1915 276 1953; x_wconf 87' lang='lat' dir='ltr'>solet</span> <span class='ocrx_word' id='word_1_198' title='bbox 298 1914 357 1953; x_wconf 86' lang='lat' dir='ltr'>ad</span> <span class='ocrx_word' id='word_1_199' title='bbox 377 1913 640 1953; x_wconf 86' lang='lat' dir='ltr'>doctrinam</span> <span class='ocrx_word' id='word_1_200' title='bbox 661 1913 896 1953; x_wconf 90' lang='lat' dir='ltr'>confluere</span> <span class='ocrx_word' id='word_1_201' title='bbox 919 1914 1149 1953; x_wconf 88' lang='lat' dir='ltr'>desiderio</span> <span class='ocrx_word' id='word_1_202' title='bbox 1176 1914 1507 1965; x_wconf 84' lang='lat' dir='ltr'>progrediendi</span> <span class='ocrx_word' id='word_1_203' title='bbox 1536 1916 1582 1955; x_wconf 85' lang='lat' dir='ltr'>in</span> <span class='ocrx_word' id='word_1_204' title='bbox 1610 1916 1789 1967; x_wconf 88' lang='lat' dir='ltr'>spiritu.</span> 
     </span>
     <span class='ocr_line' id='line_1_26' title="bbox 157 1984 1791 2036; baseline 0.001 -12"><span class='ocrx_word' id='word_1_205' title='bbox 157 1984 240 2024; x_wconf 88' lang='lat' dir='ltr'>Est</span> <span class='ocrx_word' id='word_1_206' title='bbox 261 1984 384 2035; x_wconf 89' lang='lat' dir='ltr'>quod</span> <span class='ocrx_word' id='word_1_207' title='bbox 404 1984 541 2023; x_wconf 84' lang='lat' dir='ltr'>valde</span> <span class='ocrx_word' id='word_1_208' title='bbox 562 1984 803 2024; x_wconf 87' lang='lat' dir='ltr'>laudemus</span> <span class='ocrx_word' id='word_1_209' title='bbox 824 1984 1078 2024; x_wconf 88' lang='lat' dir='ltr'>Dominum</span> <span class='ocrx_word' id='word_1_210' title='bbox 1097 1990 1288 2036; x_wconf 92' lang='lat' dir='ltr'>propter</span> <span class='ocrx_word' id='word_1_211' title='bbox 1310 1986 1530 2036; x_wconf 91' lang='lat' dir='ltr'>populum</span> <span class='ocrx_word' id='word_1_212' title='bbox 1551 1987 1674 2026; x_wconf 86' lang='lat' dir='ltr'>hunc</span> <span class='ocrx_word' id='word_1_213' title='bbox 1694 1987 1791 2026; x_wconf 87' lang='lat' dir='ltr'>bre-</span> 
     </span>
     <span class='ocr_line' id='line_1_27' title="bbox 158 2055 1792 2106; baseline 0.001 -11"><span class='ocrx_word' id='word_1_214' title='bbox 158 2055 351 2095; x_wconf 87' lang='lat' dir='ltr'>vissimo</span> <span class='ocrx_word' id='word_1_215' title='bbox 373 2055 593 2106; x_wconf 87' lang='lat' dir='ltr'>temporis</span> <span class='ocrx_word' id='word_1_216' title='bbox 615 2055 768 2106; x_wconf 90' lang='lat' dir='ltr'>spatio</span> <span class='ocrx_word' id='word_1_217' title='bbox 792 2061 1037 2106; x_wconf 87' lang='lat' dir='ltr'>tantopere</span> <span class='ocrx_word' id='word_1_218' title='bbox 1058 2062 1288 2096; x_wconf 89' lang='lat' dir='ltr'>mutatum</span> <span class='ocrx_word' id='word_1_219' title='bbox 1308 2062 1352 2096; x_wconf 92' lang='lat' dir='ltr'>et</span> <span class='ocrx_word' id='word_1_220' title='bbox 1373 2057 1432 2096; x_wconf 87' lang='lat' dir='ltr'>ad</span> <span class='ocrx_word' id='word_1_221' title='bbox 1448 2057 1669 2097; x_wconf 85' lang='lat' dir='ltr'>Virtutem</span> <span class='ocrx_word' id='word_1_222' title='bbox 1688 2058 1792 2097; x_wconf 84' lang='lat' dir='ltr'>affe-</span> 
     </span>
     <span class='ocr_line' id='line_1_28' title="bbox 159 2125 1792 2180; baseline 0.001 -14"><span class='ocrx_word' id='word_1_223' title='bbox 159 2133 301 2166; x_wconf 88' lang='lat' dir='ltr'>ctum.</span> <span class='ocrx_word' id='word_1_224' title='bbox 334 2125 450 2165; x_wconf 89' lang='lat' dir='ltr'>Cum</span> <span class='ocrx_word' id='word_1_225' title='bbox 472 2126 634 2165; x_wconf 88' lang='lat' dir='ltr'>aderat</span> <span class='ocrx_word' id='word_1_226' title='bbox 655 2126 731 2165; x_wconf 87' lang='lat' dir='ltr'>hic</span> <span class='ocrx_word' id='word_1_227' title='bbox 751 2125 892 2166; x_wconf 83' lang='lat' dir='ltr'>Pater</span> <span class='ocrx_word' id='word_1_228' title='bbox 913 2132 1071 2165; x_wconf 89' lang='lat' dir='ltr'>noster</span> <span class='ocrx_word' id='word_1_229' title='bbox 1091 2126 1421 2177; x_wconf 88' lang='lat' dir='ltr'>Provincialis,</span> <span class='ocrx_word' id='word_1_230' title='bbox 1447 2140 1585 2180; x_wconf 88' lang='lat' dir='ltr'>saepe</span> <span class='ocrx_word' id='word_1_231' title='bbox 1614 2129 1792 2168; x_wconf 83' lang='lat' dir='ltr'>invisus</span> 
     </span>
     <span class='ocr_line' id='line_1_29' title="bbox 160 2195 1789 2249; baseline 0.002 -14"><span class='ocrx_word' id='word_1_232' title='bbox 160 2203 227 2236; x_wconf 87' lang='lat' dir='ltr'>est</span> <span class='ocrx_word' id='word_1_233' title='bbox 256 2209 282 2236; x_wconf 91' lang='lat' dir='ltr'>a</span> <span class='ocrx_word' id='word_1_234' title='bbox 310 2196 510 2236; x_wconf 91' lang='lat' dir='ltr'>Domino</span> <span class='ocrx_word' id='word_1_235' title='bbox 542 2195 694 2243; x_wconf 78' lang='lat' dir='ltr'>Duce3</span> <span class='ocrx_word' id='word_1_236' title='bbox 725 2201 823 2236; x_wconf 91' lang='lat' dir='ltr'>tum</span> <span class='ocrx_word' id='word_1_237' title='bbox 849 2195 898 2236; x_wconf 83' lang='lat' dir='ltr'>P.</span> <span class='ocrx_word' id='word_1_238' title='bbox 922 2202 1084 2236; x_wconf 89' lang='lat' dir='ltr'>noster</span> <span class='ocrx_word' id='word_1_239' title='bbox 1111 2196 1338 2248; x_wconf 84' lang='lat' dir='ltr'>Baptista,</span> <span class='ocrx_word' id='word_1_240' title='bbox 1364 2209 1469 2238; x_wconf 89' lang='lat' dir='ltr'>cum</span> <span class='ocrx_word' id='word_1_241' title='bbox 1498 2198 1789 2249; x_wconf 73' lang='lat' dir='ltr'>aegrotabat,</span> 
     </span>
     <span class='ocr_line' id='line_1_30' title="bbox 160 2266 1793 2322; baseline 0.002 -15"><span class='ocrx_word' id='word_1_242' title='bbox 160 2268 390 2318; x_wconf 86' lang='lat' dir='ltr'>habetque</span> <span class='ocrx_word' id='word_1_243' title='bbox 425 2278 648 2317; x_wconf 81' lang='lat' dir='ltr'>magnum</span> <span class='ocrx_word' id='word_1_244' title='bbox 678 2266 958 2307; x_wconf 85' lang='lat' dir='ltr'>desiderium</span> <span class='ocrx_word' id='word_1_245' title='bbox 993 2267 1228 2308; x_wconf 85' lang='lat' dir='ltr'>serviendi</span> <span class='ocrx_word' id='word_1_246' title='bbox 1260 2268 1376 2308; x_wconf 92' lang='lat' dir='ltr'>Deo.</span> <span class='ocrx_word' id='word_1_247' title='bbox 1417 2269 1635 2310; x_wconf 89' lang='lat' dir='ltr'>Nonnulli</span> <span class='ocrx_word' id='word_1_248' title='bbox 1665 2270 1793 2322; x_wconf 88' lang='lat' dir='ltr'>ajunt</span> 
     </span>
     <span class='ocr_line' id='line_1_31' title="bbox 158 2338 1792 2392; baseline 0.002 -14"><span class='ocrx_word' id='word_1_249' title='bbox 158 2350 252 2378; x_wconf 89' lang='lat' dir='ltr'>non</span> <span class='ocrx_word' id='word_1_250' title='bbox 274 2350 409 2378; x_wconf 90' lang='lat' dir='ltr'>secus</span> <span class='ocrx_word' id='word_1_251' title='bbox 431 2344 568 2389; x_wconf 85' lang='lat' dir='ltr'>atque</span> <span class='ocrx_word' id='word_1_252' title='bbox 589 2343 770 2389; x_wconf 84' lang='lat' dir='ltr'>patrem</span> <span class='ocrx_word' id='word_1_253' title='bbox 798 2349 932 2378; x_wconf 90' lang='lat' dir='ltr'>suurn</span> <span class='ocrx_word' id='word_1_254' title='bbox 958 2338 1207 2379; x_wconf 86' lang='lat' dir='ltr'>facturum.</span> <span class='ocrx_word' id='word_1_255' title='bbox 1236 2338 1383 2380; x_wconf 88' lang='lat' dir='ltr'>Pollet</span> <span class='ocrx_word' id='word_1_256' title='bbox 1414 2352 1586 2391; x_wconf 79' lang='lat' dir='ltr'>magno</span> <span class='ocrx_word' id='word_1_257' title='bbox 1618 2342 1792 2392; x_wconf 77' lang='lat' dir='ltr'>ingenii</span> 
     </span>
     <span class='ocr_line' id='line_1_32' title="bbox 161 2409 1791 2460; baseline 0.002 -10"><span class='ocrx_word' id='word_1_258' title='bbox 161 2410 388 2459; x_wconf 89' lang='lat' dir='ltr'>acumine,</span> <span class='ocrx_word' id='word_1_259' title='bbox 414 2409 511 2459; x_wconf 76' lang='lat' dir='ltr'>agit</span> <span class='ocrx_word' id='word_1_260' title='bbox 539 2416 783 2460; x_wconf 88' lang='lat' dir='ltr'>praeterea</span> <span class='ocrx_word' id='word_1_261' title='bbox 809 2410 953 2449; x_wconf 89' lang='lat' dir='ltr'>multa</span> <span class='ocrx_word' id='word_1_262' title='bbox 983 2409 1039 2449; x_wconf 91' lang='lat' dir='ltr'>de</span> <span class='ocrx_word' id='word_1_263' title='bbox 1068 2410 1207 2450; x_wconf 92' lang='lat' dir='ltr'>rebus</span> <span class='ocrx_word' id='word_1_264' title='bbox 1235 2410 1405 2451; x_wconf 86' lang='lat' dir='ltr'>divinis</span> <span class='ocrx_word' id='word_1_265' title='bbox 1427 2418 1470 2452; x_wconf 93' lang='lat' dir='ltr'>et</span> <span class='ocrx_word' id='word_1_266' title='bbox 1493 2412 1791 2453; x_wconf 83' lang='lat' dir='ltr'>consessioni-</span> 
     </span>
     <span class='ocr_line' id='line_1_33' title="bbox 160 2478 1792 2534; baseline 0.002 -15"><span class='ocrx_word' id='word_1_267' title='bbox 160 2481 261 2520; x_wconf 89' lang='lat' dir='ltr'>bus.</span> <span class='ocrx_word' id='word_1_268' title='bbox 280 2481 409 2520; x_wconf 84' lang='lat' dir='ltr'>Uxor</span> <span class='ocrx_word' id='word_1_269' title='bbox 430 2486 585 2519; x_wconf 87' lang='lat' dir='ltr'>autem</span> <span class='ocrx_word' id='word_1_270' title='bbox 607 2478 704 2530; x_wconf 89' lang='lat' dir='ltr'>ejus</span> <span class='ocrx_word' id='word_1_271' title='bbox 726 2486 796 2520; x_wconf 88' lang='lat' dir='ltr'>est</span> <span class='ocrx_word' id='word_1_272' title='bbox 816 2491 1043 2532; x_wconf 86' lang='lat' dir='ltr'>perquam</span> <span class='ocrx_word' id='word_1_273' title='bbox 1059 2481 1305 2521; x_wconf 91' lang='lat' dir='ltr'>benedicta</span> <span class='ocrx_word' id='word_1_274' title='bbox 1321 2482 1478 2522; x_wconf 88' lang='lat' dir='ltr'>anima</span> <span class='ocrx_word' id='word_1_275' title='bbox 1495 2484 1792 2534; x_wconf 80' lang='lat' dir='ltr'>maximoque</span> 
     </span>
     <span class='ocr_line' id='line_1_34' title="bbox 160 2549 1813 2604; baseline 0 -13"><span class='ocrx_word' id='word_1_276' title='bbox 160 2552 374 2602; x_wconf 86' lang='lat' dir='ltr'>exemplo</span> <span class='ocrx_word' id='word_1_277' title='bbox 395 2551 511 2590; x_wconf 90' lang='lat' dir='ltr'>aliis.</span> <span class='ocrx_word' id='word_1_278' title='bbox 536 2549 766 2590; x_wconf 90' lang='lat' dir='ltr'>Dominus</span> <span class='ocrx_word' id='word_1_279' title='bbox 787 2558 959 2602; x_wconf 82' lang='lat' dir='ltr'>augeat</span> <span class='ocrx_word' id='word_1_280' title='bbox 981 2551 1027 2591; x_wconf 90' lang='lat' dir='ltr'>in</span> <span class='ocrx_word' id='word_1_281' title='bbox 1050 2552 1117 2591; x_wconf 92' lang='lat' dir='ltr'>eis</span> <span class='ocrx_word' id='word_1_282' title='bbox 1137 2563 1272 2593; x_wconf 90' lang='lat' dir='ltr'>suum</span> <span class='ocrx_word' id='word_1_283' title='bbox 1294 2563 1516 2595; x_wconf 78' lang='lat' dir='ltr'>amorem.</span> <span class='ocrx_word' id='word_1_284' title='bbox 1807 2601 1813 2604; x_wconf 38' lang='grc'><strong>,</strong></span> 
     </span>
    </p>

    <p class='ocr_par' dir='ltr' id='par_1_5' title="bbox 160 2620 1792 3031">
     <span class='ocr_line' id='line_1_35' title="bbox 240 2620 1790 2676; baseline 0.004 -16"><span class='ocrx_word' id='word_1_285' title='bbox 240 2621 402 2661; x_wconf 86' lang='lat' dir='ltr'>Patres</span> <span class='ocrx_word' id='word_1_286' title='bbox 425 2628 563 2672; x_wconf 87' lang='lat' dir='ltr'>atque</span> <span class='ocrx_word' id='word_1_287' title='bbox 583 2620 753 2668; x_wconf 85' lang='lat' dir='ltr'>fratres</span> <span class='ocrx_word' id='word_1_288' title='bbox 774 2633 1000 2673; x_wconf 90' lang='lat' dir='ltr'>prospera</span> <span class='ocrx_word' id='word_1_289' title='bbox 1020 2621 1238 2663; x_wconf 88' lang='lat' dir='ltr'>fruuntur</span> <span class='ocrx_word' id='word_1_290' title='bbox 1259 2624 1547 2675; x_wconf 83' lang='lat' dir='ltr'>valetudine,</span> <span class='ocrx_word' id='word_1_291' title='bbox 1573 2625 1661 2665; x_wconf 91' lang='lat' dir='ltr'>Dei</span> <span class='ocrx_word' id='word_1_292' title='bbox 1687 2637 1790 2676; x_wconf 83' lang='lat' dir='ltr'>gra-</span> 
     </span>
     <span class='ocr_line' id='line_1_36' title="bbox 161 2692 1791 2747; baseline 0.003 -16"><span class='ocrx_word' id='word_1_293' title='bbox 161 2694 244 2743; x_wconf 79' lang='lat' dir='ltr'>tia3</span> <span class='ocrx_word' id='word_1_294' title='bbox 267 2692 443 2732; x_wconf 90' lang='lat' dir='ltr'>faciunt</span> <span class='ocrx_word' id='word_1_295' title='bbox 466 2692 575 2731; x_wconf 91' lang='lat' dir='ltr'>item</span> <span class='ocrx_word' id='word_1_296' title='bbox 595 2700 794 2742; x_wconf 85' lang='lat' dir='ltr'>magnos</span> <span class='ocrx_word' id='word_1_297' title='bbox 822 2698 917 2732; x_wconf 90' lang='lat' dir='ltr'>tam</span> <span class='ocrx_word' id='word_1_298' title='bbox 946 2693 993 2733; x_wconf 92' lang='lat' dir='ltr'>in</span> <span class='ocrx_word' id='word_1_299' title='bbox 1018 2693 1187 2733; x_wconf 88' lang='lat' dir='ltr'>litteris</span> <span class='ocrx_word' id='word_1_300' title='bbox 1215 2706 1354 2745; x_wconf 88' lang='lat' dir='ltr'>quarn</span> <span class='ocrx_word' id='word_1_301' title='bbox 1385 2696 1551 2747; x_wconf 87' lang='lat' dir='ltr'>spiritu</span> <span class='ocrx_word' id='word_1_302' title='bbox 1577 2707 1791 2747; x_wconf 83' lang='lat' dir='ltr'>progres-</span> 
     </span>
     <span class='ocr_line' id='line_1_37' title="bbox 162 2763 1792 2818; baseline 0.002 -15"><span class='ocrx_word' id='word_1_303' title='bbox 162 2775 254 2803; x_wconf 79' lang='lat' dir='ltr'>sus.</span> <span class='ocrx_word' id='word_1_304' title='bbox 278 2763 463 2803; x_wconf 89' lang='lat' dir='ltr'>Habent</span> <span class='ocrx_word' id='word_1_305' title='bbox 483 2773 705 2813; x_wconf 83' lang='lat' dir='ltr'>magnam</span> <span class='ocrx_word' id='word_1_306' title='bbox 726 2763 772 2802; x_wconf 92' lang='lat' dir='ltr'>in</span> <span class='ocrx_word' id='word_1_307' title='bbox 793 2763 956 2803; x_wconf 91' lang='lat' dir='ltr'>studiis</span> <span class='ocrx_word' id='word_1_308' title='bbox 977 2763 1386 2813; x_wconf 82' lang='lat' dir='ltr'>exercitationem,</span> <span class='ocrx_word' id='word_1_309' title='bbox 1410 2777 1633 2815; x_wconf 78' lang='lat' dir='ltr'>magnum</span> <span class='ocrx_word' id='word_1_310' title='bbox 1660 2778 1792 2818; x_wconf 88' lang='lat' dir='ltr'>prae-</span> 
     </span>
     <span class='ocr_line' id='line_1_38' title="bbox 161 2833 1791 2889; baseline 0.002 -15"><span class='ocrx_word' id='word_1_311' title='bbox 161 2841 289 2874; x_wconf 89' lang='lat' dir='ltr'>terea</span> <span class='ocrx_word' id='word_1_312' title='bbox 312 2834 533 2880; x_wconf 89' lang='lat' dir='ltr'>ordinem;</span> <span class='ocrx_word' id='word_1_313' title='bbox 560 2833 730 2872; x_wconf 89' lang='lat' dir='ltr'>habent</span> <span class='ocrx_word' id='word_1_314' title='bbox 751 2840 936 2884; x_wconf 85' lang='lat' dir='ltr'>praeter</span> <span class='ocrx_word' id='word_1_315' title='bbox 958 2845 1070 2874; x_wconf 88' lang='lat' dir='ltr'>suas</span> <span class='ocrx_word' id='word_1_316' title='bbox 1085 2834 1383 2885; x_wconf 85' lang='lat' dir='ltr'>quotidianas</span> <span class='ocrx_word' id='word_1_317' title='bbox 1399 2836 1649 2877; x_wconf 89' lang='lat' dir='ltr'>lectionum</span> <span class='ocrx_word' id='word_1_318' title='bbox 1665 2850 1791 2889; x_wconf 87' lang='lat' dir='ltr'>repe-</span> 
     </span>
     <span class='ocr_line' id='line_1_39' title="bbox 160 2905 1791 2959; baseline 0.002 -13"><span class='ocrx_word' id='word_1_319' title='bbox 160 2906 349 2946; x_wconf 86' lang='lat' dir='ltr'>titiones</span> <span class='ocrx_word' id='word_1_320' title='bbox 371 2905 510 2946; x_wconf 89' lang='lat' dir='ltr'>etiam</span> <span class='ocrx_word' id='word_1_321' title='bbox 531 2915 640 2945; x_wconf 88' lang='lat' dir='ltr'>suas</span> <span class='ocrx_word' id='word_1_322' title='bbox 663 2905 988 2944; x_wconf 84' lang='lat' dir='ltr'>conclusiones</span> <span class='ocrx_word' id='word_1_323' title='bbox 1015 2905 1320 2955; x_wconf 83' lang='lat' dir='ltr'>theologicas.</span> <span class='ocrx_word' id='word_1_324' title='bbox 1351 2906 1603 2959; x_wconf 87' lang='lat' dir='ltr'>Postquam</span> <span class='ocrx_word' id='word_1_325' title='bbox 1632 2908 1681 2948; x_wconf 88' lang='lat' dir='ltr'>P.</span> <span class='ocrx_word' id='word_1_326' title='bbox 1714 2921 1791 2949; x_wconf 92' lang='lat' dir='ltr'>no-</span> 
     </span>
     <span class='ocr_line' id='line_1_40' title="bbox 161 2975 1792 3031; baseline 0.002 -15"><span class='ocrx_word' id='word_1_327' title='bbox 161 2983 255 3016; x_wconf 88' lang='lat' dir='ltr'>ster</span> <span class='ocrx_word' id='word_1_328' title='bbox 290 2975 502 3026; x_wconf 83' lang='lat' dir='ltr'>Baptista</span> <span class='ocrx_word' id='word_1_329' title='bbox 538 2975 869 3025; x_wconf 89' lang='lat' dir='ltr'>interpretatus</span> <span class='ocrx_word' id='word_1_330' title='bbox 905 2981 974 3016; x_wconf 86' lang='lat' dir='ltr'>est</span> <span class='ocrx_word' id='word_1_331' title='bbox 1010 2976 1276 3022; x_wconf 80' lang='lat' dir='ltr'>lectionem,</span> <span class='ocrx_word' id='word_1_332' title='bbox 1319 2977 1406 3028; x_wconf 90' lang='lat' dir='ltr'>ipsi</span> <span class='ocrx_word' id='word_1_333' title='bbox 1441 2990 1544 3018; x_wconf 86' lang='lat' dir='ltr'>eam</span> <span class='ocrx_word' id='word_1_334' title='bbox 1578 2986 1792 3031; x_wconf 86' lang='lat' dir='ltr'>repetunt</span> 
     </span>
    </p>
   </div>
  </div>
 </body>
</html>
