2074 3179
210 108 281 144 208
726 107 953 146 L1TTERAE
980 119 1340 151 QUADmMEsTREs

892 559 1143 614 LXXXI
1156 563 1181 615 [

287 788 335 825 P.
353 788 547 835 Joannes
567 787 768 835 Baptista
791 788 919 826 Viola

335 853 456 891 Patri
474 853 644 901 Ignatio
664 852 718 891 de
736 852 920 901 Loyola.

383 919 579 965 Parisiis,
603 919 618 955 1
640 918 745 967 Maji
766 918 853 957 1551
879 920 890 940 ¹

994 1132 1091 1174 IHS

300 1273 465 1314 Gratia
486 1279 530 1314 et
551 1286 646 1326 pax
668 1280 755 1315 etc.

300 1345 404 1385 Non
432 1345 678 1386 immemor
704 1346 841 1387 officii
873 1347 964 1387 mei
990 1353 1034 1388 et
1061 1348 1144 1388 abs
1181 1354 1224 1388 te
1260 1347 1456 1399 injuncti
1490 1347 1605 1388 mihi
1639 1348 1859 1395 muneris

220 1417 424 1457 scribam
446 1417 506 1457 ad
526 1422 585 1468 te,
615 1416 669 1457 R.
699 1417 747 1458 in
772 1417 894 1470 Xpo.
930 1417 1002 1458 P.r
1025 1451 1033 1470 ‚
1064 1430 1182 1470 quae
1209 1419 1297 1459 hoc
1324 1419 1512 1459 evoluto
1533 1419 1863 1470 quadrimestri

225 1494 360 1539 gesta
380 1494 502 1529 sunt.

301 1559 539 1612 Principio
560 1559 747 1611 quidem
767 1560 878 1601 illud
900 1561 1069 1613 dicam,
1093 1562 1341 1613 plerosque
1366 1562 1413 1601 in
1433 1561 1540 1601 aula
1568 1562 1701 1612 regia
1730 1561 1864 1601 nobis

223 1631 473 1682 obstitisse,
498 1632 746 1683 quominus
766 1631 868 1673 Rex
894 1632 1193 1684 privilegium
1219 1632 1432 1684 erigendi
1457 1632 1643 1684 collegii
1671 1632 1719 1672 in
1745 1632 1866 1673 Aca-

223 1702 377 1742 demia
409 1703 637 1743 lutetiana
673 1704 952 1744 concederet
987 1703 1211 1745 Societati
1241 1710 1447 1756 nostrae3
1471 1704 1583 1756 quin
1612 1703 1754 1744 etiam
1773 1716 1867 1744 non

224 1785 404 1825 paucos
427 1779 684 1815 attentasse
704 1787 761 1815 ne
782 1775 1104 1827 Lotharingus
1125 1775 1391 1816 Cardinalis
1417 1774 1452 1826 ⁹³,
1485 1775 1869 1827 congregationis

224 1853 414 1886 nostrae
437 1846 826 1897 studiosissimus,
850 1847 907 1886 ab
929 1847 1031 1899 ipso
1053 1846 1182 1898 Rege
1207 1846 1299 1887 hoc
1328 1847 1451 1887 idem
1471 1847 1763 1898 impetraret3
1788 1846 1869 1887 sed

225 1916 314 1956 Dei
329 1917 641 1969 providentia,
662 1930 782 1970 quae
798 1919 1030 1959 malorum
1042 1919 1283 1959 hominum
1299 1925 1498 1959 conatus
1515 1918 1698 1969 evertit,
1713 1919 1759 1959 in
1771 1929 1870 1958 rem

224 1994 437 2028 nostram
457 1989 738 2040 praevaluit3
762 2001 872 2029 nam
889 1996 933 2030 et
951 1989 1215 2030 Cardinalis
1232 1989 1552 2041 Lotharingus
1573 2001 1674 2030 sese
1686 2000 1870 2030 murum

226 2059 316 2099 hac
338 2060 385 2100 in
405 2071 456 2100 re
483 2072 568 2112 pro
596 2061 735 2101 domo
763 2059 853 2101 Dei
873 2061 1048 2113 posuit,
1079 2061 1379 2113 privilegium
1406 2060 1517 2102 illud
1544 2073 1637 2102 non
1664 2062 1814 2101 solum
1845 2073 1871 2101 3

226 2129 377 2183 Rege,
407 2143 572 2172 verum
599 2132 741 2172 etiam
769 2132 827 2172 ab
857 2132 1067 2173 interiori
1095 2132 1302 2173 Consilio
1331 2132 1478 2184 Regis
1508 2138 1551 2173 et
1579 2132 1871 2173 Cancellario

228 2201 491 2243 Galliarum
513 2203 813 2254 obsignatum
834 2209 1136 2255 extorquenS,
1161 2202 1307 2255 cujus,
1330 2203 1377 2244 ni
1398 2202 1549 2255 fallor,
1574 2203 1634 2244 ad
1654 2215 1741 2244 vos
1763 2214 1873 2244 mox

228 2275 494 2326 exemplum
514 2274 653 2315 misit.
676 2274 781 2315 Non
804 2280 1051 2315 contentus
1074 2281 1231 2315 tamen
1249 2275 1438 2326 sathan,
1464 2275 1616 2315 omnis
1636 2275 1747 2315 boni
1768 2286 1874 2326 ope·
1897 2300 1906 2307 -

227 2344 294 2384 ris
328 2344 540 2397 invidus,
571 2352 769 2386 conatur
796 2346 938 2386 etiam
964 2357 1049 2386 nos
1085 2345 1370 2397 defatigatos
1400 2345 1616 2397 reddere,
1640 2357 1697 2386 ne
1721 2346 1874 2386 incoe-

229 2422 361 2468 ptum
393 2428 510 2468 opus
538 2417 861 2468 absolvamus,
892 2430 951 2457 ex
976 2428 1068 2469 quo
1095 2429 1321 2468 magnum
1347 2418 1603 2469 praesentit
1634 2417 1873 2458 Ecclesiae

230 2485 321 2528 Dei
342 2487 547 2529 fructum
567 2494 928 2540 proventurum;
950 2499 1060 2528 nam
1083 2499 1190 2528 cum
1210 2488 1275 2529 ita
1297 2494 1485 2529 cautum
1512 2489 1571 2528 sit
1600 2488 1781 2539 legibus
1802 2499 1873 2528 re-

230 2559 341 2610 giis,
374 2565 423 2599 ut
458 2559 613 2600 omnia
650 2559 915 2612 hujusmodi
945 2559 1123 2599 indulta
1148 2560 1281 2611 regia
1311 2560 1453 2600 etiam
1482 2571 1508 2599 3
1540 2558 1715 2599 Senatu
1744 2558 1877 2599 Pari·

232 2630 375 2670 siensi
395 2631 627 2682 legantur,
650 2642 738 2671 nec
760 2630 806 2670 in
830 2630 1077 2671 annalibus
1099 2630 1405 2671 admittantur
1427 2630 1696 2681 scribenda,
1727 2630 1818 2670 nisi
1850 2642 1874 2670 e

231 2713 327 2754 rep.
352 2702 590 2754 gallicana
611 2702 668 2742 ab
690 2702 791 2754 ipso
813 2700 988 2742 Senatu
1009 2713 1111 2741 esse
1128 2699 1417 2752 judicentur,
1439 2701 1595 2742 omnia
1623 2701 1779 2741 turbat
1810 2702 1879 2741 in-

286 2884 297 2905 ί
338 2885 586 2920 Apographum
602 2886 634 2913 in
650 2885 706 2912 fol.
721 2885 755 2912 20
771 2884 903 2913 Codicis
923 2884 1003 2911 1551.

286 2933 300 2951 ²
339 2932 482 2960 Carolus
498 2932 539 2960 de
556 2932 674 2961 Guisa.
691 2933 777 2960 Vide
793 2932 960 2965 Pomxco,
980 2930 1115 2962 chron„
1130 2935 1153 2957 t.
1170 2937 1202 2963 11,
1221 2939 1300 2965 pag.
1315 2933 1359 2964 00,
1377 2935 1444 2959 not.
1461 2933 1483 2961 1.
