2074 3179
868 154 950 190 Ax.
984 154 1070 192 1551
1717 155 1789 193 233

156 252 280 302 chio,
305 251 382 302 qui
408 256 453 291 et
478 251 576 302 ipse
603 262 776 302 magna
803 262 908 291 cum
937 250 1260 291 aedificatione
1295 251 1412 291 vixit
1449 252 1710 301 nobiscum,
1742 258 1786 292 et

155 322 262 362 hinc
297 333 437 372 aegre
465 321 630 361 dimitti
657 322 829 372 potuit,
863 321 985 373 quod
1015 322 1061 361 in
1088 321 1403 373 professorem
1431 322 1665 372 publicum
1689 322 1786 373 jam

155 394 233 433 diu
255 405 310 433 ac
331 393 525 432 multum
547 398 668 432 esset
685 393 933 444 expetitus.

235 464 295 505 Ut
323 463 516 515 propius
544 462 603 503 ad
630 470 791 504 nostra
820 464 1029 514 veniam,
1061 463 1186 503 haud
1214 474 1330 514 opus
1359 462 1461 502 fore
1492 470 1604 514 puto
1633 463 1789 502 multis

154 535 228 575 hic
249 540 459 586 repetere
489 533 640 574 studia
672 535 831 585 solita,
861 535 1204 586 praelectiones
1234 534 1343 574 item
1377 540 1514 584 atque
1538 534 1788 573 conciones

154 611 360 654 nostras,
384 605 431 645 in
458 605 623 656 quibus
650 606 813 645 eodem
841 606 958 645 duce
987 604 1328 657 progredimur,
1362 616 1452 656 quo
1481 605 1683 656 primum
1709 616 1787 644 au-

152 676 285 716 thore
307 677 559 728 coepimus,
584 676 768 717 Christo
789 676 900 729 Jesu
921 676 1120 716 Domino
1142 681 1317 726 nostro,
1342 676 1419 715 cui
1439 676 1620 726 gratias
1642 676 1785 715 etiam

154 747 338 798 agimus
364 748 421 787 ob
457 754 646 787 auctum
677 746 773 798 jam
809 747 1073 787 auditorum
1108 758 1366 786 numerum.
1398 745 1494 786 Nec
1525 746 1674 786 maior
1703 746 1788 786 fuit

156 830 361 870 unquam
382 824 461 858 aut
482 818 646 858 melior
668 818 955 869 Theologiae
976 818 1052 858 hic
1074 818 1411 858 restaurandae
1434 829 1555 869 spes,
1580 829 1790 869 praeser—

154 891 236 930 tim
258 901 399 941 quum
419 890 566 930 multa
587 895 848 929 tractentur
869 889 924 929 de
946 889 1118 940 duplici
1141 889 1339 940 collegio
1362 888 1645 928 extruendo:
1680 889 1788 928 alte-

153 973 258 1001 rum
285 959 510 1001 Societati
542 966 732 1000 nostrae
762 960 1046 1000 destinatum
1075 966 1214 1011 atque
1243 960 1528 1012 promissum
1558 965 1650 1010 est,
1682 960 1789 999 alte-

153 1044 256 1072 rum
290 1030 594 1072 Scholasticis
625 1031 910 1081 Theologiae
945 1030 1266 1081 constituetur,
1304 1030 1383 1081 iis,
1423 1031 1500 1082 qui
1536 1030 1790 1081 aliquando

153 1103 355 1144 ministri
391 1102 696 1142 ecclesiarum
724 1101 769 1140 in
797 1101 1052 1143 Germania
1082 1113 1184 1141 esse
1222 1102 1367 1142 velint
1394 1113 1449 1141 ac
1478 1102 1673 1153 possint.
1706 1101 1790 1141 Po-

152 1174 321 1214 sterius
341 1174 429 1213 hoc
452 1178 613 1213 nostro
637 1171 827 1223 adjungi
854 1173 1052 1223 collegio
1078 1173 1257 1223 volunt,
1292 1178 1343 1212 ut
1370 1172 1494 1212 haud
1524 1173 1687 1224 procul
1714 1173 1791 1212 ab·

151 1245 261 1296 sint,
285 1256 400 1296 quos
422 1244 523 1294 regi
543 1249 588 1283 et
609 1243 787 1283 institui
808 1255 835 1282 a
856 1243 989 1283 nobis
1020 1243 1311 1293 desiderant,
1352 1244 1676 1284 existimantes
1698 1244 1787 1284 hoc

150 1322 288 1367 pacto
311 1326 452 1367 quam
473 1314 645 1366 optime
666 1314 887 1354 collocari
908 1320 1141 1365 sumptus,
1167 1326 1282 1365 quos
1303 1326 1426 1354 nunc
1460 1315 1693 1354 maximos
1713 1327 1780 1355 re-

150 1387 259 1438 cipit
276 1387 393 1427 haec
410 1385 667 1435 academia,
690 1385 765 1425 cui
782 1397 808 1425 a
825 1384 1047 1425 Pontifice
1067 1385 1274 1425 Maximo
1292 1397 1567 1425 concessum
1590 1392 1659 1426 est
1677 1385 1779 1426 dae-

149 1469 275 1498 mum
297 1462 323 1508 ¹,
346 1463 395 1497 ut
417 1469 475 1497 ex
495 1457 758 1496 vicinorum
786 1456 1213 1496 ecclesiasticorum
1238 1456 1546 1507 proventibus
1573 1456 1780 1496 decimas

151 1529 359 1580 integras
382 1529 524 1568 semel
545 1536 683 1579 atque
705 1528 873 1567 iterum
894 1527 1115 1578 colligere
1137 1527 1298 1578 possit.

228 1600 497 1640 Precandus
518 1605 587 1639 est
614 1606 739 1639 certe
768 1598 998 1639 Dominus
1024 1598 1455 1639 misericordiarum
1483 1605 1531 1638 ut
1562 1599 1687 1638 nullo
1716 1599 1780 1638 in-

149 1671 437 1712 terturbante
474 1669 699 1722 procedat
736 1670 826 1710 hoc
864 1669 1036 1721 duplex
1075 1669 1344 1721 collegium,
1389 1669 1780 1721 quemadmodum

149 1742 296 1782 Ducis
315 1741 619 1782 illustrissimi
640 1741 922 1791 consiliario,
947 1752 1088 1792 quum
1108 1741 1185 1781 hic
1205 1746 1342 1791 esset,
1366 1752 1448 1792 per
1470 1740 1558 1780 Dei
1575 1741 1778 1791 gratiam

149 1813 467 1865 persuasimus
494 1818 538 1852 et
564 1811 578 1830 ‘²
605 1812 684 1863 qui
709 1812 797 1852 hoc
825 1812 1089 1852 institutum
1115 1824 1165 1851 se
1193 1811 1341 1851 modis
1370 1812 1583 1852 omnibus
1616 1824 1777 1863 appro-

150 1885 263 1924 bare
293 1890 431 1935 atque
459 1894 738 1934 promovere
771 1883 890 1923 velle
918 1883 1054 1934 dixit,
1091 1894 1237 1934 eoque
1275 1888 1547 1922 curaturum
1578 1895 1627 1923 se
1661 1883 1782 1923 mitti

150 1956 329 1995 litteras
349 1954 495 1995 Ducis
516 1955 588 1994 sui
609 1953 622 1973 ⁵
643 1960 740 1994 tum
762 1954 821 1994 ad
841 1954 1113 1994 Pontificem
1142 1953 1398 1994 Maximum
1428 1960 1526 1994 tum
1554 1954 1613 1994 ad
1640 1953 1693 1994 R.
1725 1954 1778 1994 T.

150 2026 355 2067 Haberet
374 2037 467 2066 non
489 2026 629 2077 paulo
651 2026 816 2065 melius
837 2025 1112 2075 Germania,
1136 2025 1175 2064 si
1197 2025 1408 2075 studiosi,
1432 2031 1529 2065 tum
1552 2025 1611 2065 ad
1636 2025 1779 2076 pieta-

149 2104 256 2148 tem,
280 2109 307 2137 a
327 2109 417 2149 qua
434 2097 531 2137 fere
550 2097 818 2143 obhorrent,
837 2101 936 2136 tum
953 2095 1013 2136 ad
1028 2095 1350 2147 Theologiam,
1370 2108 1489 2147 quae
1507 2096 1596 2136 illis
1615 2096 1777 2136 odiosa

148 2168 273 2208 sacta
290 2174 374 2217 est,
396 2166 636 2207 assuefieri
652 2172 857 2218 possent,
877 2179 932 2207 ac
953 2166 1232 2218 praesertim
1254 2166 1318 2216 (ut
1338 2167 1451 2206 mihi
1472 2166 1672 2217 videtur)
1694 2167 1733 2207 si
1754 2178 1780 2206 a

150 2239 324 2288 nostris
344 2238 712 2278 instituerentur.

230 2309 459 2350 Curamus
492 2320 615 2348 nunc
643 2314 692 2348 ut
716 2308 775 2348 ad
804 2308 1135 2360 disputandum
1165 2308 1213 2348 in
1245 2307 1385 2348 aedes
1409 2314 1596 2348 nostras
1622 2308 1783 2348 venire

150 2386 349 2433 pergant
370 2379 760 2430 hebdomadatim,
779 2379 844 2419 ita
859 2380 1016 2419 multis
1032 2379 1160 2419 horis
1175 2379 1222 2419 in
1238 2378 1499 2419 Dialectica
1517 2385 1561 2419 et
1579 2378 1782 2430 Physica

151 2457 370 2492 exercent
391 2463 513 2502 sese,
536 2462 622 2490 nos
641 2449 881 2502 praesides
902 2450 1144 2502 adsumus,
1175 2456 1219 2490 et
1249 2450 1308 2491 ad
1335 2450 1601 2502 disputandi
1629 2462 1779 2500 usum,

151 2524 229 2575 qui
248 2523 323 2563 hic
339 2522 513 2563 interiit
528 2533 660 2573 pene,
680 2533 960 2562 revocamus
982 2522 1187 2562 delectos
1218 2522 1392 2573 aliquot
1419 2522 1661 2572 bonaeque
1684 2522 1783 2573 spei

150 2594 484 2634 adolescentes.
515 2592 654 2633 Faxit
687 2592 916 2632 Dominus
943 2598 1006 2643 ut,
1037 2593 1158 2633 sicut
1186 2593 1234 2632 in
1260 2593 1423 2643 literis,
1454 2593 1521 2632 sic
1549 2592 1595 2632 in
1618 2592 1783 2644 spiritu

204 2729 213 2748 ¹
253 2729 308 2756 Sic
326 2729 493 2756 Canisius.

202 2777 216 2796 2
254 2777 315 2804 His
339 2776 465 2804 Canisii
493 2775 609 2802 verbis
632 2778 699 2809 per
723 2774 790 2802 Dei
815 2776 972 2809 gratiam
998 2778 1251 2810 persuasimus
1277 2779 1308 2804 el
1336 2775 1511 2803 substituit
1539 2776 1705 2803 Polaneus
1733 2777 1782 2803 vi-

151 2830 230 2850 sum
247 2825 309 2851 est.

203 2871 216 2889 ⁵
254 2870 408 2898 Canisius
423 2871 569 2898 dixerat:
587 2878 692 2904 eoque
709 2871 905 2898 missurum
921 2879 958 2899 se
973 2872 1132 2905 lz'tterass
1146 2872 1204 2899 sed
1220 2872 1272 2899 his
1287 2872 1420 2905 deletis,
1434 2872 1591 2906 apposuit
1607 2872 1639 2899 in
1651 2879 1710 2899 ora
1726 2879 1784 2906 pa-

151 2918 249 2951 ginae
266 2917 442 2951 Polaneus,
460 2919 555 2952 signo
572 2918 686 2945 addito
702 2922 738 2945 ut
754 2918 859 2946 textui
876 2919 1106 2947 insererentur
1121 2920 1206 2947 haec
1226 2919 1311 2947 alia:
1337 2921 1547 2946 curaturum
1563 2926 1601 2946 se
1618 2919 1714 2946 mitti
1726 2919 1782 2945 lit-

152 2967 249 2993 teras
263 2965 373 2993 Ducis
387 2966 456 2993 sui.
