2074 3179
894 137 977 174 AN.
1011 138 1096 175 1551
1738 140 1809 178 283

184 233 269 273 suit
290 233 474 284 ingrata
497 233 672 274 isthaec
694 240 854 274 nostra
872 245 1014 286 opera
1036 234 1104 284 iis,
1130 245 1327 285 quorum
1348 235 1620 275 authoritati
1643 249 1696 276 ac
1719 238 1809 277 offi-

183 304 246 343 tio
272 304 482 344 sananda
517 304 594 343 illa
620 305 815 344 vulnera
851 305 1266 345 committebamus.
1305 305 1360 344 Et
1392 316 1496 344 cum
1531 318 1623 345 non
1659 307 1810 348 desint

181 374 314 414 bonis
334 374 604 425 parentibus
625 374 705 414 filii
724 376 848 425 mali,
873 387 990 426 quos
1007 375 1185 415 utinam
1206 375 1475 415 academiae
1497 378 1648 416 nullos
1670 378 1804 418 habe-

180 450 296 494 rent,
333 456 419 484 nos
452 451 684 496 parentes,
710 446 797 485 etsi
826 447 988 497 procul
1017 445 1286 497 disjunctos,
1323 457 1405 497 per
1439 447 1619 487 litteras
1653 448 1807 489 admo—

178 515 362 555 nuimus
388 515 434 554 in
456 521 663 567 tempore
698 516 784 556 sibi
819 516 1014 568 filiisque
1045 517 1341 556 consulerent
1375 517 1504 566 bene,
1538 523 1808 559 coercerent

179 587 346 626 aetatis
371 586 493 626 illius
527 593 571 626 et
604 587 772 627 indolis
801 588 1126 639 petulantiam,
1156 587 1370 628 viderent
1391 594 1440 628 ut
1465 588 1544 628 filii
1565 589 1807 630 honestius

178 662 222 696 et
257 657 430 697 rectius
468 657 832 698 instituerentur.
876 658 980 711 Jam
1014 659 1121 709 quia
1158 658 1378 709 puniendi
1415 666 1549 699 erant
1581 661 1802 712 nonnulli,

176 728 251 767 vel
272 728 329 767 ob
350 729 531 779 peccati
552 729 934 780 magnitudinem,
959 730 1032 769 vel
1051 729 1095 769 in
1123 729 1321 769 aliorum
1347 731 1626 781 exemplum,
1651 732 1726 771 vel
1747 733 1804 772 ob

176 798 467 839 retinendam
494 806 700 840 veterem
727 800 1042 851 disciplinam:
1074 800 1174 850 alii,
1206 800 1315 851 quia
1342 800 1625 841 insanabiles
1656 808 1701 842 et
1729 802 1801 842 de-

175 870 350 920 sperati
378 869 661 921 viderentur,
700 871 746 910 in
781 870 971 910 exilium
1005 871 1118 919 acti;
1156 871 1233 910 alii
1266 871 1477 922 graviter
1512 872 1800 923 reprehensi,

173 951 323 991 neque
350 941 642 981 sermonibus
672 946 870 991 tantum,
902 941 983 981 sed
1013 941 1153 981 etiam
1179 953 1370 981 carcere
1398 942 1640 993 castigati,
1679 944 1802 995 quod

172 1011 335 1051 melius
369 1012 523 1051 curari
557 1023 650 1051 non
682 1023 820 1063 posse
859 1012 1258 1063 existimarentur,
1300 1013 1378 1052 alii
1416 1013 1801 1066 chyrographum

172 1081 283 1121 dare
301 1081 418 1133 jussi
438 1092 482 1122 et
503 1082 666 1122 sistere
695 1081 1007 1133 fideijussores
1036 1083 1260 1123 admoniti
1288 1083 1344 1123 de
1371 1084 1496 1124 vitae
1529 1096 1641 1124 suae
1677 1086 1800 1125 seria

171 1153 475 1192 correctione.
498 1152 547 1192 In
570 1153 880 1193 condonanda
901 1166 1024 1193 noxa
1047 1153 1335 1194 conditiones
1356 1156 1678 1207 praescriptae
1701 1168 1798 1197 cer-

170 1230 260 1274 tae;
278 1224 511 1263 nonnullis
528 1224 726 1275 quidem,
747 1231 796 1264 ut
814 1225 860 1264 in
876 1224 974 1264 dies
993 1225 1182 1276 aliquot,
1204 1226 1308 1265 aliis
1324 1232 1372 1265 ut
1394 1226 1440 1266 in
1457 1226 1798 1268 hebdomadam

169 1300 213 1334 et
234 1294 431 1345 amplius
452 1294 737 1334 abstinerent
758 1306 951 1345 prorsus
973 1307 999 1334 a
1016 1295 1141 1345 vino,
1165 1296 1296 1347 quus
1317 1308 1403 1337 usu
1424 1297 1620 1338 fuissent
1643 1299 1794 1349 abusi;

168 1364 443 1416 quibusdam
462 1371 512 1405 ut
533 1377 665 1405 arma
684 1366 811 1405 nulla
838 1365 1095 1415 deferrent3
1125 1367 1228 1406 aliis
1262 1373 1309 1407 ut
1337 1367 1396 1407 ad
1425 1375 1603 1409 certam
1630 1369 1799 1410 horam

166 1436 352 1487 Vesperi
378 1442 533 1476 essent
562 1436 709 1486 domi,
747 1448 840 1476 non
876 1437 1113 1487 egressuri
1141 1443 1248 1477 ante
1277 1439 1448 1488 lucem;
1478 1446 1725 1490 praeterea
1747 1446 1797 1480 ut

164 1506 369 1546 redirent
395 1507 593 1558 singulis
620 1507 875 1558 mensibus,
906 1513 950 1547 et
986 1507 1235 1559 probatum
1264 1508 1500 1549 adferrent
1527 1510 1715 1551 Rectori
1737 1518 1797 1552 te-

164 1577 433 1618 stimonium
466 1578 522 1618 de
542 1578 668 1618 vitae
699 1590 810 1618 suae
831 1578 1133 1618 institutione.
1159 1579 1394 1630 Breviter,
1418 1592 1513 1620 non
1554 1581 1801 1622 charitatis

162 1648 314 1699 modo,
338 1648 419 1688 sed
440 1649 581 1689 etiam
597 1648 802 1700 justitiae
820 1649 1110 1689 exercendae
1130 1650 1262 1690 locus
1284 1651 1524 1702 multiplex
1547 1651 1683 1692 datus
1705 1660 1789 1701 est,

162 1719 424 1759 admirante
458 1731 530 1759 me
560 1731 651 1771 quo
685 1726 824 1771 pacto
850 1719 981 1760 fieret
1014 1726 1077 1771 ut,
1108 1732 1202 1760 non
1235 1720 1452 1762 diversae
1482 1729 1680 1769 tantum,
1713 1725 1794 1764 sed

159 1790 299 1830 etiam
320 1791 585 1830 contrariae
605 1790 882 1841 functiones,
906 1791 953 1831 in
982 1803 1074 1831 una
1102 1792 1191 1831 hac
1217 1799 1371 1832 essent
1393 1791 1648 1843 Societate,
1681 1794 1792 1835 dum

157 1861 235 1901 alii
256 1862 470 1912 captivos
491 1861 787 1912 redimerent,
812 1873 900 1912 ego
922 1862 1153 1902 mitterem
1174 1863 1221 1902 in
1237 1875 1490 1914 carcerem,
1515 1865 1593 1904 alii
1616 1865 1793 1906 demul-

156 1938 315 1972 cerent
336 1933 496 1983 iratos,
520 1933 879 1973 reconciliarent
900 1933 1122 1983 offenSOS,
1147 1944 1235 1984 ego
1257 1935 1529 1985 plecterem,
1563 1942 1607 1975 et
1639 1936 1787 1987 objur-

155 2014 333 2055 garem,
359 2009 403 2043 et
424 2010 665 2053 terrerem,
690 2010 734 2044 et
752 2004 1038 2054 castigarem
1058 2004 1310 2055 improbos.

234 2074 372 2114 Faxit
392 2075 630 2126 piissimus
656 2074 884 2114 Dominus
904 2074 1062 2127 Jesus,
1086 2081 1135 2114 ut
1158 2075 1349 2126 perinde
1377 2087 1433 2116 ac
1460 2076 1601 2127 periti
1624 2077 1793 2117 medici

155 2145 324 2196 solent,
367 2145 426 2185 ad
461 2156 621 2185 omnes
657 2145 863 2185 omnium
901 2144 1192 2185 infirmitates
1233 2158 1318 2186 nos
1361 2148 1789 2198 accommodemus,

156 2216 311 2255 omnia
339 2216 451 2255 facti
482 2215 716 2266 omnibus,
746 2222 796 2256 ut
823 2217 992 2256 multos
1024 2216 1389 2257 lucrifaciamus.
1417 2216 1671 2269 Postquam
1700 2219 1790 2259 hoc

154 2298 323 2327 munus
344 2287 557 2338 deposui,
591 2287 714 2338 quod
741 2293 866 2327 certe
894 2287 1069 2327 invitus
1097 2286 1348 2327 admodum
1375 2289 1580 2340 suscepi,
1609 2295 1654 2330 et
1676 2289 1787 2329 indi-

153 2369 274 2409 gnus
295 2358 636 2408 administravi,
661 2357 896 2398 reddenda
918 2358 1002 2398 fuit
1024 2358 1204 2410 accepti
1225 2364 1269 2398 et
1291 2358 1389 2399 dati
1414 2360 1548 2399 ratio.

231 2428 484 2469 Pecuniam
509 2434 813 2468 numerarunt
842 2440 982 2480 quam
1001 2441 1087 2480 pro
1109 2441 1237 2469 more
1259 2430 1448 2470 solvunt
1470 2430 1680 2482 Rectori;
1704 2433 1785 2472 sed

152 2506 421 2540 constanter
455 2500 626 2550 negavi
659 2511 732 2539 me
767 2506 1070 2551 accepturum
1105 2501 1372 2552 quicquam3
1404 2513 1497 2541 non
1529 2502 1651 2542 enim
1682 2514 1784 2543 esse

151 2582 327 2610 morem
347 2570 570 2611 Societati
590 2577 794 2621 nostrae,
818 2582 902 2621 pro
920 2583 1155 2623 quoquam
1172 2571 1320 2611 officio
1338 2572 1412 2611 vel
1429 2584 1621 2613 munere
1639 2573 1781 2613 admi-

151 2641 347 2681 nistrato
365 2652 554 2693 sperare
571 2647 650 2681 aut
665 2641 874 2692 recipere
893 2641 1072 2682 isthaec
1090 2642 1313 2693 praemia:
1330 2648 1659 2684 converterent
1676 2644 1780 2696 ipsi,

151 2712 190 2752 si
216 2713 407 2762 vellent,
440 2712 562 2764 quod
589 2712 701 2751 mihi
727 2711 971 2761 offerrent,
995 2713 1041 2752 in
1069 2713 1171 2764 pios
1198 2725 1309 2753 usus
1337 2713 1474 2753 alios:
1508 2721 1580 2753 sat
1601 2726 1703 2755 esse
1725 2716 1779 2766 si,

151 2782 271 2822 unde
293 2788 508 2834 suppetat
528 2783 654 2822 vitae
674 2783 958 2833 necessitati,
982 2783 1028 2823 in
1045 2783 1167 2823 diem
1187 2783 1478 2824 haberemus
1504 2785 1560 2824 Et
1582 2785 1663 2825 vix
1679 2797 1779 2837 per-

152 2853 278 2892 suasi
302 2853 503 2905 tandem,
528 2865 614 2893 nec
635 2853 793 2893 dubito
814 2854 925 2904 quin
941 2854 1080 2894 tacite
1098 2854 1339 2904 probarint
1359 2853 1606 2895 Societatis
1626 2868 1776 2896 exem-

151 2923 290 2973 plum.
315 2923 500 2964 Christo
529 2924 586 2963 sit
608 2923 757 2963 omnis
783 2924 934 2964 honor
956 2930 1000 2964 et
1021 2924 1191 2975 gloria,
1216 2935 1353 2976 quem
1374 2930 1418 2965 et
1440 2926 1642 2967 maxime
1664 2939 1770 2967 cun-
