2074 3179
897 177 980 214 AN.
1012 177 1105 215 1552
1747 179 1812 215 711

186 277 327 312 retur.
352 272 537 323 Quanta
558 273 700 313 animi
722 274 984 314 constantia
1005 280 1049 315 et
1070 273 1300 326 intrepido
1318 274 1448 314 vultu
1464 279 1508 314 et
1524 275 1699 327 absque
1720 276 1815 316 ullo

186 354 423 384 murmure
443 344 761 384 acutissimam
781 345 957 385 febrem
981 345 1146 396 viginti
1166 345 1264 386 dies
1285 357 1453 397 passus
1474 346 1555 396 sit,
1578 357 1714 386 nemo
1737 358 1814 386 no-

185 419 331 454 strum
352 420 421 455 est
443 415 519 466 qui
539 415 737 464 nesciat,
766 416 906 456 immo
925 416 1004 468 qui
1030 428 1124 456 non
1151 416 1327 456 intimis
1355 416 1498 457 animi
1524 417 1815 468 praecordiis

184 485 325 524 talem
345 485 430 525 sibi
451 492 648 526 mortem
669 487 825 539 eligat.
850 486 1141 528 Decreverat
1164 487 1238 527 ille
1258 487 1381 528 bona
1403 499 1487 528 sua
1508 486 1732 528 Societati
1752 494 1813 528 te-

184 561 414 596 stamento
435 557 616 609 legare;
638 558 719 598 sed
741 559 898 599 nescio
920 560 1022 611 quis
1042 560 1231 610 linguae
1247 559 1439 599 morbus
1456 559 1691 600 hominem
1712 571 1814 599 cor-

182 626 322 677 ripuit
343 627 459 668 adeo
481 634 529 668 ut
550 629 687 669 unico
709 629 781 669 die
801 630 989 681 linguae
1011 629 1210 670 officium
1231 630 1453 670 amiserit.
1476 629 1587 682 Ejus
1609 631 1810 671 animam

183 697 400 747 precibus
420 699 592 739 vestris
613 700 1010 741 commendamus.

263 768 462 818 Quidam
497 771 718 811 sacerdos
747 771 971 823 hispanus
998 772 1222 812 exercitia
1250 772 1447 824 expetit3
1476 772 1515 812 si
1543 781 1811 824 perseveret

184 839 400 879 voluntas
422 839 541 892 ejus,
564 840 684 882 forte
704 843 1170 882 communicabuntur
1199 843 1280 883 illi.>
1310 842 1511 894 Quidam
1539 843 1657 884 alius
1683 843 1810 895 juve-

181 910 253 949 nis
275 911 436 961 optimi
464 897 664 962 ingenii,
694 919 743 953 ut
770 913 1023 953 absolverit
1052 914 1282 965 quaedam
1310 915 1568 965 negotiola,
1599 914 1812 955 facturus

181 992 363 1032 quoque
384 988 453 1022 est
474 982 573 1032 ipse
592 983 833 1023 exercitia.

260 1051 383 1091 Fieri
403 1064 497 1092 non
517 1059 669 1104 potest
689 1060 739 1094 ut
760 1054 869 1094 hinc
890 1055 1054 1095 abeam
1083 1056 1257 1107 absque
1284 1057 1538 1096 multorum
1567 1057 1807 1109 lacrymis.

180 1121 353 1162 Omnes
373 1134 446 1162 me
466 1124 666 1164 retinere
688 1131 922 1176 satagunt.
946 1126 1003 1166 Et
1025 1127 1213 1178 quidam
1234 1127 1545 1168 moliebantur
1566 1128 1809 1169 retardare

178 1192 436 1234 discessum
456 1206 625 1245 meum,
648 1196 887 1247 cupientes
908 1197 967 1236 ad
989 1202 1033 1237 te
1054 1197 1258 1237 scribere
1279 1198 1367 1238 hac
1389 1198 1445 1238 de
1468 1210 1532 1249 re,
1557 1199 1648 1239 nisi
1669 1198 1808 1239 dixis-

177 1274 275 1304 sem
296 1276 370 1304 me
391 1265 528 1305 citius
550 1266 657 1306 hinc
679 1267 913 1307 abiturum
935 1279 1074 1319 quam
1095 1279 1257 1308 eorum
1279 1269 1460 1309 litterae
1486 1269 1685 1310 Romam
1706 1282 1805 1322 per-

175 1335 376 1375 venient.
403 1335 570 1382 Omnia
591 1337 691 1387 hic,
715 1337 816 1377 Deo
844 1338 981 1387 duce,
1012 1345 1119 1378 sunt
1146 1339 1317 1390 optime
1349 1340 1546 1390 digesta.
1580 1341 1808 1381 Triticum

176 1405 265 1445 emi
285 1417 370 1457 pro
392 1418 515 1446 anno
537 1414 580 1447 et
602 1408 761 1448 vinum
783 1420 867 1459 pro
888 1410 1241 1459 quatuordecim
1262 1411 1517 1461 mensibus,
1542 1411 1633 1451 nisi
1659 1411 1808 1463 major

174 1475 253 1516 fiat
286 1489 528 1529 numerus3
564 1479 693 1529 ligna
720 1484 764 1518 et
792 1479 1019 1520 carbones
1047 1492 1131 1531 pro
1166 1493 1310 1531 anno,
1344 1493 1511 1521 carnes
1542 1483 1692 1522 salsas
1722 1495 1806 1534 pro

174 1559 311 1587 anno.
336 1547 562 1600 Relinquo
584 1550 808 1600 pecunias
830 1549 1057 1601 Magistro
1078 1551 1332 1591 Paschasio
1366 1551 1397 1602 ¹,
1422 1553 1461 1592 si
1491 1553 1607 1593 bene
1639 1566 1806 1605 expen-

175 1618 364 1670 dantur,
388 1631 472 1670 pro
495 1631 640 1671 anno;
665 1620 848 1672 copiam
870 1621 1094 1661 librorum
1114 1633 1336 1672 magnam
1358 1623 1404 1662 in
1426 1624 1684 1674 theologia,
1709 1625 1804 1676 phi-

175 1689 387 1740 losophia
409 1696 453 1730 et
473 1691 827 1731 humanioribus
848 1692 1033 1744 litteris,
1058 1704 1175 1743 quae
1196 1705 1289 1733 non
1311 1700 1379 1733 est
1401 1701 1674 1746 comparata
1703 1707 1807 1735 cen-

162 1765 270 1800 tum
291 1761 628 1813 quinquaginta
651 1763 805 1803 aureis
826 1763 1076 1811 solaribus;
1107 1765 1440 1816 supellectilem
1470 1766 1654 1816 domus,
1687 1779 1805 1818 quae

173 1830 369 1871 sufficiat
399 1832 663 1883 quindecim
691 1839 768 1873 aut
796 1834 1032 1874 sexdecim
1059 1835 1335 1875 hominibus.
1366 1836 1505 1876 Faxit
1534 1837 1662 1877 Deus
1693 1838 1804 1888 opti-

172 1912 275 1941 mus
310 1903 544 1942 maximus
577 1910 641 1953 ut,
678 1910 851 1944 statuto
881 1911 1089 1957 tempore
1125 1907 1182 1946 ab
1215 1907 1492 1957 obedientia,
1530 1908 1636 1948 hinc
1664 1920 1805 1948 sanus

172 1972 351 2023 abeam,
377 1979 455 2012 aut
484 1974 667 2024 saltem,
698 1981 918 2025 aegrotus
940 1976 1207 2025 discedens,
1242 1978 1489 2018 sanitatem
1517 1979 1641 2018 aeris
1659 1986 1803 2018 muta—

171 2043 295 2082 tione
318 2044 540 2094 consequi
561 2045 751 2095 possim.

250 2113 369 2153 Vale
390 2114 435 2153 in
456 2114 657 2155 Domino
677 2115 808 2168 Jesu,
833 2116 932 2156 Rde
960 2116 1118 2165 Pater,
1140 2125 1182 2157 et
1200 2119 1347 2158 nostri
1364 2120 1428 2159 sis
1444 2131 1621 2160 memor
1638 2121 1683 2159 in
1701 2133 1807 2160 ora-

174 2185 377 2224 tionibus
398 2185 502 2224 tuis

248 2255 483 2306 Lutetiae,
512 2255 558 2294 15
577 2256 684 2308 Julii
712 2256 826 2296 1552.

252 2325 304 2365 R.
329 2326 378 2365 P.
402 2326 453 2366 T.

249 2396 472 2447 Indignus
495 2397 540 2436 in
563 2396 752 2437 Christo
776 2398 911 2449 filius,

841 2504 1048 2556 JOANNES
1070 2506 1299 2546 BAPTIsTA
1331 2507 1586 2549 VIOLAEUS.

248 2681 738 2733 Supersc.·rey>t1·0:R.d0
764 2684 811 2723 in
832 2683 969 2724 Chro.
994 2685 1121 2725 Patri
1150 2686 1270 2726 Dno.
1302 2687 1484 2738 ignatio
1514 2687 1569 2728 de
1602 2690 1797 2742 Loona,

167 2753 439 2803 Praeposito
462 2752 681 2794 Generali
701 2754 948 2795 Societatis
970 2757 1087 2796 nois.
1110 2756 1234 2808 Jesu.
1255 2757 1446 2799 Romae.

247 2823 396 2863 Manu
432 2823 481 2875 J.
520 2825 611 2864 Ph.
662 2825 778 2865 Vito:
810 2826 960 2879 Jesus.
1002 2827 1115 2867 1552.
1154 2828 1358 2880 Pariggi.
1397 2829 1468 2870 De
1500 2830 1561 2871 M.
1599 2832 1793 2873 Battista

166 2893 320 2944 Viola,
345 2894 405 2934 Di
430 2894 478 2934 15
499 2894 544 2935 di
564 2895 700 2948 Julio.

222 2983 229 3000 ¹
272 2982 306 3008 P.
322 2982 526 3010 Paschasius
542 2983 656 3011 Bro'ct.
672 2984 758 3011 Vide
774 2984 922 3012 ΡοιΑΝςι
940 2985 1073 3018 ΕΙινοη.,
1090 2990 1110 3013 t.
1126 2994 1158 3020 11,
1176 2994 1204 3013 n.
1221 2987 1282 3019 400,
1300 2996 1376 3022 pag.
1392 2989 1453 3015 597.
