2074 3179
862 180 945 218 ΑΝ.
977 179 1067 217 1552
1713 178 1787 215 603

148 288 249 325 ¹,una
278 277 307 317 il
342 277 558 328 giubileo.
590 277 638 317 Si
666 278 801 329 legge
828 278 1035 318 anchora
1064 278 1109 317 in
1131 288 1241 316 casa
1270 276 1328 316 ad
1356 277 1511 316 alcuni
1538 276 1710 316 diversi
1735 277 1777 315 la

153 349 463 398 grammatica
484 359 627 399 greca
645 355 688 388 et
710 348 817 389 duoi
840 349 1023 388 authori
1043 348 1173 399 greci
1190 348 1235 387 di
1256 347 1512 387 humanita.

233 418 337 459 111³.
362 419 569 459 Maestro
591 419 780 459 Andrea
806 419 815 438 ¹
845 419 1034 472 predica
1065 419 1175 468 ogni
1203 419 1447 458 domenica
1475 424 1519 457 et
1545 417 1663 457 festa
1692 428 1778 457 con

153 491 275 530 buon
297 490 543 539 auditorio,
568 491 788 530 massime
814 490 859 530 di
889 489 1262 542 gentilhuomini‚
1294 490 1324 529 li
1346 489 1470 540 quali
1492 488 1780 528 dimostrano

152 561 381 611 pigliarne
404 562 530 601 assai
550 562 872 602 consolatione
894 567 938 602 et
959 561 1222 611 devotione,
1241 560 1481 600 facendosi
1503 558 1779 599 eleemosine

150 632 229 671 alli
249 633 427 683 poveri,
452 633 537 672 che
559 633 599 672 si
619 632 1062 682 raccommandan0‚
1086 632 1165 683 piu
1196 631 1283 671 che
1309 643 1401 671 non
1432 629 1711 682 sperarebbe
1734 629 1780 668 in

150 702 214 742 tal
235 703 405 742 luocho
427 715 507 754 per
529 715 684 744 essere
705 716 766 744 un
795 716 940 755 pocco
973 705 1164 743 lontano
1186 702 1309 743 dalla
1335 702 1575 753 frequente
1603 700 1780 740 habita-

152 774 290 814 tione.
321 774 378 814 Et
409 774 447 814 si
481 775 824 826 maravigliano
853 774 936 814 che
972 774 1099 814 molti
1126 773 1331 813 scholari
1357 782 1574 823 vengono
1601 774 1697 811 cosi
1719 771 1777 810 da

150 846 341 884 lontano
362 845 424 884 fin
446 857 471 884 a
494 846 571 885 doi
593 858 618 885 o
644 852 713 886 tre
734 845 907 897 mighe,
931 857 1063 885 come
1084 845 1268 884 dicono.

230 915 265 955 Il
286 915 334 955 P.
359 915 464 955 Don
488 916 661 957 Cesflre
682 918 817 968 legge
838 918 879 957 le
901 916 1198 966 domeniche‚
1232 914 1457 955 faccendo
1486 913 1688 953 discorsi
1710 923 1781 952 so-

149 998 236 1036 pra
256 987 286 1026 li
308 987 553 1038 principali
576 988 705 1039 ponti
725 987 845 1028 della
866 988 1072 1028 dottrina
1094 987 1367 1036 christiana,
1391 991 1436 1025 et
1456 985 1535 1037 piu
1555 984 1777 1025 familiar-

150 1063 303 1097 mente
324 1058 368 1097 la
391 1058 601 1098 dichiara
622 1065 667 1098 et
688 1058 734 1098 fa
754 1059 960 1110 imparar
981 1059 1101 1098 nella
1123 1058 1285 1098 schola
1307 1057 1337 1097 il
1357 1055 1564 1096 venerdi.

233 1127 364 1167 Delle
386 1128 666 1169 confessioni
693 1140 807 1169 sono
829 1134 947 1169 state
968 1130 1127 1178 molte‚
1152 1135 1195 1168 et
1223 1128 1443 1167 massime
1466 1127 1588 1166 nella
1617 1136 1778 1177 quare-

146 1198 281 1247 sima,
306 1204 435 1238 tanto
457 1199 543 1239 che
565 1211 658 1239 non
679 1201 718 1240 si
735 1200 879 1240 debbe
900 1200 972 1240 sar
992 1200 1246 1251 particolar
1267 1198 1515 1245 mentione.
1539 1209 1588 1237 se
1609 1209 1702 1238 non
1723 1198 1779 1237 de

146 1270 312 1309 alcune
345 1270 494 1320 poche
529 1269 645 1310 delle
680 1271 758 1321 piu
795 1270 1079 1321 importanti‚
1117 1269 1237 1310 dove
1266 1269 1296 1308 il
1326 1274 1486 1309 nostro
1514 1267 1687 1318 Signor
1719 1269 1776 1307 ha

144 1346 373 1380 mostrato
404 1341 613 1392 singolar
648 1342 849 1381 bontade
880 1351 923 1382 et
956 1342 1085 1381 forza
1113 1353 1197 1381 sua
1224 1341 1271 1380 in
1299 1352 1444 1380 cavar
1472 1340 1628 1379 anime
1654 1338 1777 1378 dalla

146 1412 255 1462 gola
277 1423 302 1451 o
323 1418 487 1451 ventre
505 1411 607 1451 dell’
634 1412 837 1462 inimico;
859 1419 932 1452 tra
954 1414 994 1452 le
1011 1412 1136 1464 quali
1157 1412 1325 1451 furono
1348 1412 1394 1450 in
1415 1411 1567 1462 questi
1589 1415 1776 1461 quattro

148 1482 263 1521 mesi
285 1482 466 1522 almeno
488 1483 655 1534 cinque
687 1495 713 1522 o
741 1484 807 1523 sei
828 1484 1062 1523 lutherani
1083 1489 1127 1522 et
1154 1483 1261 1522 altri
1287 1482 1506 1522 illacciati
1528 1492 1613 1532 per
1634 1481 1776 1520 molto

148 1559 303 1604 tempo
325 1552 368 1591 d’
393 1554 499 1593 altri
519 1554 699 1605 peccati
722 1554 786 1605 gli
805 1554 880 1605 pii]
904 1554 1053 1594 strani
1074 1560 1117 1593 et
1139 1553 1412 1593 disordinati
1433 1552 1518 1592 che
1536 1552 1574 1592 si
1594 1557 1776 1603 puotes-

148 1624 249 1663 sino
270 1624 544 1675 imaginare,
569 1632 613 1664 et
633 1637 831 1676 persone
848 1625 893 1665 di
910 1631 1062 1665 conto.
1086 1624 1190 1664 Non
1210 1625 1310 1664 diro
1331 1624 1587 1675 particolar
1609 1623 1777 1662 alcuno

145 1694 265 1735 delle
283 1696 456 1747 qualita
473 1697 586 1744 lorO,
607 1698 826 1736 talmente
844 1696 944 1743 che,
969 1707 1017 1736 se
1039 1701 1202 1747 questa
1218 1697 1381 1735 lettera
1398 1694 1523 1734 fusse
1543 1694 1775 1745 publicata

151 1766 196 1804 in
218 1765 438 1816 Venetia,
463 1767 602 1807 credo
625 1773 910 1807 certamente
932 1767 1018 1807 che
1040 1778 1243 1806 nessuno
1272 1767 1305 1805 s’
1329 1765 1708 1816 accorggerebbe
1730 1764 1774 1804 di

147 1836 224 1875 chi
245 1837 283 1876 si
304 1838 529 1888 parlasse,
567 1849 615 1877 56
642 1850 736 1878 non
766 1838 892 1878 fusse
918 1837 1043 1878 forse
1070 1838 1100 1877 il
1127 1837 1379 1878 medesimo
1402 1849 1429 1876 a
1451 1836 1525 1876 chi
1546 1842 1772 1885 toccasse;

147 1919 228 1958 per
250 1907 334 1947 che
356 1920 408 1948 so
430 1920 557 1948 esser
577 1912 676 1949 cosi
698 1910 728 1948 il
748 1911 879 1949 voler
899 1915 943 1949 et
965 1909 1127 1949 ordine
1149 1909 1270 1948 della
1294 1907 1342 1947 P.
1367 1907 1422 1948 V.

229 1978 287 2018 Di
319 1979 457 2030 quelli
486 1979 720 2019 lutherani
741 1980 893 2020 alcuni
914 1992 1057 2020 erano
1078 1980 1238 2019 venuti
1254 1979 1301 2019 in
1317 1985 1446 2018 tanta
1469 1977 1773 2018 accecatione

145 2049 192 2089 di
208 2056 361 2089 mente
383 2061 471 2089 con
491 2051 535 2090 la
557 2051 653 2090 vita
674 2050 760 2090 che
781 2052 909 2091 suole
930 2051 1139 2101 seguitar
1159 2051 1223 2090 tal
1244 2049 1447 2090 dotti-ina
1469 2048 1626 2099 (come
1648 2048 1772 2088 testi-

145 2120 295 2160 ficano
317 2121 416 2160 loro
438 2120 585 2161 haver
607 2122 878 2162 conosciuto
896 2122 942 2161 in
960 2133 1008 2161 se
1025 2127 1069 2161 et
1087 2122 1133 2161 in
1154 2121 1259 2161 altri
1279 2120 1515 2172 parecchi,
1541 2118 1646 2159 anzi
1667 2120 1772 2159 tutti

142 2192 230 2233 che
267 2203 534 2231 conoscono
570 2192 615 2231 di
649 2193 801 2243 quella
833 2194 984 2242 setta),
1018 2192 1104 2232 che
1139 2203 1234 2231 non
1268 2190 1630 2231 contentandosi
1665 2189 1772 2229 delli

139 2245 294 2301 errori
316 2263 659 2312 communi,‘ne
687 2263 906 2302 tenivano
936 2263 1066 2303 molti
1093 2263 1199 2302 altri
1232 2261 1547 2312 insegnategli
1578 2259 1637 2299 da
1667 2261 1770 2311 quel

142 2339 361 2384 maestro,
386 2333 531 2384 padre
552 2332 671 2373 della
692 2333 881 2384 buggia.
905 2334 963 2374 Et
989 2346 1040 2373 so
1062 2334 1102 2373 d'
1126 2345 1186 2373 un
1208 2334 1342 2383 altrO,
1367 2344 1453 2384 pur
1475 2332 1600 2372 assai
1622 2331 1767 2379 dotto,

140 2404 226 2443 che
247 2415 340 2444 non
361 2409 528 2444 teneva
549 2405 628 2456 piu
648 2405 676 2444 l'
700 2405 855 2445 anima
883 2416 1012 2445 esser
1038 2405 1317 2445 immortale.
1349 2403 1435 2444 Un'
1464 2404 1582 2443 altro
1614 2403 1676 2442 mi
1706 2401 1769 2441 di-

137 2486 256 2514 ceva
274 2476 391 2515 altre
407 2476 565 2526 pazzie
582 2475 765 2526 grandi,
781 2488 910 2516 come
926 2487 1074 2527 negar
1086 2476 1172 2516 che
1188 2475 1365 2516 fussino
1383 2474 1535 2526 spiriti
1552 2478 1610 2514 ne
1627 2472 1768 2524 inspi-

137 2545 280 2585 ritati.
303 2546 391 2586 Un'
416 2547 551 2597 altro,
575 2552 747 2586 venuto
769 2547 841 2587 del
868 2559 950 2587 suo
971 2559 1131 2599 paese,
1156 2546 1357 2587 volendo
1385 2545 1628 2586 risolversi
1658 2544 1767 2585 dalli

137 2616 244 2656 suoi
264 2615 435 2667 dubbii,
460 2617 580 2657 ando
602 2630 628 2657 a
649 2617 894 2657 dimandar
914 2618 973 2658 da
994 2630 1056 2658 un
1076 2618 1216 2669 frate,
1246 2629 1295 2658 56
1324 2617 1362 2657 51
1389 2617 1576 2657 doveva
1593 2615 1768 2656 adoras

140 2689 183 2726 la
206 2687 520 2738 Eucharistia;
543 2694 587 2728 et
607 2689 672 2739 gli
692 2688 741 2729 fu
760 2690 965 2741 risposto
987 2690 1073 2730 che
1094 2701 1174 2730 era
1195 2689 1269 2729 un’
1292 2688 1526 2729 idolatria.
1549 2687 1618 2727 Fu
1640 2687 1766 2727 assai

139 2758 217 2809 piu
240 2758 282 2798 d’
307 2757 451 2798 affare
477 2771 504 2798 a
530 2771 592 2799 un
619 2760 938 2811 anabaptista,
962 2761 993 2800 il
1016 2761 1151 2811 quale
1171 2760 1244 2800 del
1270 2766 1396 2800 resto
1418 2769 1596 2811 pareva
1618 2759 1763 2798 molto

194 2894 202 2912 ¹
242 2893 386 2921 Videtur
400 2894 454 2921 hic
470 2902 541 2922 esse
558 2895 626 2929 ipse
642 2895 836 2923 litterarum
860 2897 1014 2931 scriptor,
1040 2896 1075 2923 P.
1100 2897 1256 2924 Andreas
1280 2896 1436 2929 Frusius;
1462 2903 1539 2923 nam
1554 2895 1590 2922 P.
1606 2896 1763 2922 Andreas

129 2940 370 2973 ⁷(ialvanellus,
388 2945 423 2968 ut
439 2949 541 2976 supra
556 2950 584 2969 n.
601 2942 718 2976 CLIV,
731 2951 809 2978 pag.
824 2944 886 2977 677,
902 2944 1057 2978 vidimus,
1070 2944 1140 2978 Jam
1161 2949 1259 2971 sexta
1282 2942 1461 2971 Februarii
1485 2943 1584 2978 hujus
1607 2943 1685 2970 anni
1702 2943 1765 2970 Bo-

135 2995 273 3015 noniam
288 2994 506 3022 pervenerat.
