2074 3179
265 144 338 181 604
783 145 1010 182 LirrfflzAE
1036 157 1394 189 QUADRIMESTREs

350 240 562 291 Quatuor
584 248 662 282 aut
684 242 886 293 quinque
908 243 1157 283 voluerunt
1178 243 1225 283 in
1246 242 1531 284 Societatem
1559 244 1766 295 admitti,
1801 257 1909 297 quo-

269 323 373 352 rum
395 323 537 352 unum
558 312 756 352 Romam
782 313 1014 361 misimus3
1044 314 1210 366 reliqui
1237 320 1428 366 propter
1455 315 1688 367 quaedam
1714 315 1903 368 impedi-

270 390 427 423 menta
450 383 654 423 adscribi
671 396 764 424 non
785 390 1052 435 potuerunt.

350 454 397 495 P.
450 454 722 495 Ludovicus
768 456 1047 506 quibusdam
1093 457 1355 508 spiritualia
1400 459 1641 510 proposuit
1687 458 1911 498 exercita-

270 531 442 577 menta3
466 526 696 577 imprimis
718 526 904 566 cuidam
926 527 1085 579 equiti,
1109 527 1246 579 hujus
1266 528 1526 569 Florentini
1553 529 1700 569 Ducis
1728 535 1773 569 et
1802 529 1911 570 Car-

269 597 437 637 dinalis
461 598 675 638 Farnesii
696 598 834 638 valde
855 598 1090 651 familiari,
1115 599 1194 652 qui
1214 600 1260 639 in
1283 600 1369 651 his,
1392 600 1730 641 lachrimarum
1746 600 1868 641 dono
1885 613 1911 640 a

270 669 372 709 Deo
396 669 606 720 obtento,
637 675 817 709 tantum
846 670 1068 722 profecit,
1098 677 1147 711 ut
1175 671 1364 711 tandem
1391 671 1479 712 sibi
1505 672 1744 712 videretur
1779 673 1911 721 alter,

268 752 419 792 neque
441 740 527 780 sibi
549 741 636 781 soli
657 741 890 793 profuisse
912 742 1028 782 satis
1048 748 1251 794 putaret,
1275 743 1365 783 nisi
1386 743 1489 784 aliis
1512 755 1696 795 quoque
1718 743 1777 784 ad
1797 743 1914 783 haec

269 812 497 852 exercitia
519 818 642 852 esset
663 812 981 853 incitamento.
1005 813 1048 853 ls
1070 814 1194 854 enim
1213 814 1314 866 fuit,
1339 815 1417 866 qui
1447 815 1649 866 primum
1676 814 1914 855 Cardinali

268 882 500 923 Farnesio
533 884 682 924 suasit
717 891 767 924 ut
802 883 1070 936 hujusmodi
1103 885 1483 926 meditationibus
1516 898 1619 926 sese
1654 892 1910 926 exerceret.

270 954 404 994 Alius
426 955 618 1007 quidam
639 955 772 1006 civis,
797 956 876 1007 qui
897 955 1112 996 adversis
1138 956 1204 997 ita
1228 957 1489 1008 angebatur
1517 963 1566 997 ut
1594 957 1914 997 molestiarum

269 1026 586 1077 magnitudini
606 1026 846 1067 videretur
873 1027 1199 1079 succumbere,
1233 1027 1290 1068 ab
1313 1028 1480 1068 eodem
1507 1029 1661 1080 equite
1689 1033 1734 1068 et
1760 1027 1914 1067 Patris

269 1097 500 1137 Ludovici
522 1098 880 1150 consuetudine,
904 1103 1000 1138 tarn
1021 1098 1251 1150 frugifera
1278 1110 1419 1150 quam
1442 1097 1669 1150 jucunda,
1699 1111 1794 1139 non
1822 1110 1911 1139 me·

269 1169 491 1209 diocriter
512 1169 598 1210 fuit
620 1169 822 1221 adjutus.
845 1169 1101 1222 Postquam
1124 1176 1280 1211 autem
1300 1170 1350 1211 P.
1373 1170 1644 1211 Ludovicus
1664 1170 1821 1211 multis
1842 1182 1912 1210 ra-

266 1240 472 1281 tionibus
507 1241 849 1282 demonstravit
883 1241 1193 1283 christianum
1223 1241 1459 1282 hominem
1492 1242 1706 1283 adversis
1741 1242 1912 1282 incom-

268 1312 512 1364 modisque
533 1313 691 1364 frangi
712 1312 1006 1353 debilitarive
1028 1325 1123 1353 non
1150 1319 1386 1365 oportere,
1417 1313 1842 1365 exercitiorumque
1872 1313 1914 1352 ei

269 1383 497 1436 principia
533 1383 825 1435 degustanda
862 1385 1008 1436 dedit,
1045 1385 1179 1436 quasi
1213 1397 1272 1425 ex
1305 1384 1707 1425 turbulentissima
1741 1390 1911 1436 tempe-

268 1461 391 1496 state
430 1456 476 1496 in
516 1456 951 1507 tranquillissimum
988 1462 1179 1509 portum
1216 1456 1464 1497 videbatur
1499 1456 1743 1496 adductus.
1786 1455 1912 1496 Idem

266 1539 410 1579 eques
449 1528 508 1568 ad
546 1529 992 1569 excellentissimum
1031 1528 1213 1568 Ducem
1250 1528 1440 1580 scripsit
1485 1539 1683 1580 eumque
1722 1528 1912 1568 beatum

270 1599 556 1651 appellabat,
592 1600 716 1650 quod
741 1611 829 1640 nos
856 1600 1029 1640 habere
1058 1605 1231 1651 posset.
1265 1599 1395 1640 Haec
1423 1605 1467 1639 et
1494 1599 1586 1640 alia
1611 1600 1746 1651 plura
1776 1609 1913 1650 argu-

268 1677 426 1710 mento
459 1682 561 1710 esse
582 1677 778 1722 possunt
796 1703 802 1722 ‚
838 1671 961 1723 quod
981 1682 1067 1711 nos
1089 1683 1144 1711 ac
1165 1670 1446 1712 Societatem
1468 1682 1528 1710 ex
1553 1670 1709 1710 animo
1731 1669 1910 1721 diligat.

349 1742 483 1793 Quod
522 1748 679 1782 autem
716 1742 776 1782 ad
815 1743 1134 1783 confessiones
1173 1743 1352 1794 attinet,
1382 1742 1430 1782 P.
1468 1742 1709 1794 Philippus
1740 1740 1765 1793 ¹,
1802 1753 1911 1782 nam

267 1812 316 1853 P.
340 1812 612 1853 Ludovicus
634 1814 737 1854 aliis
759 1814 884 1854 curis
905 1815 1167 1865 distinetur,
1191 1814 1238 1854 in
1259 1814 1332 1854 his
1359 1813 1603 1854 audiendis
1633 1825 1774 1865 saepe
1801 1814 1912 1853 mul-

267 1890 365 1924 tum
386 1891 657 1936 occupatur.
681 1885 731 1925 In
753 1885 824 1925 his
845 1885 1242 1936 Bacchanalibus,
1267 1885 1434 1937 quibus
1455 1885 1679 1925 mundani
1700 1884 1913 1925 homines

266 1956 588 2008 voluptatibus
623 1957 950 2008 involvuntur,
979 1957 1189 2009 plerique
1216 1956 1420 1997 confessi
1456 1956 1581 2008 apud
1607 1961 1796 1996 nostros
1825 1955 1912 1996 Eu-

267 2028 522 2068 charistiae
556 2027 918 2069 Sacramentum
957 2035 1271 2081 sumpserunt.
1313 2028 1427 2069 Item
1461 2028 1628 2068 mulier
1664 2027 1909 2079 quaedam,

266 2111 388 2151 quae
403 2111 486 2152 per
503 2112 725 2152 magnam
738 2100 864 2140 vitae
877 2106 1059 2152 partem
1071 2099 1447 2140 sordidissimum
1462 2105 1707 2151 quaestum
1720 2099 1909 2147 fecerat,

269 2182 480 2222 quaeque
512 2171 635 2211 intra
671 2171 936 2223 quindecim
964 2177 1009 2211 et
1036 2171 1209 2223 viginti
1243 2182 1392 2211 annos
1419 2170 1729 2211 confessionis
1758 2181 1910 2210 sacra-

271 2249 429 2282 mento
460 2243 773 2294 abstinuerat,
803 2243 992 2283 tandem
1014 2243 1074 2283 ad
1094 2248 1241 2283 semet
1266 2254 1485 2292 reversa,
1516 2242 1639 2294 apud
1666 2241 1715 2282 Ρ.
1744 2241 1912 2292 Philip-

270 2326 381 2365 pum
403 2315 759 2366 conscientiam,
784 2314 997 2366 deposita
1016 2320 1321 2365 peccatorum
1341 2314 1456 2365 fece,
1477 2313 1775 2365 expurgavit.
1798 2311 1911 2352 Nec-

268 2397 363 2426 non
386 2385 583 2437 judaeus
611 2385 814 2437 quidam,
844 2397 926 2437 per
954 2385 1237 2437 baptismum
1265 2385 1312 2425 in
1340 2385 1529 2426 Christo
1551 2389 1758 2434 renatus,
1789 2382 1912 2434 apud

270 2457 485 2497 eumdem
504 2457 694 2498 Patrem
716 2463 786 2497 est
808 2456 1066 2497 confessus.

351 2528 479 2569 Solet
502 2529 625 2569 idem
646 2528 695 2569 P.
726 2529 925 2580 singulis
953 2527 1325 2568 hebdomadibus
1351 2527 1500 2567 nostri
1526 2526 1696 2567 medici
1723 2526 1912 2566 domum

269 2599 400 2640 adire
430 2600 730 2652 omniumque
756 2600 878 2640 illius
912 2599 1118 2640 familiae
1153 2599 1473 2647 confessiones
1508 2598 1684 2648 audire,
1719 2597 1796 2649 qui
1832 2596 1911 2636 ali-

270 2671 457 2722 quando
487 2671 555 2711 sic
582 2677 887 2723 peccatorum
914 2670 1074 2711 dolore
1097 2676 1356 2721 tanguntur
1383 2675 1457 2720 ut,
1488 2674 1584 2709 tam
1611 2668 1744 2708 liberi
1771 2679 1910 2719 quam

270 2742 412 2791 servi,
435 2748 531 2782 tam
548 2742 710 2793 magni
725 2754 866 2794 quam
882 2741 1033 2794 parvi,
1053 2740 1112 2781 ad
1130 2741 1367 2792 lacrymas
1384 2745 1677 2781 moveantur.
1697 2739 1911 2791 Exprimi

327 2925 336 2945 ¹
376 2926 425 2952 De
442 2927 503 2953 hoc
518 2926 609 2953 aliud
626 2925 708 2953 nihil
724 2926 875 2960 reperii-e
891 2926 1002 2953 adhuc
1025 2926 1196 2960 potuimus
1217 2924 1280 2952 nisi
1303 2932 1376 2952 eum
1400 2924 1503 2952 fuisse
1526 2924 1662 2952 natione
1685 2924 1833 2957 belgam.
1848 2922 1910 2949 Po-

276 2980 394 3006 LANCO,
413 2973 547 3006 Chron„
563 2977 586 3000 t.
602 2981 634 3006 11,
651 2982 728 3008 pag,
748 2974 811 3008 511,
827 2981 858 3000 n.
873 2973 935 3007 237,
951 2977 983 3000 ct
999 2981 1077 3007 pag.
1093 2973 1154 3006 512,
1172 2980 1203 3000 n.
1219 2973 1282 2999 241.
