2074 3179
861 158 942 194 AN.
976 158 1065 194 1552
1709 159 1782 196 603

148 255 302 295 audita
325 255 470 294 nostri
494 255 807 295 ardentissimi
832 254 993 294 fratris
1020 255 1271 305 concione,
1301 255 1453 294 sactus
1480 256 1614 306 quasi
1643 256 1775 305 alter,

146 337 239 365 non
269 326 397 376 prius
428 325 484 365 ab
510 337 563 365 eo
593 326 892 365 discessimus
921 336 1060 377 quam
1088 336 1279 365 suorum
1306 331 1606 376 peccatorum
1635 326 1778 365 sarci-

147 407 256 435 nam
278 395 400 447 apud
423 395 760 436 confessarium
789 396 1057 447 deponeret.

227 466 480 518 Postquam
503 473 658 507 autem
678 467 964 507 Florentiam
985 466 1282 517 advenimus,
1306 466 1356 506 P.
1380 466 1589 518 Elpidius
1615 466 1639 517 ¹,
1663 478 1781 517 quos

142 537 239 589 jam
260 537 438 588 pridem
460 538 596 578 avide
617 543 931 589 exspectarat‚
957 536 1015 577 ad
1035 537 1280 588 medicum,
1305 538 1549 589 antiquum
1570 537 1777 578 Societa-

147 608 205 648 tis
226 608 454 659 hospitem
476 608 504 659 ²,
528 609 760 660 perduxit3
785 607 908 660 apud
929 619 1065 659 quem
1095 608 1295 659 benigne
1324 608 1681 660 humaniterque
1704 621 1778 648 ex-

146 679 282 730 cepti,
302 691 484 719 necnon
500 679 751 719 liberaliter
768 679 970 729 tractati,
991 678 1254 729 quindecim
1271 678 1368 718 dies
1386 679 1580 729 egimus.
1600 678 1780 719 Deinde

145 750 192 790 in
211 749 401 790 domum
421 750 552 789 nobis
573 756 905 801 praeparatam
927 749 1258 800 migravimus,
1289 749 1367 789 ubi
1394 749 1778 790 charissimorum

144 821 345 860 fratrum
370 821 522 860 virtus
552 821 599 860 in
626 820 840 861 adversis
868 820 1152 860 sustinendis
1182 832 1237 860 ac
1264 820 1577 872 perpetiendis
1605 821 1775 872 oppido

145 892 323 932 enituit.
347 892 418 932 Tu
438 892 574 941 enim,
598 892 647 932 P.
673 892 860 943 optime,
884 892 1008 932 nosti
1029 903 1148 943 quae
1169 903 1293 931 nova
1316 891 1524 942 Collegia
1541 891 1694 932 ferant
1715 892 1780 932 in-

145 963 393 1002 commoda
428 975 635 1014 quasque
664 963 805 1002 animi
834 963 1212 1014 perturbationes
1238 968 1490 1014 praestent.
1521 962 1775 1014 Propterea

145 1033 267 1084 quod
293 1033 428 1073 nobis
454 1034 647 1073 servitia
675 1034 889 1083 deerant,
920 1034 1236 1085 unusquisque
1264 1045 1313 1073 se
1341 1045 1506 1073 cocum
1532 1034 1779 1085 profiteba-

144 1112 233 1155 tur,
257 1103 394 1155 idque
415 1104 501 1144 sibi
522 1104 727 1144 muneris
756 1104 857 1144 dari
883 1104 1091 1144 nonnulli
1119 1104 1314 1144 summis
1343 1104 1559 1156 precibus
1591 1111 1778 1145 conten—

144 1175 329 1215 debant.
350 1173 440 1214 Sed
458 1174 507 1214 P.
527 1175 797 1215 Ludovicus
814 1174 827 1192 ³
845 1175 911 1215 sic
929 1175 1079 1215 officia
1097 1175 1261 1215 domus
1273 1181 1342 1215 est
1359 1176 1572 1226 partitus,
1592 1181 1641 1216 ut
1657 1188 1776 1227 pene

146 1257 306 1286 omnes
333 1246 535 1296 negotiis
565 1246 832 1286 domesticis
860 1252 1205 1287 exercerentur.
1238 1247 1340 1298 Ipse
1368 1258 1549 1298 quoque
1577 1246 1624 1287 P.
1656 1259 1781 1287 men-

147 1329 227 1357 sae
250 1317 499 1368 inservire‚
531 1317 703 1357 ostium
731 1318 935 1369 pulsanti
962 1318 1167 1369 aperire,
1198 1324 1243 1358 et
1269 1319 1414 1358 multa
1441 1317 1485 1357 id
1512 1329 1661 1369 genus
1687 1330 1780 1358 non

149 1388 506 1439 dedignabatur.
544 1387 872 1428 Praetermitto
907 1388 998 1428 hoc
1034 1389 1135 1428 loco
1163 1400 1359 1428 narrare
1392 1389 1448 1429 de
1475 1388 1661 1429 fervore
1690 1389 1781 1429 fra,-

145 1467 269 1499 trum
291 1460 349 1499 ad
370 1459 718 1510 poenitentiam,
738 1466 788 1499 ut
808 1459 1024 1510 gestandi
1042 1459 1180 1499 cilicii
1197 1460 1499 1511 corporisque
1516 1460 1776 1511 disciplina,

147 1537 197 1570 ut
220 1536 413 1580 vocant,
439 1530 689 1581 afficiendi,
720 1536 987 1582 quantaque
1018 1530 1260 1581 diligentia
1287 1531 1524 1582 animique
1550 1531 1780 1582 magnitu-

149 1601 270 1652 dine,
295 1613 400 1642 cum
423 1602 710 1653 conceditur,
736 1607 1041 1653 exequantur.
1066 1600 1234 1653 Opinio
1262 1613 1428 1653 porro,
1452 1613 1590 1653 quarn
1619 1603 1674 1642 de
1701 1614 1778 1643 no—

146 1672 217 1712 bis
240 1673 596 1723 concitavimus,
621 1678 691 1712 est
711 1683 885 1723 magna
909 1677 954 1712 et
975 1672 1176 1712 fortasse
1197 1671 1347 1723 major
1373 1684 1513 1724 quam
1539 1685 1624 1713 nos
1645 1674 1778 1714 susti-

147 1754 258 1783 nere
280 1755 335 1783 ac
358 1744 477 1783 tueri
497 1743 744 1795 possimus.
767 1743 905 1783 Faxit
926 1749 1082 1783 tamen
1103 1743 1232 1784 Deus
1253 1749 1302 1784 ut
1330 1744 1674 1795 exspectationi
1700 1745 1776 1784 ali-

148 1814 333 1864 quando
363 1814 743 1865 respondeamus.

229 1885 280 1924 In
312 1885 542 1936 principio
570 1886 718 1925 nostri
749 1885 839 1925 huc
869 1885 1101 1926 adventus
1129 1897 1234 1925 cum
1262 1885 1452 1937 quidam
1479 1885 1703 1926 haeretici
1732 1886 1777 1926 in

146 1967 386 1995 carcerem
407 1954 606 2006 conjecti
627 1962 796 2006 essent,
821 1967 907 1995 nos
929 1962 1145 1995 auctores
1166 1955 1297 1995 multi
1319 1956 1695 2007 suspicabantur3
1710 1956 1778 2008 ju-

147 2026 318 2066 dicium
338 2027 475 2078 plane
496 2025 680 2076 falsum,
702 2027 890 2066 minime
910 2031 1067 2066 tamen
1095 2026 1503 2077 detrimentosum,
1528 2027 1605 2077 qui
1625 2027 1776 2079 hujus-

127 2090 328 2137 'cemodi
362 2098 602 2137 hominum
640 2103 796 2137 sectae
830 2098 1170 2138 constituamur
1209 2096 1482 2137 adversarii.
1525 2097 1640 2138 Item
1672 2110 1778 2138 cum

147 2167 335 2220 quidam
355 2168 500 2208 frater
521 2167 602 2208 Sti.
626 2167 900 2219 Augustini,
924 2168 1084 2219 magni
1111 2167 1298 2219 quidem
1324 2168 1544 2219 nominis,
1575 2169 1657 2209 sed
1685 2181 1778 2209 non

148 2239 262 2279 satis
297 2239 567 2290 approbati,
605 2239 717 2290 quin
751 2239 892 2279 etiam
926 2239 1169 2290 permultis
1203 2239 1435 2290 suspecti,
1473 2239 1780 2280 concionator

146 2311 317 2350 summi
338 2310 496 2361 templi
525 2310 870 2361 decerneretur,
903 2310 1063 2350 divina
1094 2310 1311 2350 voluntas
1333 2310 1391 2350 ad
1412 2311 1663 2350 multarum
1683 2312 1777 2351 ani-

148 2393 329 2421 marum
360 2382 557 2421 salutem
587 2381 864 2421 intercessit.
895 2381 1054 2432 Itaque
1085 2381 1131 2421 in
1161 2381 1342 2433 depulsi
1369 2382 1523 2422 locum
1550 2383 1777 2422 successit

148 2453 265 2492 alter
284 2451 445 2492 Sancti
472 2451 707 2492 Dominici
730 2458 774 2492 et
792 2452 923 2500 ,vitae
945 2452 1213 2503 integritate
1235 2458 1279 2492 et
1300 2453 1609 2493 sanctimonia
1636 2453 1775 2493 notis-

149 2524 292 2564 simus
313 2530 357 2563 et
379 2523 511 2563 nobis
533 2522 800 2573 familiaris,
823 2523 945 2563 unde
966 2522 1101 2574 hujus
1123 2534 1305 2574 quoque
1327 2524 1395 2563 rei
1414 2523 1678 2564 ferebamur
1700 2536 1776 2564 au-

147 2601 315 2635 ctores.
347 2594 438 2635 Sed
468 2605 554 2633 nos
589 2593 713 2645 apud
747 2594 875 2634 illum
903 2593 1301 2645 Augustinianum
1335 2595 1501 2635 nobilis
1537 2594 1777 2646 cujusdam

147 2666 392 2706 excusavit
420 2664 690 2705 auctoritas.

203 2875 212 2894 ¹
252 2875 288 2902 P.
303 2875 458 2910 Elpidius
472 2875 637 2909 Ugoletti.

201 2923 215 2941 ⁴-’
252 2922 399 2955 joannes
415 2922 453 2948 de
469 2921 577 2949 Rosis.

201 2971 215 2991 ⁵
253 2971 289 2998 P.
305 2969 499 2998 Ludovieus
514 2969 554 2996 de
571 2969 750 3005 Coudreto,
767 2970 910 3006 Collegii
927 2971 1115 2999 Florentini
1131 2972 1267 2999 Rector.
