<?xml version="1.0" encoding="UTF-8"?>
<!DOCTYPE html PUBLIC "-//W3C//DTD XHTML 1.0 Transitional//EN"
    "http://www.w3.org/TR/xhtml1/DTD/xhtml1-transitional.dtd">
<html xmlns="http://www.w3.org/1999/xhtml" xml:lang="en" lang="en">
 <head>
  <title>
</title>
<meta http-equiv="Content-Type" content="text/html;charset=utf-8" />
  <meta name='ocr-system' content='tesseract 3.04.00' />
  <meta name='ocr-capabilities' content='ocr_page ocr_carea ocr_par ocr_line ocrx_word'/>
</head>
<body>
  <div class='ocr_page' id='page_1' title='image "./litteraequadrime13lain_0580.png"; bbox 0 0 2074 3179; ppageno 0'>
   <div class='ocr_carea' id='block_1_1' title="bbox 259 141 1381 185">
    <p class='ocr_par' dir='ltr' id='par_1_1' title="bbox 259 141 1381 185">
     <span class='ocr_line' id='line_1_1' title="bbox 259 141 1381 185; baseline 0.002 -6"><span class='ocrx_word' id='word_1_1' title='bbox 259 142 328 179; x_wconf 71' lang='lat'>576</span> <span class='ocrx_word' id='word_1_2' title='bbox 770 141 996 179; x_wconf 63' lang='lat' dir='ltr'>Ll‘r‘rERAE</span> <span class='ocrx_word' id='word_1_3' title='bbox 1023 153 1381 185; x_wconf 75' lang='lat' dir='ltr'>QUAomMESTREs</span> 
     </span>
    </p>
   </div>
   <div class='ocr_carea' id='block_1_2' title="bbox 254 238 1904 2206">
    <p class='ocr_par' dir='ltr' id='par_1_2' title="bbox 256 238 1900 504">
     <span class='ocr_line' id='line_1_2' title="bbox 257 238 1896 292; baseline 0.003 -15"><span class='ocrx_word' id='word_1_4' title='bbox 257 250 338 278; x_wconf 88' lang='lat' dir='ltr'>nes</span> <span class='ocrx_word' id='word_1_5' title='bbox 359 249 475 278; x_wconf 83' lang='lat' dir='ltr'>vero</span> <span class='ocrx_word' id='word_1_6' title='bbox 505 238 689 278; x_wconf 83' lang='lat' dir='ltr'>labores</span> <span class='ocrx_word' id='word_1_7' title='bbox 717 239 905 288; x_wconf 88' lang='lat' dir='ltr'>domus,</span> <span class='ocrx_word' id='word_1_8' title='bbox 938 244 1017 278; x_wconf 90' lang='lat' dir='ltr'>aut</span> <span class='ocrx_word' id='word_1_9' title='bbox 1051 239 1188 279; x_wconf 92' lang='lat' dir='ltr'>simul</span> <span class='ocrx_word' id='word_1_10' title='bbox 1219 251 1380 280; x_wconf 91' lang='lat' dir='ltr'>omnes</span> <span class='ocrx_word' id='word_1_11' title='bbox 1402 241 1623 292; x_wconf 89' lang='lat' dir='ltr'>subeunt,</span> <span class='ocrx_word' id='word_1_12' title='bbox 1649 247 1727 282; x_wconf 88' lang='lat' dir='ltr'>aut</span> <span class='ocrx_word' id='word_1_13' title='bbox 1751 248 1896 283; x_wconf 90' lang='lat' dir='ltr'>muta-</span> 
     </span>
     <span class='ocr_line' id='line_1_3' title="bbox 256 309 1900 365; baseline 0.003 -16"><span class='ocrx_word' id='word_1_14' title='bbox 256 310 315 349; x_wconf 83' lang='lat' dir='ltr'>tis</span> <span class='ocrx_word' id='word_1_15' title='bbox 335 309 538 360; x_wconf 85' lang='lat' dir='ltr'>Vicibus,</span> <span class='ocrx_word' id='word_1_16' title='bbox 562 310 689 349; x_wconf 88' lang='lat' dir='ltr'>nulla</span> <span class='ocrx_word' id='word_1_17' title='bbox 712 310 880 350; x_wconf 86' lang='lat' dir='ltr'>aetatis</span> <span class='ocrx_word' id='word_1_18' title='bbox 901 316 981 350; x_wconf 88' lang='lat' dir='ltr'>aut</span> <span class='ocrx_word' id='word_1_19' title='bbox 1008 310 1185 350; x_wconf 81' lang='lat' dir='ltr'>ordinis</span> <span class='ocrx_word' id='word_1_20' title='bbox 1216 311 1379 351; x_wconf 85' lang='lat' dir='ltr'>habita</span> <span class='ocrx_word' id='word_1_21' title='bbox 1409 313 1612 363; x_wconf 91' lang='lat' dir='ltr'>ratione,</span> <span class='ocrx_word' id='word_1_22' title='bbox 1636 318 1687 353; x_wconf 90' lang='lat' dir='ltr'>ut</span> <span class='ocrx_word' id='word_1_23' title='bbox 1707 321 1900 365; x_wconf 91' lang='lat' dir='ltr'>propter</span> 
     </span>
     <span class='ocr_line' id='line_1_4' title="bbox 257 380 1898 435; baseline 0.003 -15"><span class='ocrx_word' id='word_1_24' title='bbox 257 380 494 421; x_wconf 80' lang='lat' dir='ltr'>Christum</span> <span class='ocrx_word' id='word_1_25' title='bbox 514 381 675 434; x_wconf 88' lang='lat' dir='ltr'>Jesum</span> <span class='ocrx_word' id='word_1_26' title='bbox 696 392 857 421; x_wconf 90' lang='lat' dir='ltr'>omnes</span> <span class='ocrx_word' id='word_1_27' title='bbox 884 381 1006 421; x_wconf 88' lang='lat' dir='ltr'>idem</span> <span class='ocrx_word' id='word_1_28' title='bbox 1033 381 1210 422; x_wconf 86' lang='lat' dir='ltr'>faciant</span> <span class='ocrx_word' id='word_1_29' title='bbox 1235 388 1280 422; x_wconf 92' lang='lat' dir='ltr'>et</span> <span class='ocrx_word' id='word_1_30' title='bbox 1303 382 1482 434; x_wconf 91' lang='lat' dir='ltr'>dicant,</span> <span class='ocrx_word' id='word_1_31' title='bbox 1515 391 1559 424; x_wconf 91' lang='lat' dir='ltr'>et</span> <span class='ocrx_word' id='word_1_32' title='bbox 1587 397 1679 424; x_wconf 91' lang='lat' dir='ltr'>non</span> <span class='ocrx_word' id='word_1_33' title='bbox 1702 392 1898 435; x_wconf 80' lang='lat' dir='ltr'>surgant</span> 
     </span>
     <span class='ocr_line' id='line_1_5' title="bbox 258 451 1030 504; baseline -0.003 -12"><span class='ocrx_word' id='word_1_34' title='bbox 258 453 306 492; x_wconf 88' lang='lat' dir='ltr'>in</span> <span class='ocrx_word' id='word_1_35' title='bbox 328 453 461 492; x_wconf 88' lang='lat' dir='ltr'>nobis</span> <span class='ocrx_word' id='word_1_36' title='bbox 481 451 732 504; x_wconf 84' lang='lat' dir='ltr'>aliquando</span> <span class='ocrx_word' id='word_1_37' title='bbox 755 452 1030 493; x_wconf 77' lang='lat' dir='ltr'>schismata.</span> 
     </span>
    </p>

    <p class='ocr_par' dir='ltr' id='par_1_3' title="bbox 254 519 1904 2075">
     <span class='ocr_line' id='line_1_6' title="bbox 337 519 1900 577; baseline 0.003 -14"><span class='ocrx_word' id='word_1_38' title='bbox 337 519 463 575; x_wconf 84' lang='lat' dir='ltr'>Mag.</span> <span class='ocrx_word' id='word_1_39' title='bbox 486 524 690 577; x_wconf 81' lang='lat' dir='ltr'>Jacobus</span> <span class='ocrx_word' id='word_1_40' title='bbox 710 520 1080 564; x_wconf 88' lang='lat' dir='ltr'>Aldenardensis</span> <span class='ocrx_word' id='word_1_41' title='bbox 1099 525 1152 575; x_wconf 90' lang='lat' dir='ltr'>(is</span> <span class='ocrx_word' id='word_1_42' title='bbox 1175 525 1251 576; x_wconf 85' lang='lat' dir='ltr'>qui</span> <span class='ocrx_word' id='word_1_43' title='bbox 1272 537 1424 576; x_wconf 91' lang='lat' dir='ltr'>nuper</span> <span class='ocrx_word' id='word_1_44' title='bbox 1446 538 1551 566; x_wconf 91' lang='lat' dir='ltr'>cum</span> <span class='ocrx_word' id='word_1_45' title='bbox 1569 527 1711 567; x_wconf 91' lang='lat' dir='ltr'>sociis</span> <span class='ocrx_word' id='word_1_46' title='bbox 1730 526 1900 567; x_wconf 86' lang='lat' dir='ltr'>Ottonc</span> 
     </span>
     <span class='ocr_line' id='line_1_7' title="bbox 257 595 1899 648; baseline 0.002 -13"><span class='ocrx_word' id='word_1_47' title='bbox 257 602 300 635; x_wconf 92' lang='lat' dir='ltr'>et</span> <span class='ocrx_word' id='word_1_48' title='bbox 322 595 547 647; x_wconf 84' lang='lat' dir='ltr'>Rogerio‚</span> <span class='ocrx_word' id='word_1_49' title='bbox 572 595 851 647; x_wconf 90' lang='lat' dir='ltr'>contemptis</span> <span class='ocrx_word' id='word_1_50' title='bbox 878 595 1092 636; x_wconf 87' lang='lat' dir='ltr'>omnibus</span> <span class='ocrx_word' id='word_1_51' title='bbox 1120 602 1313 648; x_wconf 90' lang='lat' dir='ltr'>propter</span> <span class='ocrx_word' id='word_1_52' title='bbox 1345 596 1609 648; x_wconf 85' lang='lat' dir='ltr'>Christum,</span> <span class='ocrx_word' id='word_1_53' title='bbox 1635 599 1899 638; x_wconf 86' lang='lat' dir='ltr'>clanculum</span> 
     </span>
     <span class='ocr_line' id='line_1_8' title="bbox 257 666 1898 719; baseline 0.002 -13"><span class='ocrx_word' id='word_1_54' title='bbox 257 667 459 718; x_wconf 89' lang='lat' dir='ltr'>patriam</span> <span class='ocrx_word' id='word_1_55' title='bbox 488 666 696 717; x_wconf 79' lang='lat' dir='ltr'>fugiens,</span> <span class='ocrx_word' id='word_1_56' title='bbox 728 666 942 706; x_wconf 85' lang='lat' dir='ltr'>Lovanio</span> <span class='ocrx_word' id='word_1_57' title='bbox 970 667 1063 707; x_wconf 92' lang='lat' dir='ltr'>huc</span> <span class='ocrx_word' id='word_1_58' title='bbox 1097 679 1146 707; x_wconf 89' lang='lat' dir='ltr'>se</span> <span class='ocrx_word' id='word_1_59' title='bbox 1182 668 1361 719; x_wconf 89' lang='lat' dir='ltr'>recepit</span> <span class='ocrx_word' id='word_1_60' title='bbox 1393 667 1418 718; x_wconf 87' lang='lat'>¹)</span> <span class='ocrx_word' id='word_1_61' title='bbox 1456 669 1569 719; x_wconf 89' lang='lat' dir='ltr'>legit</span> <span class='ocrx_word' id='word_1_62' title='bbox 1604 669 1898 709; x_wconf 76' lang='lat' dir='ltr'>dialecticam</span> 
     </span>
     <span class='ocr_line' id='line_1_9' title="bbox 256 737 1901 791; baseline 0.002 -14"><span class='ocrx_word' id='word_1_63' title='bbox 256 738 524 778; x_wconf 81' lang='lat' dir='ltr'>Aristotelis</span> <span class='ocrx_word' id='word_1_64' title='bbox 556 738 791 777; x_wconf 88' lang='lat' dir='ltr'>nonnullis</span> <span class='ocrx_word' id='word_1_65' title='bbox 825 737 1071 789; x_wconf 79' lang='lat' dir='ltr'>fratribus3</span> <span class='ocrx_word' id='word_1_66' title='bbox 1109 738 1156 778; x_wconf 91' lang='lat' dir='ltr'>in</span> <span class='ocrx_word' id='word_1_67' title='bbox 1184 750 1276 789; x_wconf 89' lang='lat' dir='ltr'>quo</span> <span class='ocrx_word' id='word_1_68' title='bbox 1311 750 1505 779; x_wconf 90' lang='lat' dir='ltr'>munere</span> <span class='ocrx_word' id='word_1_69' title='bbox 1542 751 1764 790; x_wconf 87' lang='lat' dir='ltr'>magnum</span> <span class='ocrx_word' id='word_1_70' title='bbox 1796 751 1901 791; x_wconf 81' lang='lat' dir='ltr'>pro-</span> 
     </span>
     <span class='ocr_line' id='line_1_10' title="bbox 254 809 1900 862; baseline 0.001 -14"><span class='ocrx_word' id='word_1_71' title='bbox 254 809 376 849; x_wconf 76' lang='lat' dir='ltr'>fecto</span> <span class='ocrx_word' id='word_1_72' title='bbox 393 815 490 849; x_wconf 90' lang='lat' dir='ltr'>tum</span> <span class='ocrx_word' id='word_1_73' title='bbox 509 809 686 859; x_wconf 89' lang='lat' dir='ltr'>ingenii</span> <span class='ocrx_word' id='word_1_74' title='bbox 702 814 799 848; x_wconf 91' lang='lat' dir='ltr'>tum</span> <span class='ocrx_word' id='word_1_75' title='bbox 811 809 1086 849; x_wconf 89' lang='lat' dir='ltr'>eruditionis</span> <span class='ocrx_word' id='word_1_76' title='bbox 1099 810 1292 861; x_wconf 88' lang='lat' dir='ltr'>praebet</span> <span class='ocrx_word' id='word_1_77' title='bbox 1309 809 1562 861; x_wconf 73' lang='lat' dir='ltr'>specimen.</span> <span class='ocrx_word' id='word_1_78' title='bbox 1583 810 1674 850; x_wconf 89' lang='lat' dir='ltr'>Ter</span> <span class='ocrx_word' id='word_1_79' title='bbox 1695 811 1900 862; x_wconf 84' lang='lat' dir='ltr'>quotidie</span> 
     </span>
     <span class='ocr_line' id='line_1_11' title="bbox 254 880 1901 932; baseline 0.001 -13"><span class='ocrx_word' id='word_1_80' title='bbox 254 892 338 931; x_wconf 89' lang='lat' dir='ltr'>per</span> <span class='ocrx_word' id='word_1_81' title='bbox 358 881 524 920; x_wconf 85' lang='lat' dir='ltr'>horam</span> <span class='ocrx_word' id='word_1_82' title='bbox 545 880 679 931; x_wconf 86' lang='lat' dir='ltr'>legit:</span> <span class='ocrx_word' id='word_1_83' title='bbox 702 885 774 920; x_wconf 86' lang='lat' dir='ltr'>ter</span> <span class='ocrx_word' id='word_1_84' title='bbox 801 892 985 932; x_wconf 87' lang='lat' dir='ltr'>quoque</span> <span class='ocrx_word' id='word_1_85' title='bbox 1017 880 1063 920; x_wconf 90' lang='lat' dir='ltr'>in</span> <span class='ocrx_word' id='word_1_86' title='bbox 1090 880 1385 921; x_wconf 87' lang='lat' dir='ltr'>hebdomada</span> <span class='ocrx_word' id='word_1_87' title='bbox 1421 881 1629 932; x_wconf 90' lang='lat' dir='ltr'>disputat</span> <span class='ocrx_word' id='word_1_88' title='bbox 1658 881 1704 921; x_wconf 88' lang='lat' dir='ltr'>in</span> <span class='ocrx_word' id='word_1_89' title='bbox 1734 881 1901 932; x_wconf 86' lang='lat' dir='ltr'>majori</span> 
     </span>
     <span class='ocr_line' id='line_1_12' title="bbox 256 950 1902 1004; baseline 0.001 -13"><span class='ocrx_word' id='word_1_90' title='bbox 256 953 362 992; x_wconf 83' lang='lat' dir='ltr'>aula</span> <span class='ocrx_word' id='word_1_91' title='bbox 383 950 518 1003; x_wconf 89' lang='lat' dir='ltr'>hujus</span> <span class='ocrx_word' id='word_1_92' title='bbox 540 951 827 992; x_wconf 86' lang='lat' dir='ltr'>monasterii.</span> <span class='ocrx_word' id='word_1_93' title='bbox 851 951 1100 992; x_wconf 90' lang='lat' dir='ltr'>Lectiones</span> <span class='ocrx_word' id='word_1_94' title='bbox 1130 951 1227 1003; x_wconf 87' lang='lat' dir='ltr'>ejus</span> <span class='ocrx_word' id='word_1_95' title='bbox 1255 952 1450 992; x_wconf 89' lang='lat' dir='ltr'>audiunt</span> <span class='ocrx_word' id='word_1_96' title='bbox 1484 953 1661 1004; x_wconf 77' lang='lat' dir='ltr'>aliquot</span> <span class='ocrx_word' id='word_1_97' title='bbox 1689 954 1902 993; x_wconf 74' lang='lat' dir='ltr'>extranei</span> 
     </span>
     <span class='ocr_line' id='line_1_13' title="bbox 256 1022 1901 1074; baseline 0.001 -11"><span class='ocrx_word' id='word_1_98' title='bbox 256 1023 594 1063; x_wconf 82' lang='lat' dir='ltr'>adolescentes.</span> <span class='ocrx_word' id='word_1_99' title='bbox 618 1023 835 1074; x_wconf 79' lang='lat' dir='ltr'>Magistri</span> <span class='ocrx_word' id='word_1_100' title='bbox 862 1022 1029 1063; x_wconf 86' lang='lat' dir='ltr'>Petrus</span> <span class='ocrx_word' id='word_1_101' title='bbox 1058 1022 1364 1063; x_wconf 85' lang='lat' dir='ltr'>Schorichius</span> <span class='ocrx_word' id='word_1_102' title='bbox 1395 1029 1439 1063; x_wconf 91' lang='lat' dir='ltr'>et</span> <span class='ocrx_word' id='word_1_103' title='bbox 1466 1023 1679 1063; x_wconf 89' lang='lat' dir='ltr'>Erardus</span> <span class='ocrx_word' id='word_1_104' title='bbox 1700 1035 1805 1064; x_wconf 90' lang='lat' dir='ltr'>cum</span> <span class='ocrx_word' id='word_1_105' title='bbox 1826 1024 1901 1064; x_wconf 93' lang='lat' dir='ltr'>Ni-</span> 
     </span>
     <span class='ocr_line' id='line_1_14' title="bbox 257 1094 1904 1146; baseline 0 -12"><span class='ocrx_word' id='word_1_106' title='bbox 257 1096 389 1135; x_wconf 90' lang='lat' dir='ltr'>colao</span> <span class='ocrx_word' id='word_1_107' title='bbox 411 1094 703 1145; x_wconf 90' lang='lat' dir='ltr'>Lotharingo</span> <span class='ocrx_word' id='word_1_108' title='bbox 731 1094 903 1134; x_wconf 89' lang='lat' dir='ltr'>docent</span> <span class='ocrx_word' id='word_1_109' title='bbox 929 1094 1135 1146; x_wconf 84' lang='lat' dir='ltr'>reliquos</span> <span class='ocrx_word' id='word_1_110' title='bbox 1165 1094 1336 1134; x_wconf 84' lang='lat' dir='ltr'>fratres</span> <span class='ocrx_word' id='word_1_111' title='bbox 1363 1095 1545 1134; x_wconf 89' lang='lat' dir='ltr'>litteras</span> <span class='ocrx_word' id='word_1_112' title='bbox 1573 1100 1672 1135; x_wconf 89' lang='lat' dir='ltr'>tum</span> <span class='ocrx_word' id='word_1_113' title='bbox 1701 1106 1904 1146; x_wconf 90' lang='lat' dir='ltr'>graecas</span> 
     </span>
     <span class='ocr_line' id='line_1_15' title="bbox 257 1164 1901 1218; baseline 0 -12"><span class='ocrx_word' id='word_1_114' title='bbox 257 1173 355 1206; x_wconf 87' lang='lat' dir='ltr'>tum</span> <span class='ocrx_word' id='word_1_115' title='bbox 376 1166 569 1214; x_wconf 79' lang='lat' dir='ltr'>latinaS,</span> <span class='ocrx_word' id='word_1_116' title='bbox 594 1166 762 1218; x_wconf 87' lang='lat' dir='ltr'>quibus</span> <span class='ocrx_word' id='word_1_117' title='bbox 790 1166 1002 1206; x_wconf 88' lang='lat' dir='ltr'>similiter</span> <span class='ocrx_word' id='word_1_118' title='bbox 1024 1177 1073 1206; x_wconf 92' lang='lat' dir='ltr'>se</span> <span class='ocrx_word' id='word_1_119' title='bbox 1095 1164 1356 1217; x_wconf 88' lang='lat' dir='ltr'>adjungunt</span> <span class='ocrx_word' id='word_1_120' title='bbox 1387 1172 1432 1206; x_wconf 90' lang='lat' dir='ltr'>et</span> <span class='ocrx_word' id='word_1_121' title='bbox 1463 1167 1541 1206; x_wconf 87' lang='lat' dir='ltr'>alii</span> <span class='ocrx_word' id='word_1_122' title='bbox 1558 1167 1773 1206; x_wconf 86' lang='lat' dir='ltr'>studiosi.</span> <span class='ocrx_word' id='word_1_123' title='bbox 1799 1166 1901 1217; x_wconf 82' lang='lat' dir='ltr'>Quo</span> 
     </span>
     <span class='ocr_line' id='line_1_16' title="bbox 259 1237 1900 1289; baseline 0 -12"><span class='ocrx_word' id='word_1_124' title='bbox 259 1238 307 1277; x_wconf 83' lang='lat' dir='ltr'>fit</span> <span class='ocrx_word' id='word_1_125' title='bbox 348 1244 399 1278; x_wconf 93' lang='lat' dir='ltr'>ut</span> <span class='ocrx_word' id='word_1_126' title='bbox 437 1237 683 1288; x_wconf 89' lang='lat' dir='ltr'>lectiones,</span> <span class='ocrx_word' id='word_1_127' title='bbox 722 1249 841 1289; x_wconf 87' lang='lat' dir='ltr'>quae</span> <span class='ocrx_word' id='word_1_128' title='bbox 883 1238 1004 1277; x_wconf 88' lang='lat' dir='ltr'>inter</span> <span class='ocrx_word' id='word_1_129' title='bbox 1042 1237 1255 1289; x_wconf 83' lang='lat' dir='ltr'>privatos</span> <span class='ocrx_word' id='word_1_130' title='bbox 1296 1238 1502 1289; x_wconf 89' lang='lat' dir='ltr'>parietes</span> <span class='ocrx_word' id='word_1_131' title='bbox 1536 1237 1635 1277; x_wconf 88' lang='lat' dir='ltr'>fieri</span> <span class='ocrx_word' id='word_1_132' title='bbox 1672 1238 1900 1288; x_wconf 85' lang='lat' dir='ltr'>solebant,</span> 
     </span>
     <span class='ocr_line' id='line_1_17' title="bbox 259 1309 1900 1361; baseline -0.001 -12"><span class='ocrx_word' id='word_1_133' title='bbox 259 1320 404 1360; x_wconf 88' lang='lat' dir='ltr'>nunc,</span> <span class='ocrx_word' id='word_1_134' title='bbox 448 1309 638 1349; x_wconf 86' lang='lat' dir='ltr'>obtento</span> <span class='ocrx_word' id='word_1_135' title='bbox 679 1309 1060 1349; x_wconf 88' lang='lat' dir='ltr'>commodissimo</span> <span class='ocrx_word' id='word_1_136' title='bbox 1096 1309 1226 1357; x_wconf 65' lang='lat' dir='ltr'>low,</span> <span class='ocrx_word' id='word_1_137' title='bbox 1264 1309 1478 1361; x_wconf 89' lang='lat' dir='ltr'>publicae</span> <span class='ocrx_word' id='word_1_138' title='bbox 1519 1321 1621 1349; x_wconf 90' lang='lat' dir='ltr'>esse</span> <span class='ocrx_word' id='word_1_139' title='bbox 1657 1309 1900 1361; x_wconf 81' lang='lat' dir='ltr'>incipiant.</span> 
     </span>
     <span class='ocr_line' id='line_1_18' title="bbox 259 1380 1902 1433; baseline -0.001 -12"><span class='ocrx_word' id='word_1_140' title='bbox 259 1381 418 1433; x_wconf 87' lang='lat' dir='ltr'>Itaque</span> <span class='ocrx_word' id='word_1_141' title='bbox 439 1386 589 1421; x_wconf 90' lang='lat' dir='ltr'>totum</span> <span class='ocrx_word' id='word_1_142' title='bbox 609 1380 809 1420; x_wconf 85' lang='lat' dir='ltr'>fratrum</span> <span class='ocrx_word' id='word_1_143' title='bbox 836 1380 1152 1420; x_wconf 82' lang='lat' dir='ltr'>studiosorum</span> <span class='ocrx_word' id='word_1_144' title='bbox 1175 1380 1423 1432; x_wconf 80' lang='lat' dir='ltr'>collegium</span> <span class='ocrx_word' id='word_1_145' title='bbox 1448 1380 1495 1420; x_wconf 90' lang='lat' dir='ltr'>in</span> <span class='ocrx_word' id='word_1_146' title='bbox 1517 1381 1634 1420; x_wconf 91' lang='lat' dir='ltr'>duas</span> <span class='ocrx_word' id='word_1_147' title='bbox 1656 1381 1902 1420; x_wconf 83' lang='lat' dir='ltr'>dumtaxat</span> 
     </span>
     <span class='ocr_line' id='line_1_19' title="bbox 258 1451 1899 1503; baseline -0.001 -11"><span class='ocrx_word' id='word_1_148' title='bbox 258 1452 435 1492; x_wconf 87' lang='lat' dir='ltr'>classes</span> <span class='ocrx_word' id='word_1_149' title='bbox 457 1458 526 1492; x_wconf 89' lang='lat' dir='ltr'>est</span> <span class='ocrx_word' id='word_1_150' title='bbox 547 1452 867 1503; x_wconf 86' lang='lat' dir='ltr'>distributum,</span> <span class='ocrx_word' id='word_1_151' title='bbox 893 1458 937 1492; x_wconf 90' lang='lat' dir='ltr'>et</span> <span class='ocrx_word' id='word_1_152' title='bbox 958 1452 1004 1491; x_wconf 93' lang='lat' dir='ltr'>hi</span> <span class='ocrx_word' id='word_1_153' title='bbox 1026 1463 1221 1492; x_wconf 90' lang='lat' dir='ltr'>numero</span> <span class='ocrx_word' id='word_1_154' title='bbox 1251 1458 1357 1492; x_wconf 90' lang='lat' dir='ltr'>sunt</span> <span class='ocrx_word' id='word_1_155' title='bbox 1641 1451 1669 1500; x_wconf 67' lang='lat'>²,</span> <span class='ocrx_word' id='word_1_156' title='bbox 1694 1463 1899 1503; x_wconf 89' lang='lat' dir='ltr'>compre-</span> 
     </span>
     <span class='ocr_line' id='line_1_20' title="bbox 258 1523 1902 1575; baseline -0.001 -11"><span class='ocrx_word' id='word_1_157' title='bbox 258 1524 417 1564; x_wconf 88' lang='lat' dir='ltr'>hensis</span> <span class='ocrx_word' id='word_1_158' title='bbox 434 1523 530 1574; x_wconf 88' lang='lat' dir='ltr'>jam</span> <span class='ocrx_word' id='word_1_159' title='bbox 552 1523 689 1563; x_wconf 87' lang='lat' dir='ltr'>dictis</span> <span class='ocrx_word' id='word_1_160' title='bbox 710 1524 976 1564; x_wconf 90' lang='lat' dir='ltr'>lectoribus.</span> <span class='ocrx_word' id='word_1_161' title='bbox 1002 1523 1062 1563; x_wconf 89' lang='lat' dir='ltr'>Iis</span> <span class='ocrx_word' id='word_1_162' title='bbox 1083 1535 1304 1575; x_wconf 85' lang='lat' dir='ltr'>namque,</span> <span class='ocrx_word' id='word_1_163' title='bbox 1329 1535 1445 1574; x_wconf 91' lang='lat' dir='ltr'>quos</span> <span class='ocrx_word' id='word_1_164' title='bbox 1465 1523 1524 1564; x_wconf 89' lang='lat' dir='ltr'>V.</span> <span class='ocrx_word' id='word_1_165' title='bbox 1544 1523 1599 1563; x_wconf 87' lang='lat' dir='ltr'>R.</span> <span class='ocrx_word' id='word_1_166' title='bbox 1625 1535 1748 1563; x_wconf 89' lang='lat' dir='ltr'>anno</span> <span class='ocrx_word' id='word_1_167' title='bbox 1770 1535 1902 1574; x_wconf 90' lang='lat' dir='ltr'>supe-</span> 
     </span>
     <span class='ocr_line' id='line_1_21' title="bbox 259 1594 1902 1647; baseline -0.001 -12"><span class='ocrx_word' id='word_1_168' title='bbox 259 1596 382 1635; x_wconf 90' lang='lat' dir='ltr'>riore</span> <span class='ocrx_word' id='word_1_169' title='bbox 403 1595 548 1645; x_wconf 91' lang='lat' dir='ltr'>misit,</span> <span class='ocrx_word' id='word_1_170' title='bbox 574 1594 719 1635; x_wconf 90' lang='lat' dir='ltr'>additi</span> <span class='ocrx_word' id='word_1_171' title='bbox 740 1600 861 1645; x_wconf 91' lang='lat' dir='ltr'>sunt,</span> <span class='ocrx_word' id='word_1_172' title='bbox 884 1594 995 1647; x_wconf 89' lang='lat' dir='ltr'>Jesu</span> <span class='ocrx_word' id='word_1_173' title='bbox 1018 1594 1193 1634; x_wconf 89' lang='lat' dir='ltr'>Christi</span> <span class='ocrx_word' id='word_1_174' title='bbox 1213 1595 1384 1646; x_wconf 88' lang='lat' dir='ltr'>gratia,</span> <span class='ocrx_word' id='word_1_175' title='bbox 1409 1601 1613 1646; x_wconf 89' lang='lat' dir='ltr'>quatuor</span> <span class='ocrx_word' id='word_1_176' title='bbox 1636 1594 1902 1634; x_wconf 88' lang='lat' dir='ltr'>adolescen-</span> 
     </span>
     <span class='ocr_line' id='line_1_22' title="bbox 261 1665 1900 1717; baseline -0.001 -11"><span class='ocrx_word' id='word_1_177' title='bbox 261 1672 331 1706; x_wconf 86' lang='lat' dir='ltr'>tes</span> <span class='ocrx_word' id='word_1_178' title='bbox 353 1665 598 1716; x_wconf 87' lang='lat' dir='ltr'>Germani,</span> <span class='ocrx_word' id='word_1_179' title='bbox 631 1665 783 1706; x_wconf 88' lang='lat' dir='ltr'>forma</span> <span class='ocrx_word' id='word_1_180' title='bbox 815 1671 859 1705; x_wconf 90' lang='lat' dir='ltr'>et</span> <span class='ocrx_word' id='word_1_181' title='bbox 890 1666 1045 1705; x_wconf 90' lang='lat' dir='ltr'>indole</span> <span class='ocrx_word' id='word_1_182' title='bbox 1073 1666 1195 1706; x_wconf 88' lang='lat' dir='ltr'>bona</span> <span class='ocrx_word' id='word_1_183' title='bbox 1217 1666 1414 1705; x_wconf 91' lang='lat' dir='ltr'>multum</span> <span class='ocrx_word' id='word_1_184' title='bbox 1442 1671 1763 1717; x_wconf 87' lang='lat' dir='ltr'>praestantes,</span> <span class='ocrx_word' id='word_1_185' title='bbox 1794 1677 1900 1717; x_wconf 87' lang='lat' dir='ltr'>quo-</span> 
     </span>
     <span class='ocr_line' id='line_1_23' title="bbox 262 1736 1904 1789; baseline -0.001 -12"><span class='ocrx_word' id='word_1_186' title='bbox 262 1749 365 1777; x_wconf 89' lang='lat' dir='ltr'>rum</span> <span class='ocrx_word' id='word_1_187' title='bbox 392 1737 602 1789; x_wconf 81' lang='lat' dir='ltr'>probitas</span> <span class='ocrx_word' id='word_1_188' title='bbox 639 1742 683 1777; x_wconf 88' lang='lat' dir='ltr'>et</span> <span class='ocrx_word' id='word_1_189' title='bbox 712 1736 944 1777; x_wconf 85' lang='lat' dir='ltr'>modestia</span> <span class='ocrx_word' id='word_1_190' title='bbox 971 1742 1229 1777; x_wconf 89' lang='lat' dir='ltr'>mereretur</span> <span class='ocrx_word' id='word_1_191' title='bbox 1257 1736 1469 1789; x_wconf 88' lang='lat' dir='ltr'>profecto</span> <span class='ocrx_word' id='word_1_192' title='bbox 1503 1737 1766 1788; x_wconf 87' lang='lat' dir='ltr'>longiorem</span> <span class='ocrx_word' id='word_1_193' title='bbox 1796 1748 1904 1776; x_wconf 87' lang='lat' dir='ltr'>sua-</span> 
     </span>
     <span class='ocr_line' id='line_1_24' title="bbox 261 1807 1904 1861; baseline -0.001 -12"><span class='ocrx_word' id='word_1_194' title='bbox 261 1821 365 1849; x_wconf 91' lang='lat' dir='ltr'>rum</span> <span class='ocrx_word' id='word_1_195' title='bbox 385 1808 576 1849; x_wconf 86' lang='lat' dir='ltr'>laudum</span> <span class='ocrx_word' id='word_1_196' title='bbox 606 1814 874 1849; x_wconf 85' lang='lat' dir='ltr'>tractatum.</span> <span class='ocrx_word' id='word_1_197' title='bbox 905 1807 1016 1861; x_wconf 86' lang='lat' dir='ltr'>Sed,</span> <span class='ocrx_word' id='word_1_198' title='bbox 1054 1815 1103 1849; x_wconf 89' lang='lat' dir='ltr'>ut</span> <span class='ocrx_word' id='word_1_199' title='bbox 1136 1808 1378 1860; x_wconf 85' lang='lat' dir='ltr'>praefatus</span> <span class='ocrx_word' id='word_1_200' title='bbox 1407 1820 1526 1859; x_wconf 91' lang='lat' dir='ltr'>sum,</span> <span class='ocrx_word' id='word_1_201' title='bbox 1550 1809 1777 1860; x_wconf 74' lang='lat' dir='ltr'>prolixior</span> <span class='ocrx_word' id='word_1_202' title='bbox 1798 1819 1904 1848; x_wconf 87' lang='lat' dir='ltr'>esse</span> 
     </span>
     <span class='ocr_line' id='line_1_25' title="bbox 259 1879 1897 1932; baseline -0.001 -12"><span class='ocrx_word' id='word_1_203' title='bbox 259 1879 356 1932; x_wconf 87' lang='lat' dir='ltr'>jam</span> <span class='ocrx_word' id='word_1_204' title='bbox 391 1881 522 1930; x_wconf 79' lang='lat' dir='ltr'>nolo,</span> <span class='ocrx_word' id='word_1_205' title='bbox 555 1880 833 1932; x_wconf 84' lang='lat' dir='ltr'>praesertim</span> <span class='ocrx_word' id='word_1_206' title='bbox 872 1891 978 1920; x_wconf 90' lang='lat' dir='ltr'>cum</span> <span class='ocrx_word' id='word_1_207' title='bbox 1013 1879 1068 1919; x_wconf 91' lang='lat' dir='ltr'>de</span> <span class='ocrx_word' id='word_1_208' title='bbox 1096 1879 1167 1919; x_wconf 92' lang='lat' dir='ltr'>his</span> <span class='ocrx_word' id='word_1_209' title='bbox 1202 1885 1246 1919; x_wconf 90' lang='lat' dir='ltr'>et</span> <span class='ocrx_word' id='word_1_210' title='bbox 1282 1880 1513 1919; x_wconf 87' lang='lat' dir='ltr'>similibus</span> <span class='ocrx_word' id='word_1_211' title='bbox 1549 1880 1665 1919; x_wconf 90' lang='lat' dir='ltr'>alias</span> <span class='ocrx_word' id='word_1_212' title='bbox 1704 1879 1897 1919; x_wconf 85' lang='lat' dir='ltr'>forsitan</span> 
     </span>
     <span class='ocr_line' id='line_1_26' title="bbox 264 1950 1901 2002; baseline -0.002 -11"><span class='ocrx_word' id='word_1_213' title='bbox 264 1951 555 1992; x_wconf 91' lang='lat' dir='ltr'>commodior</span> <span class='ocrx_word' id='word_1_214' title='bbox 582 1951 767 1991; x_wconf 85' lang='lat' dir='ltr'>dabitur</span> <span class='ocrx_word' id='word_1_215' title='bbox 789 1951 1024 1991; x_wconf 87' lang='lat' dir='ltr'>scribendi</span> <span class='ocrx_word' id='word_1_216' title='bbox 1039 1952 1184 1991; x_wconf 90' lang='lat' dir='ltr'>locus.</span> <span class='ocrx_word' id='word_1_217' title='bbox 1204 1951 1393 1991; x_wconf 88' lang='lat' dir='ltr'>Interim</span> <span class='ocrx_word' id='word_1_218' title='bbox 1412 1963 1518 2002; x_wconf 91' lang='lat' dir='ltr'>nos,</span> <span class='ocrx_word' id='word_1_219' title='bbox 1539 1951 1714 1991; x_wconf 85' lang='lat' dir='ltr'>servuli</span> <span class='ocrx_word' id='word_1_220' title='bbox 1735 1951 1794 1991; x_wconf 81' lang='lat' dir='ltr'>V.</span> <span class='ocrx_word' id='word_1_221' title='bbox 1819 1950 1873 1990; x_wconf 87' lang='lat' dir='ltr'>R.</span> <span class='ocrx_word' id='word_1_222' title='bbox 1891 1983 1901 2001; x_wconf 74' lang='lat'>,</span> 
     </span>
     <span class='ocr_line' id='line_1_27' title="bbox 262 2021 1898 2075; baseline -0.001 -12"><span class='ocrx_word' id='word_1_223' title='bbox 262 2023 496 2063; x_wconf 88' lang='lat' dir='ltr'>humiliter</span> <span class='ocrx_word' id='word_1_224' title='bbox 510 2023 712 2075; x_wconf 86' lang='lat' dir='ltr'>petimus</span> <span class='ocrx_word' id='word_1_225' title='bbox 723 2022 893 2063; x_wconf 82' lang='lat' dir='ltr'>vestris</span> <span class='ocrx_word' id='word_1_226' title='bbox 911 2023 1128 2074; x_wconf 81' lang='lat' dir='ltr'>precibus</span> <span class='ocrx_word' id='word_1_227' title='bbox 1147 2022 1271 2074; x_wconf 90' lang='lat' dir='ltr'>apud</span> <span class='ocrx_word' id='word_1_228' title='bbox 1289 2022 1545 2062; x_wconf 89' lang='lat' dir='ltr'>Dominum</span> <span class='ocrx_word' id='word_1_229' title='bbox 1562 2021 1898 2062; x_wconf 86' lang='lat' dir='ltr'>commendari.</span> 
     </span>
    </p>

    <p class='ocr_par' dir='ltr' id='par_1_4' title="bbox 342 2093 1247 2145">
     <span class='ocr_line' id='line_1_28' title="bbox 342 2093 1247 2145; baseline 0 -11"><span class='ocrx_word' id='word_1_230' title='bbox 342 2095 559 2135; x_wconf 90' lang='lat' dir='ltr'>Viennae</span> <span class='ocrx_word' id='word_1_231' title='bbox 581 2093 829 2144; x_wconf 87' lang='lat' dir='ltr'>Austriae,</span> <span class='ocrx_word' id='word_1_232' title='bbox 852 2093 905 2134; x_wconf 75' lang='lat'>24</span> <span class='ocrx_word' id='word_1_233' title='bbox 926 2093 1105 2145; x_wconf 85' lang='lat' dir='ltr'>Aprilis</span> <span class='ocrx_word' id='word_1_234' title='bbox 1130 2093 1247 2134; x_wconf 80' lang='lat'>1552.</span> 
     </span>
    </p>

    <p class='ocr_par' dir='ltr' id='par_1_5' title="bbox 342 2165 1256 2206">
     <span class='ocr_line' id='line_1_29' title="bbox 342 2165 1256 2206; baseline -0.001 0"><span class='ocrx_word' id='word_1_235' title='bbox 342 2165 401 2206; x_wconf 78' lang='lat' dir='ltr'>V,</span> <span class='ocrx_word' id='word_1_236' title='bbox 427 2166 479 2206; x_wconf 87' lang='lat' dir='ltr'>R.</span> <span class='ocrx_word' id='word_1_237' title='bbox 505 2166 791 2206; x_wconf 91' lang='lat' dir='ltr'>humillimus</span> <span class='ocrx_word' id='word_1_238' title='bbox 810 2166 855 2205; x_wconf 92' lang='lat' dir='ltr'>in</span> <span class='ocrx_word' id='word_1_239' title='bbox 878 2165 1066 2206; x_wconf 85' lang='lat' dir='ltr'>Christo</span> <span class='ocrx_word' id='word_1_240' title='bbox 1088 2176 1256 2205; x_wconf 82' lang='lat' dir='ltr'>servus</span> 
     </span>
    </p>
   </div>
   <div class='ocr_carea' id='block_1_3' title="bbox 1164 2306 1680 2347">
    <p class='ocr_par' dir='ltr' id='par_1_6' title="bbox 1164 2306 1680 2347">
     <span class='ocr_line' id='line_1_30' title="bbox 1164 2306 1680 2347; baseline 0 -1"><span class='ocrx_word' id='word_1_241' title='bbox 1164 2306 1400 2347; x_wconf 77' lang='lat' dir='ltr'>NICOLAus</span> <span class='ocrx_word' id='word_1_242' title='bbox 1431 2306 1680 2346; x_wconf 75' lang='lat' dir='ltr'>DELANOY.</span> 
     </span>
    </p>
   </div>
   <div class='ocr_carea' id='block_1_4' title="bbox 264 2484 1902 2662">
    <p class='ocr_par' dir='ltr' id='par_1_7' title="bbox 264 2484 1901 2560">
     <span class='ocr_line' id='line_1_31' title="bbox 320 2484 1901 2519; baseline -0.002 -7"><span class='ocrx_word' id='word_1_243' title='bbox 320 2486 326 2505; x_wconf 92' lang='lat'><strong>¹</strong></span> <span class='ocrx_word' id='word_1_244' title='bbox 369 2485 455 2512; x_wconf 87' lang='lat' dir='ltr'>Vide</span> <span class='ocrx_word' id='word_1_245' title='bbox 486 2492 588 2519; x_wconf 79' lang='lat' dir='ltr'>supra</span> <span class='ocrx_word' id='word_1_246' title='bbox 617 2485 731 2512; x_wconf 78' lang='lat' dir='ltr'>Patris</span> <span class='ocrx_word' id='word_1_247' title='bbox 762 2484 903 2512; x_wconf 78' lang='lat' dir='ltr'>Adriani</span> <span class='ocrx_word' id='word_1_248' title='bbox 932 2484 1183 2511; x_wconf 70' lang='lat' dir='ltr'>Adriaensscns</span> <span class='ocrx_word' id='word_1_249' title='bbox 1210 2484 1366 2518; x_wconf 82' lang='lat' dir='ltr'>litteraS,</span> <span class='ocrx_word' id='word_1_250' title='bbox 1395 2484 1601 2518; x_wconf 77' lang='lat' dir='ltr'>pracsertim</span> <span class='ocrx_word' id='word_1_251' title='bbox 1628 2491 1682 2510; x_wconf 89' lang='lat' dir='ltr'>nn.</span> <span class='ocrx_word' id='word_1_252' title='bbox 1711 2490 1805 2513; x_wconf 74' lang='lat' dir='ltr'>cxix,</span> <span class='ocrx_word' id='word_1_253' title='bbox 1834 2490 1901 2509; x_wconf 78' lang='lat' dir='ltr'>cxx</span> 
     </span>
     <span class='ocr_line' id='line_1_32' title="bbox 264 2538 448 2560; baseline 0.005 -1"><span class='ocrx_word' id='word_1_254' title='bbox 264 2538 296 2560; x_wconf 84' lang='lat' dir='ltr'>et</span> <span class='ocrx_word' id='word_1_255' title='bbox 321 2540 448 2560; x_wconf 78' lang='lat' dir='ltr'>cxxvn.</span> 
     </span>
    </p>

    <p class='ocr_par' dir='ltr' id='par_1_8' title="bbox 268 2578 1902 2662">
     <span class='ocr_line' id='line_1_33' title="bbox 317 2578 1902 2615; baseline -0.001 -8"><span class='ocrx_word' id='word_1_256' title='bbox 317 2583 330 2600; x_wconf 58' lang='grc' dir='ltr'>’Δ</span> <span class='ocrx_word' id='word_1_257' title='bbox 370 2581 432 2608; x_wconf 86' lang='lat' dir='ltr'>Hic</span> <span class='ocrx_word' id='word_1_258' title='bbox 450 2581 582 2614; x_wconf 86' lang='lat' dir='ltr'>signum</span> <span class='ocrx_word' id='word_1_259' title='bbox 597 2580 710 2607; x_wconf 79' lang='lat' dir='ltr'>scriba</span> <span class='ocrx_word' id='word_1_260' title='bbox 725 2580 894 2615; x_wconf 85' lang='lat' dir='ltr'>apposuit,</span> <span class='ocrx_word' id='word_1_261' title='bbox 911 2587 984 2614; x_wconf 86' lang='lat' dir='ltr'>quO.</span> <span class='ocrx_word' id='word_1_262' title='bbox 998 2587 1073 2607; x_wconf 89' lang='lat' dir='ltr'>cum</span> <span class='ocrx_word' id='word_1_263' title='bbox 1086 2581 1249 2607; x_wconf 76' lang='lat' dir='ltr'>lectorem</span> <span class='ocrx_word' id='word_1_264' title='bbox 1274 2580 1315 2606; x_wconf 84' lang='lat' dir='ltr'>ad</span> <span class='ocrx_word' id='word_1_265' title='bbox 1341 2578 1529 2613; x_wconf 85' lang='lat' dir='ltr'>marginem</span> <span class='ocrx_word' id='word_1_266' title='bbox 1545 2578 1756 2612; x_wconf 81' lang='lat' dir='ltr'>remittebat,</span> <span class='ocrx_word' id='word_1_267' title='bbox 1768 2579 1902 2606; x_wconf 82' lang='lat' dir='ltr'>solebat</span> 
     </span>
     <span class='ocr_line' id='line_1_34' title="bbox 268 2628 876 2662; baseline 0 -7"><span class='ocrx_word' id='word_1_268' title='bbox 268 2630 329 2662; x_wconf 70' lang='lat' dir='ltr'>nii3</span> <span class='ocrx_word' id='word_1_269' title='bbox 346 2629 402 2656; x_wconf 79' lang='lat' dir='ltr'>sed</span> <span class='ocrx_word' id='word_1_270' title='bbox 415 2629 497 2656; x_wconf 89' lang='lat' dir='ltr'>nihil</span> <span class='ocrx_word' id='word_1_271' title='bbox 515 2629 544 2655; x_wconf 89' lang='lat' dir='ltr'>in</span> <span class='ocrx_word' id='word_1_272' title='bbox 561 2628 715 2662; x_wconf 77' lang='lat' dir='ltr'>margine</span> <span class='ocrx_word' id='word_1_273' title='bbox 728 2628 876 2662; x_wconf 78' lang='lat' dir='ltr'>scripsit.</span> 
     </span>
    </p>
   </div>
  </div>
 </body>
</html>
