2074 3179
244 142 315 178 ‘284
346 169 351 174 .
757 141 988 178 LITTERAE
1014 152 1376 184 QUADRIMESTRES

242 237 469 289 proficere
498 244 719 289 pergant,
755 242 1036 288 nostraeque
1066 239 1395 290 expectationi,
1427 250 1546 290 quae
1574 239 1782 290 ipsorum
1810 245 1880 279 est

244 309 387 360 saluS,
411 308 589 349 faciant
608 310 739 349 satis.

325 379 510 432 Optime
531 381 742 432 procedit
762 379 964 420 Aethica
985 380 1137 431 lectio,
1169 391 1310 432 quam
1329 381 1377 421 in
1403 380 1540 432 hujus
1567 381 1755 421 scholae
1775 392 1880 432 gra-

242 451 356 491 tiam
386 458 573 502 praeter
600 463 779 513 morem
804 457 1013 491 veterem
1040 450 1283 503 profitetur
1310 450 1448 492 Pater
1469 451 1710 503 Nicolaus,
1735 452 1880 504 publi-

241 534 348 563 cam
362 529 614 574 propterea
634 522 820 562 laudem
836 523 1135 574 promeritus,
1155 527 1205 563 ut
1226 522 1367 563 etiam
1382 523 1508 576 Juris
1523 523 1757 564 Doctores
1779 523 1877 563 mit—

242 599 343 634 tant
365 594 424 634 ad
445 595 573 634 illum
595 605 707 634 suos
729 594 982 634 auditores.

321 666 432 706 Plus
453 665 644 705 honoris
665 665 856 706 offertur
876 665 1034 717 nobis,
1067 677 1209 718 quam
1235 665 1372 705 fateri
1398 664 1672 705 debeamus:
1702 666 1881 705 utinam

241 736 392 777 minor
415 736 700 776 existimatio
721 737 869 777 nostri
895 735 904 754 ¹
928 736 1170 789 majorque
1190 742 1448 789 proventus
1466 736 1730 776 animarum
1750 748 1879 776 acce-

242 808 385 853 deret;
411 807 591 847 utinam
610 807 657 848 in
675 808 943 848 animorum
960 808 1206 848 affectibus
1222 807 1235 826 ‘²
1257 807 1303 848 id
1324 807 1520 858 efficere,
1544 807 1668 859 quod
1688 807 1735 847 in
1755 807 1879 858 inge-

241 879 344 929 niis,
364 879 645 919 valeremus.
666 878 943 920 Declaravit
964 891 1099 920 suam
1121 891 1234 931 erga
1252 891 1338 920 nos
1358 878 1733 919 benevolentiam
1753 877 1880 918 Prin-

241 961 351 1001 ceps
379 961 485 990 cum
512 962 661 1002 nuper
692 951 907 992 adesset:
946 963 1034 991 nec
1067 951 1237 992 minori
1271 950 1436 991 favore
1466 962 1551 990 nos
1585 949 1882 1001 prosequitur

241 1021 562 1062 Cancellarius
592 1022 884 1074 academiae,
918 1023 1134 1074 idemque
1163 1022 1476 1074 Eystettensis
1504 1021 1778 1073 Episcopus,
1803 1020 1881 1072 qui

239 1093 337 1133 suis
352 1104 440 1133 nos
455 1093 602 1133 literis
620 1100 833 1134 amanter
850 1095 1134 1145 consolatur,
1155 1093 1232 1146 qui
1249 1092 1532 1134 Societatem
1548 1092 1671 1132 hanc
1695 1103 1881 1132 omnem

238 1169 437 1216 paterno
461 1171 587 1205 certe
609 1164 778 1205 affectu
800 1165 1139 1217 complectitur,
1164 1165 1244 1217 qui
1270 1175 1442 1204 aureos
1472 1163 1596 1203 mille
1619 1162 1716 1214 jam
1745 1163 1881 1204 offert

241 1235 301 1276 ad
320 1236 470 1276 nostri
489 1241 777 1277 structuram
799 1237 998 1288 collegii.
1030 1236 1156 1277 Idem
1187 1235 1395 1276 consiliis
1416 1234 1512 1275 suis
1532 1245 1758 1286 magnum
1780 1246 1878 1286 per-

239 1307 387 1347 movit
408 1306 835 1360 Archiepiscopum
856 1307 1160 1357 Germanum,
1184 1314 1233 1348 ut
1254 1306 1503 1358 collegium
1525 1311 1569 1345 et
1589 1306 1689 1358 ipse
1712 1306 1877 1358 promi-

238 1378 353 1418 serit
374 1379 549 1419 nostris
571 1379 872 1420 constituere.

319 1448 494 1490 Christi
514 1450 670 1501 gratia
691 1462 795 1491 sum
817 1461 904 1502 ego
922 1449 1019 1502 jam
1041 1450 1288 1491 defunctus
1314 1462 1528 1501 munere,
1553 1461 1690 1502 quem
1712 1449 1879 1489 Recto-

239 1525 394 1561 ratum
414 1527 609 1572 vocant,
634 1522 681 1562 in
701 1533 807 1573 qUO,
837 1522 924 1562 etsi
951 1521 1163 1562 laborum
1192 1528 1236 1562 et
1263 1522 1583 1562 molestiarum
1613 1521 1735 1561 bona
1766 1532 1879 1572 pars

238 1591 369 1644 insit,
401 1604 520 1644 quae
546 1604 643 1633 non
663 1593 802 1633 valde
830 1593 1062 1634 conducat
1093 1592 1152 1633 ad
1181 1592 1387 1633 fructum
1419 1593 1730 1645 spiritualem,
1763 1597 1876 1632 atta-

238 1675 345 1703 men
366 1664 577 1704 nonnihil
598 1664 761 1704 datum
788 1670 857 1705 est
885 1676 969 1705 cur
998 1664 1230 1704 bonorum
1259 1664 1446 1704 authori
1472 1669 1516 1703 et
1543 1663 1660 1703 fonti
1690 1675 1784 1703 non
1813 1663 1876 1702 in-

237 1735 362 1785 grati
389 1746 492 1775 esse
524 1735 790 1776 debeamus
825 1735 863 1775 F
868 1741 1053 1776 atentur
1083 1741 1244 1787 aperte
1271 1735 1422 1783 multi,
1454 1734 1688 1775 studiosos
1715 1734 1763 1774 in
1790 1734 1878 1774 hoc

237 1806 519 1855 magistratu
537 1806 690 1857 egisse
709 1818 850 1858 quam
867 1807 1049 1847 soleant
1070 1806 1340 1857 modestius;
1365 1805 1626 1846 communis
1646 1805 1731 1845 fuit
1752 1811 1876 1846 tran-

237 1877 457 1929 quillitas,
483 1878 626 1918 etiam
646 1884 744 1918 tum
768 1890 911 1930 quum
939 1878 1214 1918 tumultuari
1241 1884 1286 1918 et
1307 1877 1591 1918 debacchari
1612 1888 1718 1917 cum
1737 1877 1879 1917 venia

236 1959 376 2000 posse
392 1949 626 2000 videntur,
649 1949 778 1989 feriis
799 1949 978 1990 scilicet
998 1949 1391 1991 Bacchanalibus.
1415 1947 1658 1989 Notandos
1679 1948 1877 1988 haereti-

237 2031 414 2070 corum,
440 2020 517 2072 qui
539 2021 802 2071 exstabant,
825 2021 971 2061 libros
993 2021 1284 2071 curavimus3
1305 2032 1362 2061 ne
1386 2020 1703 2060 venderentur
1724 2019 1874 2071 prohi-

236 2091 383 2132 bitum
418 2098 501 2143 est,
531 2104 650 2133 neve
686 2105 744 2133 ex
771 2098 984 2133 mercatu
1010 2093 1100 2132 huc
1130 2092 1328 2144 amplius
1356 2091 1640 2132 inferrentur
1672 2091 1879 2142 suspecti

237 2164 481 2214 authores,
505 2163 582 2215 qui
603 2164 938 2205 Grammaticis
969 2164 1133 2214 etiam,
1165 2170 1209 2204 et
1236 2162 1510 2204 Dialecticis
1538 2168 1582 2203 et
1609 2162 1876 2203 Rhetoricis

235 2234 367 2275 libris
388 2241 526 2287 atque
548 2236 814 2287 praeceptis
831 2247 1016 2276 venena
1035 2235 1304 2287 praesentia
1325 2234 1737 2276 commiscuerunt.

318 2305 578 2347 Graviores
600 2307 788 2358 abusus,
809 2308 887 2359 qui
908 2307 1059 2347 subito
1080 2307 1338 2358 leviterque
1359 2306 1458 2346 tolli
1478 2317 1572 2346 non
1589 2316 1727 2357 posse
1747 2304 1870 2345 vide-

238 2377 422 2429 bantur,
467 2377 589 2429 quod
629 2379 720 2418 alte
759 2378 946 2418 radices
985 2379 1211 2430 egissent,
1254 2377 1528 2428 collegimus
1563 2377 1611 2417 in
1649 2376 1875 2427 scriptum

237 2460 396 2498 unum,
421 2449 644 2489 collectos
664 2449 877 2489 misimus
906 2449 965 2490 acl
985 2449 1088 2501 ipsa
1109 2449 1253 2489 totius
1275 2448 1547 2488 academiae
1568 2447 1744 2499 capita,
1768 2458 1877 2498 quo-

237 2531 343 2560 rum
363 2520 409 2560 id
430 2521 674 2571 proprium
695 2527 765 2560 est
786 2521 1022 2561 communi
1052 2521 1241 2560 scholae
1272 2519 1462 2560 utilitati
1490 2525 1535 2559 et
1555 2517 1878 2559 reformationi

238 2591 503 2642 providere.
541 2591 671 2632 Haec
704 2604 780 2632 res
807 2592 1034 2632 minorem
1069 2591 1291 2632 conflavit
1325 2591 1458 2631 nobis
1492 2590 1718 2630 invidiam
1753 2587 1877 2641 apud

238 2663 489 2714 studiosos,
520 2664 597 2715 qui
623 2675 773 2715 neque
802 2675 829 2703 a
857 2664 990 2703 nobis
1019 2663 1249 2703 adversus
1278 2669 1343 2703 tot
1378 2662 1569 2702 morbos
1595 2660 1874 2701 medicinam

239 2735 474 2786 recepturi
500 2734 638 2775 facile
664 2735 959 2786 videbantur,
990 2740 1035 2774 et
1070 2734 1287 2775 liberavit
1317 2734 1459 2774 etiam
1486 2745 1512 2773 a
1540 2732 1748 2784 periculo
1770 2743 1874 2772 con-

238 2806 497 2857 scientiam,
522 2806 575 2856 si,
596 2806 719 2858 quod
735 2807 977 2856 vellemus,
1000 2811 1243 2857 praestare
1260 2805 1374 2845 satis
1391 2816 1486 2844 non
1505 2803 1756 2855 potuimus.
1779 2801 1877 2843 Nec

294 2919 305 2939 ¹
345 2918 470 2945 Nostri
483 2918 637 2946 additum
652 2922 703 2946 est
718 2926 738 2946 a
754 2918 912 2946 Polanco.

292 2967 305 2985 ²
342 2965 483 2993 Animis
499 2966 665 2999 Canisius;
684 2967 887 2993 animorum
904 2966 1095 3001 affectibus
1110 2965 1285 2993 Polancus.
