2074 3179
189 114 259 150 :324
718 114 944 149 LlT'rERAE
972 124 1328 156 QUADRIMESTRES

190 212 351 251 diebus
373 216 664 251 servaverat.
690 210 820 249 Alter
848 209 1027 259 funem,
1059 221 1150 261 quo
1178 222 1290 250 suae
1319 222 1503 262 quoque
1530 210 1667 250 uxori
1695 208 1824 260 spiri-

189 291 286 322 tum
313 288 357 322 et
383 282 544 322 fauces
571 281 922 331 intercluderet,
955 287 1095 332 atque
1115 281 1178 321 ita
1202 288 1400 322 mortem
1426 282 1626 332 afferret,
1656 280 1824 332 viginti

189 353 364 405 diebus,
401 358 597 405 captans
626 351 1022 403 opportunitatem
1049 364 1208 392 secum
1238 353 1421 393 tulerat.
1454 353 1661 403 Uterque
1690 363 1821 401 vero,

188 430 436 477 postquam
469 424 644 464 nostris
674 422 877 462 confessi
912 429 1088 473 essent,
1122 435 1228 463 eum
1258 424 1463 464 animum
1490 424 1820 475 deposuerunt,

188 496 376 548 suisque
397 494 673 546 conjugibus
695 494 986 534 reconciliati
1007 500 1128 535 sunt.

268 567 459 608 Obsessi
488 579 514 606 a
542 566 847 606 daemonibus
873 566 1005 606 multi
1032 566 1091 606 ad
1120 566 1179 606 D.
1213 567 1481 607 Cornelium
1511 566 1819 612 adducuntur,

188 639 323 691 quasi
352 639 410 678 ad
437 638 526 677 hoc
548 637 755 676 muneris
782 638 1067 688 peculiarem
1089 650 1116 677 a
1147 638 1247 678 Deo
1280 637 1419 690 (quod
1449 639 1658 689 apparet)
1691 637 1823 677 mise-

188 710 439 750 ricordiam
462 714 815 759 consequutum.
840 708 1055 749 Sentiunt
1076 709 1199 749 enim
1221 720 1270 749 se
1288 708 1445 760 juvari
1465 707 1562 760 ejus
1584 720 1726 760 opera
1748 708 1824 759 qui

186 781 284 833 ejus
320 780 528 821 consiliis
564 780 902 831 obtemperant.
940 780 999 820 Et
1033 781 1155 820 inter
1183 786 1397 820 caeteros
1426 780 1629 832 quidam,
1660 779 1824 830 paucis

185 858 291 893 ante
309 853 472 893 diebus
488 851 733 902 adductus,
752 863 888 903 quem
906 852 984 903 qui
998 858 1315 903 occupaverat
1329 851 1543 902 daemon,
1559 857 1716 891 tacere
1732 861 1825 890 non

183 924 334 976 potuit
354 935 403 963 se
424 923 589 975 premi;
613 922 708 974 sed,
733 929 839 974 post
861 924 1031 963 multos
1052 922 1250 974 ejulatus
1271 934 1326 963 ac
1348 923 1546 974 rugitus,
1570 922 1726 962 multis
1748 921 1825 961 ad-

184 995 429 1045 stantibus,
454 995 611 1046 palam
633 994 874 1034 confessus
892 1000 976 1045 est,
997 995 1057 1035 ad
1073 994 1130 1035 D.
1151 994 1432 1041 Cornelium,
1454 1004 1739 1045 quamquam
1760 993 1825 1043 (ut

183 1067 312 1108 credi
345 1068 514 1119 potest)
551 1066 794 1115 insidiose,
826 1071 984 1106 tamen
1011 1078 1144 1107 vere:
1169 1072 1264 1118 tua,
1288 1065 1451 1117 inquit,
1475 1065 1717 1105 humilitas
1738 1071 1821 1114 est,

184 1151 303 1191 quae
325 1150 397 1179 me
420 1138 665 1178 comburit.
690 1137 921 1177 Dominus
943 1149 1057 1177 vero
1087 1137 1331 1178 Cornelius
1358 1149 1655 1190 nequaquam
1687 1136 1823 1176 desti—

182 1211 259 1261 tit,
284 1210 559 1262 priusquam
581 1220 635 1248 eo
660 1209 788 1249 abire
805 1208 957 1260 jusso,
983 1209 1173 1260 obsessi,
1194 1208 1292 1261 jam
1312 1214 1410 1249 tum
1430 1209 1692 1260 quietioris,
1718 1219 1822 1247 con-

182 1281 434 1322 fessionem
456 1280 704 1329 audiverit;
729 1292 821 1331 qua
843 1280 985 1331 sacta,
1010 1280 1229 1321 dimissus
1251 1286 1320 1321 est
1337 1281 1515 1329 melius,
1538 1285 1676 1331 prout
1697 1278 1823 1319 vide-

180 1354 330 1403 batur,
351 1352 610 1403 habiturus,
631 1352 708 1391 vel
725 1352 813 1391 hoc
832 1363 926 1391 uno
944 1352 1082 1403 quod,
1098 1352 1184 1392 etsi
1198 1352 1314 1392 duos
1324 1351 1421 1403 jam
1438 1358 1482 1392 et
1494 1351 1664 1402 viginti
1676 1361 1825 1390 annos

182 1430 333 1475 natus,
354 1435 593 1475 nunquam
614 1429 771 1463 tamen
789 1423 1033 1464 confessus
1050 1424 1217 1464 fuerat.
1238 1423 1352 1464 Heri
1368 1435 1482 1464 vero
1499 1423 1668 1463 iterum
1688 1421 1825 1462 rediit

185 1495 503 1536 confessurus.

262 1567 384 1607 Inter
408 1566 717 1606 confessionis
739 1567 1006 1617 commoda,
1032 1566 1142 1607 illud
1165 1578 1347 1618 quoque
1374 1578 1469 1606 non
1496 1566 1543 1606 in
1574 1564 1825 1617 postremis

183 1639 396 1678 duxerim
418 1638 709 1689 ponendum,
735 1637 857 1689 quod
879 1639 1266 1689 superstitionum
1286 1649 1418 1687 usus,
1453 1637 1529 1689 qui
1557 1644 1715 1677 tamen
1746 1636 1825 1675 ha-

180 1716 342 1750 ctenus
364 1710 440 1749 hic
461 1708 546 1748 fuit
568 1709 809 1760 plurimus,
834 1721 928 1749 non
951 1721 1117 1760 parum
1139 1710 1365 1749 aboletur.

260 1780 350 1821 Sed
371 1786 415 1820 et
437 1780 551 1820 illud
573 1781 693 1820 inter
720 1780 837 1820 haec
868 1781 1196 1832 praecipuum,
1221 1780 1344 1832 quod
1372 1792 1467 1832 pax
1494 1781 1615 1820 inter
1636 1780 1820 1827 multos,

178 1864 350 1904 cosque
379 1852 771 1902 consanguineos,
797 1852 1055 1903 composita
1078 1858 1160 1892 est.
1192 1851 1279 1892 Vir
1308 1852 1431 1892 enim
1459 1851 1648 1903 quidam
1675 1861 1823 1902 paene

176 1930 222 1964 et
243 1923 398 1975 specie
420 1921 838 1963 visustruculenta
866 1928 910 1962 et
943 1919 1101 1963 animo
1129 1922 1276 1972 ferus,
1309 1923 1512 1974 quadam
1540 1923 1614 1962 die
1646 1922 1706 1962 ad
1736 1933 1822 1961 nos

177 1994 407 2035 adductus
429 2006 455 2033 a
478 1993 762 2033 scholastico
780 1992 977 2045 juvene,
1002 1994 1079 2046 qui
1108 2005 1214 2034 eum
1243 1994 1364 2034 forte
1392 1994 1658 2044 invenerat,
1689 1998 1733 2033 et
1762 2004 1820 2032 ex

178 2067 422 2106 oculorum
438 2065 698 2117 frontisque
719 2065 896 2116 habitu,
916 2065 1025 2117 quia
1041 2077 1178 2106 nemo
1196 2071 1350 2117 potest
1366 2066 1560 2106 tacitum
1577 2065 1710 2104 vultu
1726 2075 1819 2103 non

178 2138 374 2188 prodere
398 2137 596 2187 crimen,
621 2142 914 2187 cognoverat
935 2148 1030 2176 non
1052 2148 1154 2177 esse
1176 2137 1331 2177 animo
1354 2137 1509 2189 quieto
1542 2142 1815 2188 paratoque,

176 2214 337 2260 aperte
372 2208 527 2248 fassus
558 2214 628 2248 est
656 2208 926 2248 domesticis
954 2208 1151 2259 nostris,
1184 2209 1262 2260 qui
1293 2220 1398 2248 eum
1427 2209 1585 2248 statim
1619 2206 1819 2257 benigne

177 2280 349 2331 alloqui
373 2285 649 2331 coeperunt,
676 2290 724 2319 se
746 2279 896 2330 pridie
918 2278 1017 2331 ejus
1040 2279 1132 2319 diei
1153 2285 1437 2320 tormentum
1464 2279 1680 2319 bellicum
1712 2288 1817 2317 exo-

176 2363 368 2391 nerasse
390 2351 437 2390 in
458 2350 651 2390 fratrem
674 2361 824 2401 suum,
843 2356 1094 2402 propterea
1110 2351 1250 2402 quod,
1270 2362 1410 2402 quam
1429 2351 1528 2402 ipse
1550 2349 1628 2389 diu
1646 2348 1816 2389 habue-

177 2428 249 2463 rat
271 2422 584 2462 concubinam
601 2421 951 2472 lautissimeque
970 2422 1216 2473 nutrierat,
1236 2433 1340 2462 eam
1356 2421 1515 2472 frater,
1535 2421 1637 2472 ipso
1655 2419 1815 2459 absen-

174 2502 239 2545 te,
264 2494 465 2545 cepisset
486 2492 767 2542 usurariam,
792 2505 878 2533 nec
900 2498 1058 2533 tamen
1081 2492 1276 2533 fratrem
1297 2505 1355 2533 ex
1377 2505 1431 2533 eo
1454 2492 1574 2532 mori
1590 2491 1813 2543 potuisse.

174 2565 299 2618 quod
320 2576 427 2605 eum
447 2576 542 2604 non
564 2563 853 2614 contigissem
878 2575 1044 2604 verum
1067 2564 1144 2604 alii
1166 2564 1349 2604 dedisse
1377 2575 1426 2604 se
1454 2563 1500 2604 id
1525 2562 1813 2614 provinciae,

174 2643 222 2678 ut
244 2648 351 2677 eum
373 2636 623 2677 occideret.
648 2633 746 2675 Sibi
768 2646 882 2674 vero
905 2635 951 2675 id
971 2646 1122 2686 genus
1143 2636 1271 2676 vitae
1292 2636 1493 2687 placere,
1516 2640 1565 2674 ut
1587 2634 1634 2673 in
1661 2644 1816 2673 nemo-

172 2708 301 2749 ribus
323 2707 480 2759 degat,
504 2718 591 2746 nec
611 2705 808 2746 fratrem
830 2716 1084 2746 evasurum
1106 2707 1218 2758 quin
1238 2707 1314 2746 vel
1340 2718 1368 2746 a
1395 2717 1444 2746 se
1465 2706 1539 2745 vel
1568 2705 1626 2744 ab
1647 2716 1717 2754 eo,
1742 2704 1815 2744 cui

174 2779 485 2820 mandaverat
503 2776 826 2828 occidendum,
843 2776 1049 2817 caderet.
1068 2777 1155 2817 Hic
1173 2783 1380 2817 retentus
1396 2777 1523 2816 domi
1540 2787 1622 2827 per
1639 2775 1815 2826 aliquot

174 2851 338 2901 horas,
364 2849 535 2889 auditis
556 2848 667 2888 hinc
694 2848 801 2888 inde
828 2854 926 2888 tam
956 2848 1112 2888 multis
1138 2848 1400 2888 rationibus
1428 2846 1486 2887 ad
1513 2858 1679 2899 pacem
1708 2857 1815 2886 cum

172 2921 317 2962 fratre
353 2920 605 2961 ineundam
642 2920 794 2972 ipsum
829 2919 1208 2969 cohortantibus,
1248 2920 1312 2959 ita
1345 2904 1578 2959 feritatem
1622 2924 1813 2971 repente
