2074 3179
200 172 271 208 410
712 173 940 210 LITTERAE
966 183 1324 216 QUADRiMEsrREs

960 626 1086 679 clv

269 855 463 906 Joannes
484 860 682 907 Baptista
706 860 758 898 de
777 860 899 907 Jesu,

318 925 386 962 Ex
405 925 728 962 commissione
749 926 893 963 Patris
912 926 1094 973 Joannis
1118 926 1355 972 Pelletarii‚

368 991 487 1028 Patri
506 991 676 1038 Ignatio
697 991 750 1028 de
770 991 954 1039 Loyola.

413 1057 633 1103 Ferraria,
655 1056 678 1093 3
693 1055 967 1104 Septembris
987 1057 1073 1094 1551
1097 1058 1121 1092 ¹.

1000 1231 1020 1264 ,ἰ-

969 1266 1068 1308 IHS

279 1410 444 1450 Gratia
467 1416 511 1450 et
532 1422 626 1462 pax
649 1416 735 1450 etc,

280 1480 428 1522 Adest
449 1488 654 1533 tempus,
676 1481 946 1521 venerande
967 1481 1121 1532 Pater,
1153 1482 1199 1521 in
1226 1493 1331 1533 quo,
1363 1480 1657 1521 obedientiae
1688 1480 1836 1532 jussu,

200 1553 431 1593 rationem
452 1565 630 1603 eorum,
665 1564 783 1604 quae
805 1553 878 1593 his
900 1558 1100 1605 quatuor
1128 1553 1387 1603 mensibus,
1417 1552 1611 1592 totidem
1640 1552 1763 1592 enim
1794 1552 1840 1591 in

200 1624 288 1664 hac
312 1624 503 1664 civitate
525 1625 785 1676 exegimus,
809 1624 897 1664 Dei
918 1625 1074 1675 gratia
1095 1624 1221 1664 facta
1244 1630 1364 1675 sunt,
1392 1624 1588 1664 reddere
1611 1630 1836 1664 tenemur:

197 1707 339 1746 quam
360 1696 657 1747 provinciam
677 1696 981 1736 libentissime
1002 1695 1055 1736 R.
1080 1695 1128 1736 P.
1152 1696 1357 1748 Joannes
1378 1695 1675 1746 Pelletarius,
1695 1696 1734 1735 si
1755 1707 1837 1746 per

197 1768 367 1807 multas
385 1767 718 1818 occupationes
734 1767 955 1818 licuisset,
976 1772 1077 1807 erat
1100 1772 1417 1818 suscepturus.
1443 1766 1598 1817 Quare
1616 1766 1704 1806 hoc
1726 1766 1839 1806 mihi

197 1838 367 1890 oneris,
397 1839 548 1890 impar
575 1850 689 1878 sane
711 1838 828 1878 meis
854 1838 1046 1886 viribUS,
1078 1845 1331 1890 utcumque
1358 1844 1515 1878 tamen
1547 1838 1838 1878 subeundum

198 1910 296 1950 fuit.
1152 1911 1158 1915 ⁴

277 1981 335 2022 Et
356 1986 406 2021 ut
427 1981 578 2033 primo
600 1981 704 2021 loco
727 1980 782 2021 de
810 1981 1033 2022 fratribus
1062 1981 1236 2033 aliquid
1264 1981 1514 2032 attingam,
1546 1981 1664 2021 scito
1694 1980 1738 2020 id
1771 1991 1835 2020 se-

197 2052 305 2092 dulo
327 2052 485 2092 curari
508 2064 534 2092 a
555 2052 790 2103 Patribus,
815 2058 865 2092 ut
887 2064 981 2093 non
1001 2053 1153 2093 solum
1174 2052 1220 2092 in
1237 2052 1487 2092 vocatione
1509 2058 1830 2104 permaneant,

200 2135 365 2163 verum
400 2124 541 2164 etiam
576 2130 625 2163 ut
655 2124 807 2175 magis
837 2135 891 2164 ac
922 2124 1076 2175 magis
1103 2124 1150 2164 in
1180 2124 1278 2164 dies
1304 2123 1351 2163 in
1379 2123 1543 2175 spiritu
1570 2123 1830 2175 proficiant.

198 2195 390 2236 Litteris
411 2207 525 2235 vero
548 2207 730 2235 summa
748 2207 854 2235 cum
873 2195 1115 2246 diligentia
1131 2201 1329 2246 vacant,
1348 2200 1538 2235 enarrat
1559 2194 1609 2234 P.
1632 2194 1838 2247 Joannes

202 2278 339 2306 mane
361 2272 457 2306 tres
478 2267 725 2316 lectiones,
749 2266 950 2318 primam
971 2267 1017 2306 in
1039 2266 1207 2306 litteris
1227 2266 1604 2317 humanioribus,
1638 2266 1834 2306 alteram

198 2339 246 2377 in
281 2338 549 2388 rhetoricis,
587 2338 775 2378 tertiam
809 2338 856 2377 in
891 2338 1226 2389 grammatices
1259 2338 1434 2377 latinae
1474 2337 1738 2389 praeceptis
1760 2348 1767 2387 ;
1809 2350 1835 2376 a

198 2409 395 2460 prandio
412 2421 526 2449 vero
543 2409 694 2459 binae,
716 2414 759 2448 et
777 2409 963 2460 quidem
981 2409 1036 2449 de
1053 2409 1254 2460 graecis,
1275 2409 1498 2448 lectiones
1512 2408 1832 2460 perleguntur.

199 2480 323 2520 Inter
345 2480 640 2520 coenandum
661 2480 865 2532 quotidie
886 2486 1100 2521 nostrum
1121 2492 1241 2520 unus
1263 2486 1342 2520 aut
1364 2480 1671 2520 concionatur
1692 2479 1836 2519 latina

201 2558 281 2592 aut
303 2552 560 2591 vernacula
581 2552 758 2603 lingua,
784 2558 864 2592 aut
886 2558 1012 2592 certe
1034 2552 1296 2592 orationem
1322 2551 1477 2591 habet.
1508 2550 1716 2602 Singulis
1744 2550 1833 2590 die-

199 2623 286 2663 bus
308 2622 554 2663 dominicis
576 2623 718 2663 etiam
740 2623 896 2675 aliqua
918 2623 1117 2663 habetur
1146 2623 1295 2663 oratio
1323 2629 1403 2663 aut
1432 2634 1458 2662 a
1485 2622 1733 2672 fratribus,
1758 2626 1837 2662 aut

200 2694 258 2734 ab
286 2694 372 2746 his,
403 2694 482 2746 qui
509 2693 555 2733 in
592 2693 699 2734 ludo
735 2694 984 2745 litterario,
1023 2694 1107 2734 sub
1142 2694 1339 2735 fratrum
1367 2693 1634 2745 disciplina,
1672 2692 1837 2732 litteris

199 2765 488 2806 incumbunt.
511 2765 792 2816 Pergratum
815 2765 1087 2816 parentibus
1108 2777 1224 2816 esse,
1251 2770 1299 2806 ut
1319 2765 1519 2805 filiorum
1540 2764 1728 2815 ingenia
1747 2764 1836 2803 hoc

253 2901 263 2921 ¹
304 2902 531 2936 Autographa
547 2903 579 2929 in
595 2902 674 2929 solio
691 2902 825 2937 duplici,
843 2902 893 2929 cui
910 2902 989 2929 olim
1008 2910 1062 2929 nn.
1084 2904 1136 2929 23⁰
1156 2907 1189 2930 et
1211 2902 1272 2935 281,
1296 2896 1382 2929 nunc
1397 2909 1480 2929 vero
1495 2902 1529 2928 64
1544 2906 1577 2928 et
1591 2901 1635 2928 65.
1653 2901 1835 2935 Castigata

202 2950 300 2976 valde
317 2949 389 2980 suit,
403 2954 436 2977 et
452 2950 587 2984 quidem
601 2951 734 2983 merim,
750 2958 769 2977 a
786 2950 821 2977 P.
838 2950 996 2977 Polanco.
1014 2950 1132 2984 Itaque
1156 2958 1215 2977 nos
1236 2957 1311 2977 eam
1333 2950 1442 2984 primo
1462 2950 1536 2976 loco
1557 2954 1658 2983 prout
1682 2956 1698 2974 e
1722 2947 1836 2975 Patris

200 2996 347 3025 Polanco
360 2998 514 3025 manibus
530 2998 652 3031 evasit,
669 2998 815 3025 secundo
830 3002 944 3025 autem
959 2999 1094 3031 qualem
1110 2998 1247 3031 reliquit
1263 2997 1335 3032 ejus
1351 3001 1482 3030 auctor,
1502 2996 1780 3023 transcribemus.
