2074 3179
292 150 361 185 7⁴24
803 148 1032 186 LITTERAE
1059 140 1418 192 QUADRIMESTRES

999 602 1239 657 CLXIV

359 831 383 877 J
391 840 555 868 oannes
573 830 794 878 Rogerius

410 896 532 933 Patri
550 895 720 944 Ignatio
740 896 795 934 de
816 896 999 945 Loyola.

458 962 692 1008 Panormo,
713 961 761 1000 28
778 962 974 1010 Augusti
999 963 1091 1001 1552
1112 963 1136 1001 ¹.

1105 1104 1133 1151 ,L

369 1247 440 1287 Ex
463 1259 553 1299 quo
576 1253 642 1297 te,
667 1246 720 1286 R.
736 1246 776 1273 de
798 1247 845 1287 in
867 1246 1053 1287 Christo
1081 1247 1243 1295 Pater,
1274 1246 1330 1288 de
1358 1247 1437 1296 iis,
1473 1259 1592 1300 quae
1619 1248 1935 1288 observando-

289 1331 394 1359 rum
414 1318 608 1359 Patrum
629 1318 1109 1370 charissimorumque
1129 1319 1330 1360 fratrum
1341 1319 1600 1359 ministerio
1613 1318 1842 1359 Dominus
1858 1318 1934 1359 hic

287 1391 476 1443 operari
511 1389 731 1442 dignatus
765 1396 858 1441 est,
892 1390 1079 1431 ineunte
1112 1389 1235 1442 Majo
1266 1391 1516 1431 certiorem
1542 1390 1764 1442 fecimus,
1797 1390 1932 1440 aliae,

289 1462 562 1514 porrigente
590 1462 816 1513 Domino,
848 1462 1137 1514 spirituales,
1167 1462 1334 1514 quibus
1367 1468 1622 1513 vacarent,
1652 1474 1747 1502 non
1783 1461 1935 1502 defue-

287 1542 396 1574 runt
419 1534 777 1585 occupationes3
802 1533 884 1573 sed
907 1545 1069 1573 omnes
1089 1533 1236 1573 variis
1256 1539 1302 1573 et
1328 1533 1650 1585 frequentibus
1678 1533 1931 1582 exercitiis,

287 1605 479 1656 quidam
511 1605 807 1656 lectionibus,
845 1605 923 1645 alii
957 1604 1283 1654 concionibus,
1320 1605 1529 1645 nonnulli
1559 1604 1935 1646 confessionibus

288 1677 557 1727 audiendis,
582 1688 745 1717 eorum
766 1676 898 1716 multi
919 1677 1101 1717 duobus
1121 1677 1197 1717 vel
1218 1676 1365 1717 tribus
1386 1677 1489 1717 istis
1515 1676 1705 1717 intentis
1735 1676 1934 1716 muneri-

288 1748 373 1788 bus
395 1747 602 1788 desidiae
623 1749 697 1787 vel
719 1748 941 1798 ignaviae
962 1749 1119 1788 locum
1137 1748 1317 1788 nullum
1343 1748 1645 1800 reliquerunt.
1675 1746 1766 1788 Sed
1803 1759 1935 1798 supe-

288 1819 438 1859 riores
472 1818 688 1869 sudores,
725 1819 800 1860 vel
836 1819 974 1859 novis
1009 1819 1439 1870 succrescentibus,
1477 1820 1553 1859 vel
1582 1819 1770 1870 iisdem,
1806 1819 1936 1859 velut

286 1889 479 1942 Sisyphi
499 1902 640 1941 saxo,
665 1902 850 1942 semper
872 1890 1037 1930 eodem
1063 1889 1379 1930 recidentibus
1407 1890 1646 1931 laboribus
1681 1890 1936 1941 diligentis-

288 1961 404 2001 sime
426 1961 738 2001 cumularunt.
764 1961 898 2002 Unde
921 1973 1015 2001 non
1037 1960 1229 2001 inferior
1249 1961 1337 2001 Dei
1357 1961 1513 2013 gratia
1530 1961 1730 2012 fructus,
1754 1973 1849 2001 non
1865 1973 1934 2001 so-

288 2032 370 2073 lito
391 2032 544 2072 minor
565 2032 766 2083 utilitas,
800 2032 883 2072 sed
913 2033 1154 2084 aliquanto
1185 2033 1442 2084 copiosior,
1473 2032 1594 2073 sicut
1620 2033 1668 2072 in
1694 2039 1937 2084 posterum

288 2115 474 2156 semper
494 2104 540 2144 in
561 2103 763 2144 Domino
785 2103 993 2144 futurum
1020 2103 1315 2155 confidimus,
1339 2105 1593 2144 emanavit.
1624 2104 1756 2155 Quae
1785 2105 1937 2156 qualis

288 2181 526 2226 quantave
548 2175 708 2223 fuerit,
733 2176 920 2227 paucis,
944 2182 993 2215 ut
1015 2176 1307 2216 obedientiae
1334 2176 1384 2217 P.
1413 2176 1472 2217 V.
1504 2188 1778 2228 pareamus,
1813 2177 1936 2216 exol-

293 2259 477 2288 vemus.
1926 2253 1929 2256 ’

372 2318 423 2358 In
457 2318 657 2358 ecclesia
683 2324 847 2358 nostra
876 2330 902 2358 a
931 2318 1308 2370 quamplurimis,
1341 2324 1623 2370 augescente
1653 2319 1700 2359 in
1730 2319 1829 2359 dies
1858 2330 1937 2359 nu-

293 2402 444 2441 mero,
481 2389 792 2430 confessionis
827 2401 1011 2430 necnon
1045 2389 1387 2430 communionis
1420 2396 1739 2442 sacramenta,
1778 2390 1938 2430 multis

294 2474 403 2502 cum
423 2461 764 2502 admirantibus
786 2468 887 2501 tum
906 2461 1227 2513 probantibus,
1252 2461 1439 2501 assidue
1456 2461 1826 2513 frequentantur.
1846 2461 1936 2502 Ve-

295 2545 399 2574 rum
419 2532 703 2585 praecipuus
725 2533 917 2585 quidam
939 2543 1213 2583 concursus,
1237 2531 1484 2584 cujuslibet
1511 2533 1752 2573 hominum
1782 2532 1939 2573 condi-

296 2605 436 2645 tionis
456 2617 512 2645 ac
534 2610 699 2656 status,
723 2604 771 2644 in
787 2603 1007 2656 jubilaeo,
1032 2616 1170 2656 quem
1190 2615 1400 2644 summus
1420 2603 1636 2645 Pontifex
1662 2616 1747 2656 pro
1776 2605 1940 2656 implo-

296 2676 446 2716 randa
468 2676 835 2716 christianorum
850 2676 1115 2728 principum
1130 2687 1247 2727 pace
1264 2675 1464 2727 benigne
1482 2683 1796 2727 concesserat,
1817 2675 1939 2728 apud

298 2759 385 2787 nos
406 2747 597 2787 exstitit.
623 2746 803 2787 Tantus
824 2747 948 2787 enim
971 2746 1055 2787 fuit
1084 2753 1133 2787 ut
1161 2746 1455 2798 apertissime
1483 2753 1659 2798 quanta
1685 2753 1808 2787 esset
1835 2759 1939 2799 ope-

355 2930 364 2948 ¹
405 2930 651 2965 Apogmphum
666 2931 699 2959 in
715 2932 770 2959 fol.
786 2932 817 2959 41
837 2932 916 2959 Cod.
934 2932 1155 2960 1551.—Aliud
1170 2940 1232 2959 non
1246 2936 1323 2959 sunt
1335 2931 1400 2959 hae
1414 2931 1551 2966 Rogerii
1567 2931 1707 2959 litterae
1722 2932 1785 2959 nisi
1800 2940 1939 2966 praeee-

297 2977 451 3004 dentium
467 2977 561 3005 Petri
577 2978 615 3005 de
635 2978 868 3007 Rivadeneira
891 2980 923 3007 in
938 2980 1056 3014 paucis
1071 2980 1328 3008 emendatarum
1343 2979 1540 3007 litterarum
1555 2979 1663 3007 latina
1678 2980 1801 3007 versio.
