2074 3179
252 161 324 199 750
781 162 1008 199 errERAE
1036 174 1394 206 QUADRJMESTRES

251 259 406 310 plagis
425 260 723 300 mederentur
744 260 942 300 illorum.
968 260 1110 300 Venit
1137 261 1279 302 etiam
1305 275 1412 303 cum
1440 264 1530 304 illis
1557 265 1724 304 mulier
1754 278 1889 317 quae·

252 329 375 382 dam,
399 336 703 382 comportans
724 342 885 371 secum
903 331 1075 383 omnia,
1095 343 1213 383 quae
1231 333 1290 373 ad
1307 334 1494 375 illorum
1510 335 1739 376 medelam
1756 344 1891 377 erant

250 403 535 442 necessaria.
559 401 662 442 Hac
684 402 935 443 occasione
955 403 1105 448 movit
1125 403 1356 444 Dominus
1383 406 1637 446 multorum
1664 407 1809 447 corda
1831 409 1889 448 ad

250 472 460 513 dolorem
482 479 526 513 et
554 473 898 514 confessionem
926 485 1119 514 suorum
1149 480 1451 526 peccatorum
1472 483 1517 517 et
1550 478 1609 517 ad
1637 478 1890 530 suscipien-

250 544 359 584 dum
377 545 719 585 communionis
735 550 1099 595 sacramentum,
1120 557 1239 597 quae
1256 548 1526 598 precedenti
1537 547 1741 600 jubilaeo
1758 558 1887 591 mota

248 627 343 656 non
371 615 570 656 fuerant.
601 615 861 668 Statimque
892 628 1055 657 omnes
1082 618 1206 657 tauri
1237 619 1418 669 explosi
1453 626 1580 671 sunt,
1615 621 1820 662 cessavit
1848 628 1892 662 et

248 693 487 728 certamen
509 688 804 729 arundinum.

326 759 583 811 Postquam
603 759 732 800 venit
754 772 778 800 e
799 760 1019 801 Valentia
1040 759 1089 800 P.
1114 767 1276 801 noster
1296 761 1572 814 Ducemque
1603 764 1892 804 allocuturus

246 831 454 882 adiisset,
479 843 604 871 nova
627 831 832 883 quadam
851 832 1009 871 vultus
1031 831 1269 872 hilaritate
1292 838 1336 873 et
1356 834 1626 874 reverentia
1642 841 1892 886 susceptus

245 908 335 953 est3
359 913 559 954 cumque
581 908 875 954 compertum
895 908 1018 943 esset
1038 902 1166 943 Patri
1187 910 1350 944 nostro
1368 905 1617 956 quemdam
1633 906 1886 956 hominem,

244 974 521 1014 verberibus
541 974 726 1026 publice
746 974 1054 1026 puniendum,
1085 986 1109 1014 e
1136 987 1328 1016 carcere
1352 974 1449 1026 jam
1473 975 1571 1027 jam
1599 978 1754 1028 educi,
1786 989 1889 1029 sup-

243 1046 352 1096 plex
371 1045 505 1097 petiit
522 1045 741 1086 revocari
758 1046 1052 1086 sententiam.
1073 1045 1184 1086 Dux
1201 1052 1344 1098 certe,
1364 1047 1639 1088 confusione
1657 1055 1701 1088 et
1718 1049 1889 1088 rubore

243 1117 472 1168 oppletus,
498 1116 651 1157 Patris
671 1117 718 1157 in
738 1117 954 1157 libertate
975 1117 1131 1168 posuit
1146 1116 1350 1157 hominis
1371 1119 1673 1163 sententiam,
1699 1120 1777 1170 qui
1798 1126 1889 1159 sta—

242 1188 327 1228 tim
347 1199 455 1228 eum
476 1188 620 1228 libere
643 1188 832 1228 dimisit.

322 1258 502 1300 Diebus
523 1260 635 1310 illis,
660 1259 828 1311 quibus
861 1258 1000 1300 Pater
1030 1259 1280 1300 Valentiae
1310 1262 1588 1312 permansit,
1624 1262 1811 1302 admisit
1842 1262 1888 1302 in

242 1329 527 1372 Societatem
554 1330 809 1372 Dominum,
835 1331 1026 1372 Petrum
1053 1331 1282 1383 Cabrera‚
1312 1332 1512 1373 nobilem
1538 1332 1780 1383 juvenem,
1811 1345 1886 1372 ne-

242 1408 491 1455 potemque
513 1402 757 1455 cujusdam
777 1403 940 1454 magni
960 1403 1208 1455 principis,
1234 1415 1372 1456 quem
1401 1405 1546 1456 vulgo
1578 1405 1776 1444 dicimus
1807 1404 1885 1444 Al—

241 1474 448 1514 mz'raute
469 1475 524 1514 de
552 1473 773 1526 Castz'lla,
790 1473 1012 1526 juvenem
1033 1480 1159 1515 certe
1179 1474 1402 1515 humilem
1419 1482 1464 1516 et
1487 1476 1641 1527 quieto
1665 1477 1886 1527 claroque

239 1543 431 1597 judicio,
456 1546 536 1597 qui
557 1546 674 1586 adeo
696 1558 745 1586 se
767 1545 969 1586 ostendit
991 1546 1284 1597 paupertatis
1307 1552 1570 1587 amatorem
1591 1548 1640 1586 ut
1658 1553 1792 1586 extra
1810 1547 1886 1587 do—

241 1627 391 1668 mum,
421 1617 564 1668 pallio
592 1629 676 1657 suo
705 1617 884 1668 relicto,
918 1617 1008 1657 alio
1035 1618 1197 1658 attrito
1227 1623 1271 1657 et
1306 1617 1578 1658 decolorato
1606 1618 1664 1658 ad
1699 1619 1885 1659 mortifi-

247 1688 450 1728 candum
470 1688 666 1728 fratrem
687 1689 936 1740 quemdam
954 1689 1034 1739 qui
1050 1700 1104 1728 eo
1123 1689 1356 1738 utebatur,
1379 1689 1531 1729 laetus
1552 1689 1752 1729 incedat.
1772 1689 1889 1730 Cum

245 1764 370 1799 esset
387 1758 485 1810 jam
514 1758 728 1800 Gandiae
755 1759 896 1799 Pater
923 1766 1098 1809 noster,
1131 1760 1313 1811 accepit
1344 1760 1525 1800 litteras
1555 1772 1581 1800 a
1610 1760 1888 1811 quibusdam

245 1829 411 1870 incolis
444 1830 794 1871 Concentainae
814 1863 821 1881 ‚
863 1831 1030 1882 quibus
1066 1837 1366 1871 sacramenta
1402 1831 1808 1882 frequentantibus
1843 1838 1889 1880 et

243 1901 292 1941 in
311 1901 447 1941 bonis
469 1902 689 1953 operibus
710 1902 1069 1954 persistentibus
1090 1902 1234 1941 semel
1255 1902 1564 1942 concionatus
1587 1908 1677 1947 est:
1702 1903 1749 1942 hi
1764 1914 1889 1943 nunc

242 1972 473 2013 instanter
506 1973 728 2025 petebant
762 1985 789 2013 a
822 1973 962 2013 Patre
992 1979 1042 2013 ut
1076 1973 1181 2012 illos
1209 1972 1435 2013 inviseret
1466 1979 1510 2013 et
1537 1985 1622 2013 sua
1649 1973 1887 2025 praedica-

240 2044 366 2083 tione
387 2044 637 2095 pristinum
657 2045 800 2085 robur
821 2044 1100 2084 restitueret.
1129 2043 1339 2095 Cumque
1359 2043 1514 2095 Pater,
1538 2044 1629 2084 illis
1652 2045 1886 2096 obtempe-

240 2126 372 2165 rans,
403 2115 510 2155 illuc
539 2127 588 2155 se
617 2115 891 2156 contulisset
919 2126 1026 2155 cum
1053 2115 1199 2155 altero
1228 2113 1368 2155 Patre
1402 2115 1554 2167 socio,
1588 2115 1646 2156 ad
1683 2115 1887 2157 mediam

239 2198 388 2238 usque
409 2193 597 2228 noctem
626 2187 824 2238 vigilare
852 2187 898 2227 in
927 2186 1172 2227 audiendis
1204 2186 1598 2238 confessionibuS,
1633 2193 1677 2227 et
1705 2186 1764 2227 ad
1792 2186 1881 2227 hoc

239 2258 393 2309 ipsum
414 2258 461 2298 in
482 2270 655 2299 aurora
676 2270 871 2310 surgere
894 2258 1169 2298 debuerunt.

319 2328 498 2370 Diebus
524 2330 738 2381 proxime
770 2329 961 2381 elapsis,
994 2329 1237 2381 peccatrix
1268 2329 1501 2380 quaedam
1526 2329 1734 2381 publica,
1760 2341 1883 2369 com-

237 2406 414 2451 puncta
435 2401 598 2452 corde,
621 2401 751 2441 venit
773 2400 832 2441 ad
852 2412 939 2440 nos
958 2400 1185 2451 petiitque
1211 2398 1314 2439 dari
1342 2399 1429 2439 sibi
1459 2400 1755 2440 sacerdotem
1774 2411 1879 2451 pru—

238 2471 445 2522 dentem,
470 2472 546 2512 cui
567 2457 889 2523 confiteretur,
914 2472 1076 2512 dicens
1093 2484 1142 2512 se
1159 2483 1262 2512 esse
1278 2471 1593 2522 peccatricem
1609 2471 1880 2519 maximam3

239 2554 359 2594 quae
380 2542 598 2583 confessa
619 2548 689 2583 est
709 2550 755 2583 et
777 2544 1022 2583 consolata
1043 2542 1254 2583 recessit.

317 2613 389 2654 De
409 2615 583 2655 nostris
603 2614 790 2665 studiis,
816 2614 872 2654 de
898 2614 1114 2654 doctrina
1136 2613 1418 2665 christiana,
1438 2613 1495 2653 de
1511 2612 1816 2653 concionibus
1836 2619 1881 2654 et.

238 2685 612 2726 confessionibus
633 2685 749 2726 nihil
770 2685 976 2726 occurrit
997 2684 1318 2725 scribendum.

317 2755 514 2808 Reliqua
534 2757 762 2798 exercitia
781 2756 1057 2797 humilitatis
1085 2762 1129 2796 et
1158 2756 1381 2808 propriae
1410 2755 1677 2806 negationis
1704 2755 1753 2794 in
1782 2755 1883 2794 dies

237 2833 470 2877 augentur
491 2829 704 2880 exemplo
725 2833 770 2868 et
790 2827 1119 2868 exhortatione
1149 2826 1208 2867 D.
1239 2826 1503 2878 Baptistae,
1533 2825 1686 2865 Patris
1712 2826 1877 2873 nostri,

236 2897 330 2948 qui,
355 2899 538 2949 quoties
559 2899 702 2951 deest,
726 2905 777 2939 ut
797 2910 937 2950 saepe
957 2898 1021 2947 fit,
1046 2904 1126 2938 aut
1145 2898 1420 2938 immoratur
1441 2896 1653 2937 minister
1673 2907 1877 2946 mensae,

237 2968 387 3018 surgit
407 2969 505 3019 ipse
523 2970 850 3022 humiliterque
866 2969 1100 3010 ministrat
1116 2968 1244 3009 cibos
1260 2968 1394 3008 nobis
1410 2979 1418 3018 ;
1438 2966 1715 3019 saepissime
1734 2967 1874 3007 etiam
