2074 3179
865 153 947 190 Ax.
979 153 1065 190 1551
1704 155 1769 190 421

224 252 308 291 His
343 251 502 291 diebus
536 251 777 303 proximis,
814 263 920 291 cum
954 263 1073 291 unus
1106 264 1129 291 e
1157 251 1330 291 nostris
1362 251 1421 290 ad
1443 251 1579 290 unius
1601 251 1770 290 infirmi

143 322 423 362 audiendam
444 322 785 362 confessionem
808 334 856 362 se
879 322 1171 373 contulisset,
1195 333 1300 361 eum
1328 334 1355 362 a
1375 321 1524 361 tribus
1552 321 1685 361 annis
1708 323 1767 361 al-

143 393 229 432 teri
251 392 436 433 cuidam
456 393 667 443 graviter
695 393 926 437 infensum
953 393 1279 444 deprehendit3
1302 397 1346 432 et
1369 393 1582 443 quamvis
1605 392 1770 432 horum

140 464 393 504 familiares
414 464 545 504 multi
564 464 637 503 vel
659 464 848 514 cognati
869 471 1003 504 vetus
1026 464 1137 504 illud
1158 463 1314 504 odium
1341 464 1616 514 extinguere
1643 464 1768 502 nullo

140 546 232 574 non
253 541 376 575 moto
393 534 547 586 lapide
567 540 841 586 tentassent,
865 541 910 575 et
931 547 1011 575 eos
1031 535 1077 574 in
1097 535 1301 586 gratiam
1322 534 1560 583 reducere,
1584 546 1763 573 necnon

141 606 328 657 quidam
350 606 566 646 doctores
587 606 795 656 theologi
817 607 904 646 hac
926 607 973 646 in
995 618 1044 646 re
1075 608 1269 646 multum
1300 606 1631 655 desudassent,
1656 606 1766 645 nihil

141 684 298 716 tamen
318 688 509 728 prorsus
536 688 686 728 neque
708 677 754 717 hi
775 689 923 728 neque
952 677 1015 716 illi
1045 677 1225 716 efficere
1253 682 1518 728 potuerunt.
1548 675 1638 716 Sed
1660 688 1767 727 quo-

143 748 268 787 niam
289 748 479 799 spiritus
499 748 577 788 ubi
603 749 703 788 vult
731 748 898 799 spirat,
932 753 976 787 et
1005 747 1180 798 majore
1208 747 1409 798 quodam
1439 747 1598 786 afflatu
1626 747 1765 797 vires,

142 818 308 869 quibus
342 818 440 869 ipse
470 819 682 869 voluerit,
714 818 897 859 divinas
932 817 1145 865 infundit,
1182 818 1259 858 ubi
1284 818 1486 869 primum
1516 824 1675 858 noster
1695 818 1769 857 ille

142 889 375 938 sacerdos,
410 890 488 940 qui
518 890 774 940 spiritualis
802 889 1010 929 medicus
1043 890 1103 929 ad
1132 896 1378 938 aegrotum
1411 889 1600 928 morbos
1628 889 1769 928 animi

139 966 390 999 sanaturus
424 960 660 1011 profectus
693 960 859 1011 fuerat,
896 967 1136 1011 tamquam
1168 960 1257 1000 Dei
1286 960 1497 1000 minister
1523 971 1629 1000 eum
1664 971 1770 1000 cum

140 1030 324 1070 Christo
346 1031 709 1081 reconciliasset,
733 1030 831 1082 ejus
853 1031 1177 1072 adversarium
1200 1031 1431 1082 convenit,
1457 1030 1646 1082 ejusque
1671 1042 1767 1070 cor-

139 1112 276 1140 neam
306 1101 470 1141 fibram
504 1108 759 1153 pectusque
794 1103 1172 1152 adamantinum,
1201 1114 1293 1142 non
1323 1102 1492 1142 hircini
1525 1102 1770 1153 sanguinis

140 1172 428 1223 aspersione,
461 1173 543 1213 sed
564 1173 619 1213 de
655 1173 979 1225 pretiosissimi
1009 1174 1253 1224 sanguinis
1282 1174 1381 1214 veri
1408 1179 1452 1213 et
1482 1174 1766 1213 immaculati

140 1243 272 1293 agni,
304 1242 565 1283 Salvatoris
590 1244 747 1284 Nostri
774 1244 885 1297 jesu
913 1244 1106 1295 Christi,
1142 1245 1385 1295 effusione,
1419 1245 1475 1284 de
1503 1245 1767 1285 condonata

137 1314 430 1354 inimicorum
458 1314 647 1366 injuria,
672 1315 727 1355 de
748 1315 864 1355 fusis
891 1316 950 1356 ad
978 1315 1164 1356 Patrem
1194 1317 1241 1356 in
1269 1316 1641 1367 crucifigentium
1662 1326 1765 1366 gra-

136 1385 249 1424 tiam
277 1386 508 1436 precibus,
544 1386 779 1426 mentione
814 1386 954 1437 facta,
986 1387 1226 1438 perfregit,
1256 1386 1454 1438 disrupit
1486 1394 1531 1426 et
1558 1386 1761 1427 emolliit:

135 1456 222 1495 hoc
243 1456 366 1496 enim
385 1467 535 1507 genus
557 1457 820 1497 adamantis
841 1458 967 1497 nulla
992 1459 1084 1497 alia
1113 1458 1285 1498 virtute
1306 1464 1387 1497 aut
1414 1458 1580 1498 robore
1601 1458 1765 1497 melius

134 1526 418 1567 dissolvitur.
457 1527 557 1567 Hoc
591 1534 729 1579 pacto
765 1528 1094 1577 inveteratum,
1128 1534 1172 1568 et
1202 1528 1377 1568 intimis
1406 1529 1543 1568 altius
1574 1529 1762 1569 insitum

133 1599 433 1649 praecordiis,
458 1599 710 1650 extirpavit
732 1599 902 1650 odium3
927 1612 1011 1639 nec
1033 1600 1267 1639 hominem
1287 1600 1417 1651 prius
1439 1601 1633 1640 missum
1654 1600 1762 1640 fecit

134 1667 270 1707 Pater
287 1680 426 1719 quam
443 1676 741 1721 extorqueret
763 1670 820 1710 ab
842 1683 894 1710 eo
916 1676 965 1710 ut
983 1682 1167 1710 omnem
1184 1670 1410 1710 offensam
1428 1671 1685 1711 remitteret
1702 1673 1764 1712 al-

132 1738 217 1778 teri
236 1745 280 1778 et
301 1739 412 1779 illud
433 1740 526 1780 odii
542 1741 671 1781 virus
692 1741 739 1781 in
759 1741 1014 1781 amicitiam
1035 1748 1079 1781 et
1110 1741 1369 1781 fraternam
1389 1742 1763 1783 benevolentiam

131 1816 453 1850 commutaret.
478 1810 556 1851 Sic
578 1823 695 1863 quos
718 1813 949 1852 diabolica
976 1812 1126 1863 fraus,
1157 1813 1471 1853 disseminatis
1491 1814 1759 1863 inimicitiis,

130 1879 440 1932 disjunxerat,
481 1883 642 1922 divina
682 1883 831 1923 virtus
874 1884 1082 1923 unanimi
1125 1884 1367 1924 charitatis
1408 1884 1594 1924 vinculo
1625 1897 1762 1936 copu-

128 1952 261 1993 lavit.

209 2022 299 2064 Sed
320 2030 369 2063 ut
390 2024 449 2064 ad
472 2030 658 2065 caetera
679 2026 944 2076 veniamus,
974 2038 1068 2066 non
1095 2027 1232 2078 pauci
1264 2026 1451 2067 domum
1471 2034 1683 2067 nostram
1705 2028 1760 2067 de

129 2095 224 2134 suis
245 2106 330 2134 nos
351 2096 606 2135 consulturi
626 2096 766 2136 rebus
788 2097 1029 2147 accedunt;
1057 2110 1160 2138 eam
1182 2098 1352 2150 quippe
1374 2098 1429 2138 de
1450 2098 1584 2138 nobis
1605 2099 1760 2138 existi—

128 2165 380 2206 mationem
398 2166 555 2218 (quam
570 2167 698 2207 Deus
715 2167 928 2219 Optimus
945 2168 1179 2208 Maximus
1195 2175 1246 2209 ut
1267 2168 1325 2209 ad
1347 2167 1447 2219 ejus
1467 2170 1667 2220 gloriam
1684 2182 1758 2209 ex-

129 2236 255 2287 pedit
284 2239 490 2286 tueatur)
519 2244 855 2289 conceperunt,
878 2246 927 2278 ut
955 2251 981 2278 a
1004 2240 1137 2279 nobis
1157 2240 1272 2279 nihil
1292 2240 1382 2280 nisi
1403 2246 1602 2291 rectum,
1632 2241 1760 2292 pium

130 2313 267 2359 atque
288 2308 534 2348 honestum
554 2308 871 2360 profecturum
891 2310 978 2350 sibi
998 2311 1326 2362 persuadeant;
1351 2323 1440 2362 quo
1462 2311 1510 2351 fit
1531 2317 1581 2351 ut
1597 2317 1758 2351 nostra

126 2379 319 2419 consilia
340 2380 555 2420 libentius
577 2383 921 2432 amplexentur,
945 2382 1124 2434 illisque
1144 2383 1329 2434 penitus
1356 2383 1677 2434 acquiescant;
1702 2396 1759 2423 ex

125 2450 290 2500 quibus
312 2451 453 2490 animi
470 2452 854 2502 tranquillitatem
874 2464 922 2492 se
945 2453 1166 2504 consequi
1182 2454 1364 2505 publice
1384 2454 1674 2505 profitentur.

201 2514 401 2562 Fructus
423 2534 536 2561 vero
558 2523 850 2573 concionum,
873 2535 991 2575 quae
1012 2536 1040 2563 a
1060 2524 1259 2565 diversis
1279 2524 1524 2576 fratribus,
1549 2525 1753 2565 diversis

126 2592 171 2631 in
203 2593 339 2643 locis,
378 2593 539 2632 haberi
574 2594 748 2644 solent,
781 2594 963 2634 silentio
993 2595 1438 2646 praetermittendus
1469 2608 1563 2636 non
1597 2602 1681 2636 est.
1714 2597 1758 2636 A

124 2663 282 2703 multis
307 2664 563 2714 mensibus,
587 2670 636 2704 ut
664 2665 806 2704 semel
833 2671 970 2717 atque
1001 2666 1167 2706 iterum
1197 2667 1384 2718 scripsi,
1415 2666 1647 2707 Dominus
1677 2667 1758 2707 Pe-

122 2741 220 2774 trus
250 2733 564 2775 Rivadeneira
591 2735 638 2775 in
667 2735 725 2775 D.
757 2735 952 2777 Antonii
979 2737 1226 2777 dominicis
1256 2737 1418 2778 dlebus
1447 2744 1490 2778 et
1523 2739 1654 2778 festis
1685 2750 1757 2778 so-

120 2805 421 2845 lemnioribus
442 2806 711 2846 concionari
741 2814 1014 2858 perseverat
1045 2814 1174 2848 tanto
1204 2809 1347 2848 animi
1374 2809 1583 2860 fervore,
1608 2810 1758 2850 erudi-

120 2876 245 2915 tione
267 2882 311 2915 et
332 2882 599 2927 venustate,
623 2884 673 2917 ut
694 2877 933 2918 auditores
956 2879 1050 2931 (qui
1076 2880 1276 2931 plurimi,
1301 2892 1393 2920 non
1415 2881 1566 2921 solum
1588 2893 1646 2920 ex
1666 2881 1755 2932 ple-

122 2945 236 2997 bejis
258 2953 301 2986 et
330 2947 555 2987 tenuioris
585 2947 822 2999 fortunae,
854 2949 935 2989 sed
965 2951 1106 2990 etiam
1135 2951 1439 2991 nobilioribus
1470 2958 1514 2991 et
1544 2963 1636 2991 non
1667 2964 1758 2991 me-
