2074 3179
930 186 1015 224 AN.
1046 187 1132 223 1531
1782 188 1850 225 309

901 638 1168 693 LXXXV

297 870 342 907 Ρ.
364 870 594 918 Sylvester
614 871 837 908 Landinus

343 935 463 972 Patri
481 934 650 982 Ignatio
669 935 723 972 de
743 935 926 983 Loyola.

390 999 572 1044 Mutina,
594 1000 637 1036 16
656 999 761 1047 Maji
782 1000 869 1038 1551
891 1000 916 1035 ¹.

434 1064 674 1112 (Excerpta
693 1075 747 1102 ex
767 1065 937 1110 litteris)

306 1201 377 1241 Ex
397 1201 500 1241 aliis
517 1202 680 1242 litteris
702 1200 908 1253 ejusdem
930 1202 1013 1242 16.ὃι
1041 1202 1149 1254 Maji
1173 1205 1372 1255 scriptis.

308 1272 473 1312 Gratia
494 1278 538 1312 et
559 1284 653 1324 pax
675 1279 762 1313 etc.

310 1342 429 1394 Quia
450 1344 723 1395 Episcopus,
749 1356 854 1385 cum
876 1345 934 1384 ad
962 1346 1246 1386 visitandam
1264 1347 1515 1386 dioecesim
1542 1359 1615 1387 me
1638 1348 1853 1396 mitteret,

228 1414 343 1454 nihil
363 1425 436 1454 me
462 1415 643 1465 gratius
670 1415 755 1455 sibi
782 1415 1015 1456 facturum
1043 1417 1157 1456 dixit
1184 1429 1324 1468 quam
1350 1418 1388 1457 si
1417 1418 1581 1458 crebro
1611 1418 1668 1458 ad
1696 1418 1857 1458 urbem

231 1485 446 1536 redirem,
470 1486 641 1536 partim
660 1492 850 1538 propter
870 1498 965 1538 eos,
990 1488 1068 1539 qui
1089 1488 1274 1528 assidue
1296 1488 1655 1539 communicant,
1685 1489 1856 1541 partim

229 1562 280 1595 ut
301 1555 356 1596 de
384 1557 454 1607 iis,
493 1569 611 1608 quae
640 1558 685 1597 in
714 1558 982 1598 visitatione
1013 1559 1244 1610 accidunt,
1276 1559 1335 1599 ad
1364 1571 1469 1600 eum
1504 1560 1720 1611 referam,
1757 1560 1858 1600 heri

231 1627 458 1668 Mutinam
478 1628 676 1679 rediens,
700 1629 879 1669 litteras
906 1630 1067 1681 accepi
1087 1629 1288 1670 Sanctae
1305 1629 1566 1681 Societatis‚
1599 1642 1717 1682 quae
1745 1631 1856 1671 mihi

229 1704 412 1738 tantum
432 1699 635 1739 laetitiae
657 1700 924 1751 attulerunt,
948 1707 998 1740 ut
1019 1700 1244 1752 majorem
1265 1701 1311 1741 in
1332 1702 1421 1742 hac
1443 1702 1542 1742 vita
1563 1714 1656 1742 non
1681 1702 1853 1742 deside-

232 1780 344 1820 rem,
367 1775 548 1810 tantum
569 1770 710 1810 etiam
730 1770 1019 1811 confusionis
1040 1778 1089 1811 ut
1109 1772 1220 1823 quid
1241 1773 1429 1812 omnino
1452 1773 1605 1813 dicam
1626 1765 1853 1824 ignorem,

228 1851 335 1880 cum
354 1846 451 1880 tam
471 1842 608 1892 longe
629 1853 701 1881 me
723 1840 896 1882 distare
918 1843 975 1882 ab
997 1843 1052 1882 iis
1073 1843 1250 1883 sanctis
1271 1843 1400 1894 viris,
1425 1844 1503 1895 qui
1523 1845 1687 1884 volare
1703 1844 1856 1895 potius

231 1911 279 1950 in
300 1912 379 1951 via
400 1910 488 1951 Dei
508 1911 727 1952 videntur
755 1924 895 1964 quam
916 1925 1120 1962 currere,
1151 1915 1411 1965 considero,
1445 1927 1530 1955 nec
1559 1915 1752 1966 dignum
1782 1926 1855 1955 me

230 1994 332 2022 esse
354 1983 431 2034 qui
452 1983 507 2022 de
529 1989 624 2022 tam
644 1982 818 2023 Sancta
840 1982 1075 2024 Societate
1092 1984 1235 2024 dicar.
1256 1985 1408 2025 Nolim
1424 1992 1581 2026 tamen
1601 1992 1736 2026 extra
1752 1997 1856 2026 eam

231 2053 393 2093 vivere
420 2054 495 2093 vel
520 2053 679 2093 mundi
708 2053 936 2094 dominus.
969 2053 1036 2095 Sit
1061 2055 1213 2106 gloria
1235 2061 1279 2095 et
1305 2056 1452 2096 honor
1479 2056 1580 2096 Deo
1611 2057 1852 2107 altissimo,

231 2124 309 2175 qui
329 2130 425 2164 tam
446 2124 637 2164 mirifice
658 2136 740 2176 per
760 2125 952 2166 minima
969 2126 1279 2167 instrumenta
1296 2133 1532 2179 operatur.

308 2195 392 2234 His
414 2202 592 2247 septem
613 2196 772 2236 diebus
793 2196 983 2236 visitavi
1003 2197 1099 2237 fere
1120 2198 1432 2249 quadraginta
1453 2200 1558 2239 loca
1578 2198 1856 2240 Mutinensis

227 2271 273 2306 et
285 2265 592 2306 Bononiensis
608 2267 849 2318 dioecesis,
868 2268 1184 2319 praedicando
1197 2269 1415 2320 quotidie,
1435 2270 1713 2322 quandoque
1729 2271 1855 2322 quin-

229 2337 374 2389 quies,
398 2337 630 2377 interdum
650 2338 817 2389 sexies,
837 2339 1085 2390 aliquando
1103 2340 1242 2380 etiam
1260 2341 1429 2392 septies
1445 2353 1527 2393 per
1548 2342 1752 2393 gratIam
1768 2341 1856 2382 Dei

229 2409 393 2449 eodem
415 2408 502 2459 die,
534 2421 620 2449 nec
653 2409 856 2450 fructum
882 2410 1103 2462 exiguum
1137 2412 1410 2463 provenisse
1433 2411 1606 2463 judico.
1642 2413 1777 2465 Nam,
1807 2420 1856 2454 ut

229 2480 530 2531 particularia
553 2480 778 2532 omittam,
796 2481 844 2521 in
861 2482 1058 2533 singulis
1074 2483 1190 2523 locis
1207 2484 1408 2524 societas
1424 2484 1636 2525 instituta
1657 2491 1726 2525 est
1747 2485 1855 2526 Cor-

227 2550 355 2602 poris
375 2551 584 2602 Domini,
609 2551 656 2591 in
676 2563 782 2603 qua,
808 2559 978 2593 octavo
1007 2565 1190 2605 quoque
1211 2554 1284 2594 die
1304 2555 1394 2606 vel,
1418 2556 1496 2606 qui
1516 2562 1639 2596 esset
1660 2556 1854 2608 disposi-

230 2627 305 2662 tus
332 2622 436 2672 (sic)
458 2622 637 2662 decimo
664 2623 840 2675 quinto,
870 2629 949 2664 aut
977 2624 1220 2665 minimum
1248 2625 1398 2676 prima
1425 2625 1658 2667 dominica
1684 2628 1856 2668 mensis

229 2693 644 2733 communicarent.
667 2694 815 2734 Electi
835 2701 940 2735 sunt
961 2696 1226 2747 superiores
1246 2697 1322 2747 qui
1343 2702 1440 2737 tam
1460 2697 1574 2737 viris
1595 2709 1735 2749 quam
1761 2710 1854 2739 mu-

230 2763 419 2803 lieribus
441 2765 487 2804 in
508 2765 671 2804 eadem
692 2765 915 2806 societate
935 2774 1197 2817 praeesent.

287 2947 298 2968 ¹
338 2948 539 2983 Exemplum
556 2949 589 2976 in
604 2950 659 2977 fol.
675 2950 710 2977 48
725 2949 858 2978 Codicis
874 2950 951 2979 1551.
973 2950 1036 2978 Est
1052 2956 1085 2978 et
1107 2952 1197 2979 aliud
1214 2952 1246 2979 in
1263 2952 1341 2979 folio
1356 2952 1480 2987 duplici
1494 2976 1498 2985 ‚
1519 2954 1571 2982 cui
1587 2955 1665 2982 olim
1687 2962 1742 2982 nn.
1757 2955 1809 2982 ‘288
1823 2961 1857 2982 et

232 2996 294 3029 289,
310 3003 397 3023 nunc
413 3000 527 3024 autem
541 2998 576 3024 92
591 3001 623 3024 et
638 2998 681 3024 93.
