2074 3179
189 144 264 182 348
706 145 935 182 LITTERAE
962 154 1322 188 QUADRIMEsrREs

193 242 287 282 cati
304 248 425 293 sunt,
450 242 530 293 qui
546 241 592 282 in
609 241 875 293 praeceptis
897 241 1087 281 Domini
1108 248 1152 281 et
1175 241 1278 281 aliis
1300 242 1421 282 scitu
1441 240 1722 281 necessariis
1740 239 1838 292 jam

191 313 409 354 instructi
430 319 550 354 sunt.
574 313 814 353 Laudetur
829 312 1059 352 bonorum
1075 312 1282 352 omnium
1303 318 1467 353 auctor
1484 312 1627 352 Deus.

272 384 325 425 In
347 385 561 435 collegiO,
586 389 773 435 praeter
795 383 1045 423 conciones
1066 383 1278 434 publicas
1297 388 1340 422 et
1358 383 1643 423 christianae
1664 381 1835 423 doctri-

193 468 283 497 nae
305 456 690 509 explicationem,
724 454 781 494 de
803 454 970 506 quibus
991 454 1278 494 mentionem
1298 453 1410 504 feci,
1433 453 1658 494 virtutum
1688 452 1837 505 profe-

193 527 291 567 ctui
321 527 560 567 ferventer
589 525 834 576 insistitur,
866 531 911 565 et
940 525 1235 565 obedientiae
1263 524 1598 576 perfectionem
1628 524 1784 576 (quam
1812 536 1839 563 a

193 598 243 638 P.
266 598 325 639 V.
351 588 863 638 commendatissimam
884 608 987 636 esse
1008 596 1289 647 intelligunt)
1313 596 1519 635 maximo
1548 595 1702 635 studio
1731 607 1838 635 con-

194 675 435 710 sectantur
470 674 530 719 et,
560 668 753 719 proprio
781 679 923 707 sensu
953 679 1009 707 ac
1036 666 1211 718 judicio
1240 667 1488 718 abnegato,
1521 672 1565 706 et
1594 667 1841 706 voluntate

167 775 169 777 ,
193 741 387 793 propria
407 739 688 780 omnimodis
711 739 996 779 conterenda
1019 744 1063 778 et
1087 738 1431 788 conculcanda,
1456 749 1558 778 sese
1579 742 1628 777 ut
1658 737 1842 787 integra

194 812 473 852 holocausta
501 811 603 851 Deo
632 810 879 851 immolare
907 810 1201 860 adnituntur3
1236 809 1513 861 corporibus
1541 814 1696 849 autem
1723 807 1843 848 male

192 884 461 923 consultum
482 888 605 922 esset
626 894 740 934 prae
759 881 952 922 fervore
979 881 1192 933 spiritus,
1223 881 1263 920 si
1289 880 1444 920 Patris
1472 880 1710 932 Baptistae
1738 890 1844 930 pru-

194 954 355 995 dentia
390 966 485 994 non
512 952 696 1005 juberet
724 953 941 993 sanitatis
976 953 1209 993 rationem
1244 952 1433 992 omnino
1463 951 1647 992 haberi:
1680 956 1845 1002 suapte

196 1026 323 1066 enim
345 1026 404 1066 ad
428 1024 633 1065 studium
654 1024 1031 1065 mortificationis
1052 1023 1190 1064 valde
1207 1023 1379 1064 fratres
1399 1023 1622 1074 propensi
1642 1028 1764 1062 sunt.

278 1098 330 1138 In
351 1097 517 1137 studiis
538 1096 804 1137 litterarum
825 1095 1172 1146 humaniorum,
1197 1094 1452 1134 latinarum
1473 1100 1517 1134 et
1547 1105 1844 1145 graecarum,

195 1176 297 1210 tum
316 1169 487 1209 artium
505 1168 768 1208 liberalium
785 1173 830 1207 et
847 1178 1014 1207 sacrae
1032 1166 1300 1217 theologiae
1317 1165 1498 1216 studiis,
1518 1177 1612 1205 non
1628 1165 1676 1205 in
1690 1165 1846 1205 lectio-

194 1241 332 1280 nibus
355 1241 505 1280 solum
528 1239 610 1279 sed
641 1244 686 1279 et
707 1239 755 1278 in
776 1237 1074 1278 scholasticis
1104 1237 1541 1287 exercitationibus,
1571 1236 1719 1276 solers
1750 1235 1846 1276 dili-

196 1312 358 1364 gentia
379 1323 406 1351 a
428 1311 669 1362 magistris
690 1316 736 1350 et
757 1309 1000 1361 discipulis
1022 1308 1290 1360 adhibetur;
1316 1308 1505 1359 ingenia
1526 1307 1641 1348 satis
1672 1306 1843 1357 felicia,

192 1383 370 1435 judicia
392 1389 592 1433 matura,
618 1381 817 1421 eruditio
839 1392 934 1421 non
955 1380 1206 1421 mediocris
1238 1380 1338 1432 (pro
1361 1378 1584 1431 cujusque
1606 1378 1773 1430 gradu)
1798 1378 1845 1418 in

199 1454 424 1495 fratribus
446 1453 863 1493 animadvertitur:
894 1452 1077 1492 externi
1105 1463 1220 1492 vero
1249 1451 1540 1502 scholastici,
1575 1449 1730 1502 quoad
1751 1448 1850 1501 ejus

196 1526 298 1567 fieri
318 1531 487 1578 potest,
510 1525 569 1565 ad
589 1530 803 1565 nostrum
823 1535 1002 1564 morem
1021 1534 1168 1575 prope
1187 1522 1430 1563 accedunt.

278 1596 367 1638 Die
390 1597 624 1637 dominica
652 1595 775 1636 infra
803 1601 1025 1636 octavam
1053 1594 1277 1646 Corporis
1307 1593 1481 1634 Christi
1509 1593 1643 1646 Jesu‚
1673 1604 1846 1645 pompa

196 1668 504 1710 devotissima
526 1667 739 1708 instituta
760 1673 853 1718 est,
878 1678 997 1718 quae
1018 1666 1079 1706 ad
1095 1665 1346 1706 ecclesiam
1366 1671 1580 1705 nostram
1599 1664 1744 1715 venit,
1770 1664 1846 1704 cui

197 1752 352 1781 novus
372 1739 585 1780 Gandiae
616 1738 727 1779 Dux
758 1738 767 1757 ¹
796 1737 1006 1778 interfuit
1033 1743 1077 1777 et
1104 1736 1486 1788 frequentissima
1513 1735 1674 1788 populi
1694 1735 1845 1775 multi-

196 1812 324 1862 tudo,
345 1811 420 1852 cui
440 1810 713 1851 concionari
734 1810 891 1850 debuit
911 1821 996 1861 pro
1013 1820 1144 1849 more
1160 1808 1209 1848 P.
1231 1807 1460 1860 Baptista,
1485 1806 1845 1848 Sanctissimum

196 1879 558 1924 'Sacramentum
592 1881 921 1922 Eucharistiae
951 1881 1185 1921 inclusum
1214 1879 1428 1919 sacrario
1463 1879 1510 1919 in
1540 1879 1756 1919 manibus
1783 1883 1845 1918 te-

199 1954 377 2006 nendo;
420 1953 545 2006 quod
584 1965 696 1994 sane
737 1964 845 1993 cum
884 1952 1089 1992 maxima
1132 1951 1342 1992 omnium
1381 1949 1707 1990 aedificatione
1745 1960 1846 2001 per-

199 2032 359 2067 actum
380 2031 464 2066 est.

282 2096 391 2138 Alia
412 2108 507 2137 non
527 2108 679 2148 pauca
702 2095 761 2136 ad
781 2095 985 2147 gloriam
1005 2094 1094 2135 Dei
1115 2093 1321 2146 quotidie
1343 2092 1481 2144 fiunt,
1512 2093 1569 2133 de
1600 2092 1768 2144 quibus
1791 2091 1846 2131 si-

200 2168 401 2219 gillatim
422 2167 642 2217 scribere,
662 2167 854 2217 longum
875 2172 1012 2206 esset.

259 2352 270 2372 ¹
310 2351 452 2379 Carolus
468 2352 507 2378 de
522 2351 637 2386 Borja,
654 2351 709 2385 qui
725 2352 825 2385 paulo
843 2354 920 2378 ante
945 2351 1037 2385 patri
1059 2357 1130 2384 suo,
1148 2349 1331 2378 Francisco
1347 2350 1386 2377 de
1403 2349 1519 2385 Borja,
1542 2350 1575 2376 in
1599 2348 1753 2376 Gandiae
1777 2347 1845 2374 Du-

202 2404 284 2428 catu
299 2403 525 2427 successerat.
