<?xml version="1.0" encoding="UTF-8"?>
<!DOCTYPE html PUBLIC "-//W3C//DTD XHTML 1.0 Transitional//EN"
    "http://www.w3.org/TR/xhtml1/DTD/xhtml1-transitional.dtd">
<html xmlns="http://www.w3.org/1999/xhtml" xml:lang="en" lang="en">
 <head>
  <title>
</title>
<meta http-equiv="Content-Type" content="text/html;charset=utf-8" />
  <meta name='ocr-system' content='tesseract 3.04.00' />
  <meta name='ocr-capabilities' content='ocr_page ocr_carea ocr_par ocr_line ocrx_word'/>
</head>
<body>
  <div class='ocr_page' id='page_1' title='image "./litteraequadrime13lain_0035.png"; bbox 0 0 2074 3179; ppageno 0'>
   <div class='ocr_carea' id='block_1_1' title="bbox 897 114 1788 153">
    <p class='ocr_par' dir='ltr' id='par_1_1' title="bbox 897 114 1788 153">
     <span class='ocr_line' id='line_1_1' title="bbox 897 114 1788 153; baseline 0.001 -1"><span class='ocrx_word' id='word_1_1' title='bbox 897 117 977 152; x_wconf 81' lang='grc' dir='ltr'>ΑΝ.</span> <span class='ocrx_word' id='word_1_2' title='bbox 1010 116 1099 152; x_wconf 74' lang='grc'>1547</span> <span class='ocrx_word' id='word_1_3' title='bbox 1744 114 1788 153; x_wconf 82' lang='lat'>31</span> 
     </span>
    </p>
   </div>
   <div class='ocr_carea' id='block_1_2' title="bbox 230 805 938 982">
    <p class='ocr_par' dir='ltr' id='par_1_2' title="bbox 230 805 938 982">
     <span class='ocr_line' id='line_1_2' title="bbox 230 805 723 854; baseline -0.006 -10"><span class='ocrx_word' id='word_1_4' title='bbox 230 807 279 844; x_wconf 84' lang='lat' dir='ltr'>P.</span> <span class='ocrx_word' id='word_1_5' title='bbox 300 805 497 854; x_wconf 88' lang='lat' dir='ltr'>Elpidius</span> <span class='ocrx_word' id='word_1_6' title='bbox 517 806 723 853; x_wconf 89' lang='lat' dir='ltr'>Ugoletti.</span> 
     </span>
     <span class='ocr_line' id='line_1_3' title="bbox 279 870 866 918; baseline -0.005 -9"><span class='ocrx_word' id='word_1_7' title='bbox 279 872 401 909; x_wconf 85' lang='lat' dir='ltr'>Patri</span> <span class='ocrx_word' id='word_1_8' title='bbox 418 871 588 918; x_wconf 84' lang='lat' dir='ltr'>Ignatio</span> <span class='ocrx_word' id='word_1_9' title='bbox 608 870 660 907; x_wconf 88' lang='lat' dir='ltr'>de</span> <span class='ocrx_word' id='word_1_10' title='bbox 680 870 866 917; x_wconf 87' lang='lat' dir='ltr'>Loyola.</span> 
     </span>
     <span class='ocr_line' id='line_1_4' title="bbox 326 934 938 982; baseline -0.007 -9"><span class='ocrx_word' id='word_1_11' title='bbox 326 935 529 981; x_wconf 86' lang='lat' dir='ltr'>Patavio‚</span> <span class='ocrx_word' id='word_1_12' title='bbox 554 935 596 973; x_wconf 80' lang='lat'>15</span> <span class='ocrx_word' id='word_1_13' title='bbox 615 935 781 982; x_wconf 86' lang='lat' dir='ltr'>Aprilis</span> <span class='ocrx_word' id='word_1_14' title='bbox 803 934 893 971; x_wconf 68' lang='lat'>1547</span> <span class='ocrx_word' id='word_1_15' title='bbox 915 935 938 969; x_wconf 87' lang='lat'>¹.</span> 
     </span>
    </p>
   </div>
   <div class='ocr_carea' id='block_1_3' title="bbox 108 1342 1793 2461">
    <p class='ocr_par' dir='ltr' id='par_1_3' title="bbox 154 1342 1787 1454">
     <span class='ocr_line' id='line_1_5' title="bbox 233 1342 1787 1394; baseline 0.001 -11"><span class='ocrx_word' id='word_1_16' title='bbox 233 1344 301 1384; x_wconf 89' lang='lat' dir='ltr'>La</span> <span class='ocrx_word' id='word_1_17' title='bbox 322 1344 477 1394; x_wconf 89' lang='lat' dir='ltr'>gratia</span> <span class='ocrx_word' id='word_1_18' title='bbox 498 1349 542 1383; x_wconf 94' lang='lat' dir='ltr'>et</span> <span class='ocrx_word' id='word_1_19' title='bbox 562 1355 678 1394; x_wconf 82' lang='lat' dir='ltr'>pace</span> <span class='ocrx_word' id='word_1_20' title='bbox 699 1344 744 1383; x_wconf 88' lang='lat' dir='ltr'>di</span> <span class='ocrx_word' id='word_1_21' title='bbox 765 1343 950 1384; x_wconf 80' lang='lat' dir='ltr'>Christo</span> <span class='ocrx_word' id='word_1_22' title='bbox 972 1342 1026 1383; x_wconf 93' lang='lat' dir='ltr'>N.</span> <span class='ocrx_word' id='word_1_23' title='bbox 1050 1342 1219 1393; x_wconf 85' lang='lat' dir='ltr'>Signor</span> <span class='ocrx_word' id='word_1_24' title='bbox 1248 1343 1317 1382; x_wconf 84' lang='lat' dir='ltr'>sia</span> <span class='ocrx_word' id='word_1_25' title='bbox 1346 1354 1529 1394; x_wconf 88' lang='lat' dir='ltr'>sempre</span> <span class='ocrx_word' id='word_1_26' title='bbox 1557 1344 1604 1383; x_wconf 89' lang='lat' dir='ltr'>in</span> <span class='ocrx_word' id='word_1_27' title='bbox 1625 1350 1787 1384; x_wconf 88' lang='lat' dir='ltr'>nostro</span> 
     </span>
     <span class='ocr_line' id='line_1_6' title="bbox 154 1413 766 1454; baseline -0.002 0"><span class='ocrx_word' id='word_1_28' title='bbox 154 1414 373 1454; x_wconf 89' lang='lat' dir='ltr'>continuo</span> <span class='ocrx_word' id='word_1_29' title='bbox 396 1413 533 1454; x_wconf 86' lang='lat' dir='ltr'>favor</span> <span class='ocrx_word' id='word_1_30' title='bbox 554 1420 599 1454; x_wconf 87' lang='lat' dir='ltr'>et</span> <span class='ocrx_word' id='word_1_31' title='bbox 623 1415 766 1454; x_wconf 89' lang='lat' dir='ltr'>aiuto.</span> 
     </span>
    </p>

    <p class='ocr_par' dir='ltr' id='par_1_4' title="bbox 148 1483 1791 2166">
     <span class='ocr_line' id='line_1_7' title="bbox 233 1483 1787 1535; baseline -0.001 -9"><span class='ocrx_word' id='word_1_32' title='bbox 233 1485 301 1526; x_wconf 82' lang='lat' dir='ltr'>La</span> <span class='ocrx_word' id='word_1_33' title='bbox 344 1486 722 1526; x_wconf 77' lang='lat' dir='ltr'>convalescentia</span> <span class='ocrx_word' id='word_1_34' title='bbox 762 1485 835 1525; x_wconf 87' lang='lat' dir='ltr'>del</span> <span class='ocrx_word' id='word_1_35' title='bbox 867 1485 916 1524; x_wconf 88' lang='grc' dir='ltr'>Ρ.</span> <span class='ocrx_word' id='word_1_36' title='bbox 946 1485 1072 1535; x_wconf 86' lang='lat' dir='ltr'>Mag.</span> <span class='ocrx_word' id='word_1_37' title='bbox 1106 1483 1352 1524; x_wconf 84' lang='lat' dir='ltr'>Salmeron</span> <span class='ocrx_word' id='word_1_38' title='bbox 1389 1489 1413 1524; x_wconf 83' lang='lat' dir='ltr'>e</span> <span class='ocrx_word' id='word_1_39' title='bbox 1448 1485 1621 1525; x_wconf 86' lang='lat' dir='ltr'>andata</span> <span class='ocrx_word' id='word_1_40' title='bbox 1656 1491 1787 1526; x_wconf 85' lang='lat' dir='ltr'>tanto</span> 
     </span>
     <span class='ocr_line' id='line_1_8' title="bbox 152 1555 1789 1608; baseline 0.001 -13"><span class='ocrx_word' id='word_1_41' title='bbox 152 1556 299 1596; x_wconf 79' lang='lat' dir='ltr'>inanti</span> <span class='ocrx_word' id='word_1_42' title='bbox 317 1556 416 1607; x_wconf 88' lang='lat' dir='ltr'>che,</span> <span class='ocrx_word' id='word_1_43' title='bbox 434 1568 518 1608; x_wconf 90' lang='lat' dir='ltr'>per</span> <span class='ocrx_word' id='word_1_44' title='bbox 533 1557 689 1607; x_wconf 84' lang='lat' dir='ltr'>gratia</span> <span class='ocrx_word' id='word_1_45' title='bbox 706 1556 785 1596; x_wconf 86' lang='lat' dir='ltr'>d&#39;il</span> <span class='ocrx_word' id='word_1_46' title='bbox 802 1555 988 1606; x_wconf 83' lang='lat' dir='ltr'>Signor,</span> <span class='ocrx_word' id='word_1_47' title='bbox 1009 1556 1094 1595; x_wconf 89' lang='lat' dir='ltr'>Lui</span> <span class='ocrx_word' id='word_1_48' title='bbox 1112 1560 1135 1595; x_wconf 87' lang='lat' dir='ltr'>e</span> <span class='ocrx_word' id='word_1_49' title='bbox 1154 1556 1184 1595; x_wconf 91' lang='lat' dir='ltr'>il</span> <span class='ocrx_word' id='word_1_50' title='bbox 1200 1561 1413 1607; x_wconf 85' lang='lat' dir='ltr'>portator</span> <span class='ocrx_word' id='word_1_51' title='bbox 1435 1556 1553 1596; x_wconf 89' lang='lat' dir='ltr'>delle</span> <span class='ocrx_word' id='word_1_52' title='bbox 1569 1564 1789 1607; x_wconf 76' lang='lat' dir='ltr'>presente</span> 
     </span>
     <span class='ocr_line' id='line_1_9' title="bbox 155 1626 1790 1678; baseline 0.001 -12"><span class='ocrx_word' id='word_1_53' title='bbox 155 1641 182 1667; x_wconf 80' lang='lat' dir='ltr'>a</span> <span class='ocrx_word' id='word_1_54' title='bbox 219 1626 414 1668; x_wconf 86' lang='lat' dir='ltr'>Venetia</span> <span class='ocrx_word' id='word_1_55' title='bbox 448 1639 539 1667; x_wconf 89' lang='lat' dir='ltr'>con</span> <span class='ocrx_word' id='word_1_56' title='bbox 565 1626 716 1678; x_wconf 87' lang='lat' dir='ltr'>Mgro.</span> <span class='ocrx_word' id='word_1_57' title='bbox 747 1627 856 1667; x_wconf 90' lang='lat' dir='ltr'>Don</span> <span class='ocrx_word' id='word_1_58' title='bbox 883 1626 1077 1667; x_wconf 84' lang='lat' dir='ltr'>Claudio</span> <span class='ocrx_word' id='word_1_59' title='bbox 1113 1638 1196 1678; x_wconf 90' lang='lat' dir='ltr'>per</span> <span class='ocrx_word' id='word_1_60' title='bbox 1231 1627 1397 1666; x_wconf 77' lang='lat' dir='ltr'>visitas</span> <span class='ocrx_word' id='word_1_61' title='bbox 1434 1626 1710 1677; x_wconf 87' lang='lat' dir='ltr'>Monsignor</span> <span class='ocrx_word' id='word_1_62' title='bbox 1744 1634 1790 1668; x_wconf 89' lang='lat' dir='ltr'>et</span> 
     </span>
     <span class='ocr_line' id='line_1_10' title="bbox 153 1697 1790 1750; baseline 0 -12"><span class='ocrx_word' id='word_1_63' title='bbox 153 1698 377 1739; x_wconf 83' lang='lat' dir='ltr'>mandare</span> <span class='ocrx_word' id='word_1_64' title='bbox 397 1699 439 1739; x_wconf 85' lang='lat' dir='ltr'>le</span> <span class='ocrx_word' id='word_1_65' title='bbox 459 1704 673 1750; x_wconf 84' lang='lat' dir='ltr'>presente</span> <span class='ocrx_word' id='word_1_66' title='bbox 695 1710 722 1738; x_wconf 88' lang='lat' dir='ltr'>a</span> <span class='ocrx_word' id='word_1_67' title='bbox 742 1697 890 1738; x_wconf 83' lang='lat' dir='ltr'>Roma</span> <span class='ocrx_word' id='word_1_68' title='bbox 912 1697 939 1737; x_wconf 67' lang='lat'>2.</span> <span class='ocrx_word' id='word_1_69' title='bbox 966 1697 1067 1748; x_wconf 86' lang='lat' dir='ltr'>Qua</span> <span class='ocrx_word' id='word_1_70' title='bbox 1089 1698 1194 1737; x_wconf 85' lang='lat' dir='ltr'>tutti</span> <span class='ocrx_word' id='word_1_71' title='bbox 1215 1697 1383 1737; x_wconf 88' lang='lat' dir='ltr'>stiamo</span> <span class='ocrx_word' id='word_1_72' title='bbox 1406 1697 1521 1737; x_wconf 90' lang='lat' dir='ltr'>bene</span> <span class='ocrx_word' id='word_1_73' title='bbox 1543 1709 1625 1749; x_wconf 88' lang='lat' dir='ltr'>per</span> <span class='ocrx_word' id='word_1_74' title='bbox 1646 1699 1692 1738; x_wconf 93' lang='grc'>13</span> <span class='ocrx_word' id='word_1_75' title='bbox 1727 1699 1790 1739; x_wconf 86' lang='grc'>(11-</span> 
     </span>
     <span class='ocr_line' id='line_1_11' title="bbox 153 1767 1787 1820; baseline -0.001 -11"><span class='ocrx_word' id='word_1_76' title='bbox 153 1770 264 1810; x_wconf 83' lang='lat' dir='ltr'>vina</span> <span class='ocrx_word' id='word_1_77' title='bbox 285 1770 461 1820; x_wconf 87' lang='lat' dir='ltr'>gratia,</span> <span class='ocrx_word' id='word_1_78' title='bbox 486 1769 703 1809; x_wconf 88' lang='lat' dir='ltr'>andando</span> <span class='ocrx_word' id='word_1_79' title='bbox 730 1769 878 1809; x_wconf 83' lang='lat' dir='ltr'>inanti</span> <span class='ocrx_word' id='word_1_80' title='bbox 905 1768 1015 1819; x_wconf 90' lang='lat' dir='ltr'>ogni</span> <span class='ocrx_word' id='word_1_81' title='bbox 1042 1768 1209 1819; x_wconf 82' lang='lat' dir='ltr'>giorno</span> <span class='ocrx_word' id='word_1_82' title='bbox 1235 1768 1267 1807; x_wconf 91' lang='lat' dir='ltr'>li</span> <span class='ocrx_word' id='word_1_83' title='bbox 1295 1768 1436 1808; x_wconf 83' lang='lat' dir='ltr'>studii</span> <span class='ocrx_word' id='word_1_84' title='bbox 1463 1767 1571 1808; x_wconf 86' lang='lat' dir='ltr'>delli</span> <span class='ocrx_word' id='word_1_85' title='bbox 1601 1768 1787 1809; x_wconf 87' lang='lat' dir='ltr'>fratelli.</span> 
     </span>
     <span class='ocr_line' id='line_1_12' title="bbox 151 1839 1787 1892; baseline -0.001 -11"><span class='ocrx_word' id='word_1_86' title='bbox 151 1841 327 1892; x_wconf 82' lang='lat' dir='ltr'>Questa</span> <span class='ocrx_word' id='word_1_87' title='bbox 348 1840 710 1892; x_wconf 88' lang='lat' dir='ltr'>quadragesima</span> <span class='ocrx_word' id='word_1_88' title='bbox 733 1841 941 1880; x_wconf 76' lang='lat' dir='ltr'>anchora</span> <span class='ocrx_word' id='word_1_89' title='bbox 962 1851 1012 1879; x_wconf 89' lang='lat' dir='ltr'>se</span> <span class='ocrx_word' id='word_1_90' title='bbox 1032 1839 1227 1879; x_wconf 85' lang='lat' dir='ltr'>fussimo</span> <span class='ocrx_word' id='word_1_91' title='bbox 1250 1839 1360 1879; x_wconf 88' lang='lat' dir='ltr'>stati</span> <span class='ocrx_word' id='word_1_92' title='bbox 1382 1839 1513 1879; x_wconf 87' lang='lat' dir='ltr'>molti</span> <span class='ocrx_word' id='word_1_93' title='bbox 1535 1840 1787 1889; x_wconf 83' lang='lat' dir='ltr'>sacerdoti,</span> 
     </span>
     <span class='ocr_line' id='line_1_13' title="bbox 150 1910 1789 1962; baseline -0.001 -10"><span class='ocrx_word' id='word_1_94' title='bbox 150 1924 244 1952; x_wconf 92' lang='lat' dir='ltr'>non</span> <span class='ocrx_word' id='word_1_95' title='bbox 270 1912 467 1952; x_wconf 81' lang='lat' dir='ltr'>haveria</span> <span class='ocrx_word' id='word_1_96' title='bbox 494 1917 712 1951; x_wconf 89' lang='lat' dir='ltr'>mancato</span> <span class='ocrx_word' id='word_1_97' title='bbox 740 1911 834 1950; x_wconf 89' lang='lat' dir='ltr'>mai</span> <span class='ocrx_word' id='word_1_98' title='bbox 860 1911 919 1950; x_wconf 88' lang='lat' dir='ltr'>da</span> <span class='ocrx_word' id='word_1_99' title='bbox 945 1910 1044 1950; x_wconf 82' lang='lat' dir='ltr'>fare</span> <span class='ocrx_word' id='word_1_100' title='bbox 1072 1922 1154 1962; x_wconf 89' lang='lat' dir='ltr'>per</span> <span class='ocrx_word' id='word_1_101' title='bbox 1181 1911 1224 1950; x_wconf 90' lang='lat' dir='ltr'>la</span> <span class='ocrx_word' id='word_1_102' title='bbox 1253 1910 1433 1960; x_wconf 78' lang='lat' dir='ltr'>grande</span> <span class='ocrx_word' id='word_1_103' title='bbox 1460 1911 1789 1951; x_wconf 79' lang='lat' dir='ltr'>concurrentia</span> 
     </span>
     <span class='ocr_line' id='line_1_14' title="bbox 148 1981 1788 2034; baseline -0.001 -11"><span class='ocrx_word' id='word_1_104' title='bbox 148 1983 235 2023; x_wconf 88' lang='lat' dir='ltr'>che</span> <span class='ocrx_word' id='word_1_105' title='bbox 251 1984 451 2024; x_wconf 83' lang='lat' dir='ltr'>havemo</span> <span class='ocrx_word' id='word_1_106' title='bbox 468 1983 661 2033; x_wconf 85' lang='lat' dir='ltr'>havuto‚</span> <span class='ocrx_word' id='word_1_107' title='bbox 679 1988 723 2022; x_wconf 91' lang='lat' dir='ltr'>et</span> <span class='ocrx_word' id='word_1_108' title='bbox 737 1981 945 2022; x_wconf 77' lang='lat' dir='ltr'>anchora</span> <span class='ocrx_word' id='word_1_109' title='bbox 964 1982 1103 2021; x_wconf 87' lang='lat' dir='ltr'>molte</span> <span class='ocrx_word' id='word_1_110' title='bbox 1120 1993 1319 2033; x_wconf 80' lang='lat' dir='ltr'>persone</span> <span class='ocrx_word' id='word_1_111' title='bbox 1336 1981 1569 2033; x_wconf 85' lang='lat' dir='ltr'>franzose‚</span> <span class='ocrx_word' id='word_1_112' title='bbox 1589 1983 1631 2022; x_wconf 95' lang='lat' dir='ltr'>le</span> <span class='ocrx_word' id='word_1_113' title='bbox 1648 1983 1788 2034; x_wconf 88' lang='lat' dir='ltr'>quali,</span> 
     </span>
     <span class='ocr_line' id='line_1_15' title="bbox 151 2051 1791 2105; baseline -0.001 -10"><span class='ocrx_word' id='word_1_114' title='bbox 151 2067 243 2095; x_wconf 91' lang='lat' dir='ltr'>non</span> <span class='ocrx_word' id='word_1_115' title='bbox 271 2053 502 2095; x_wconf 77' lang='lat' dir='ltr'>trovando</span> <span class='ocrx_word' id='word_1_116' title='bbox 524 2065 724 2105; x_wconf 87' lang='lat' dir='ltr'>persona</span> <span class='ocrx_word' id='word_1_117' title='bbox 751 2053 835 2093; x_wconf 91' lang='lat' dir='ltr'>che</span> <span class='ocrx_word' id='word_1_118' title='bbox 856 2054 884 2092; x_wconf 89' lang='lat' dir='ltr'>l’</span> <span class='ocrx_word' id='word_1_119' title='bbox 908 2051 1187 2102; x_wconf 85' lang='lat' dir='ltr'>intendesse‚</span> <span class='ocrx_word' id='word_1_120' title='bbox 1204 2053 1328 2091; x_wconf 68' lang='lat' dir='ltr'>&#39;sono</span> <span class='ocrx_word' id='word_1_121' title='bbox 1351 2053 1512 2092; x_wconf 87' lang='lat' dir='ltr'>venuti</span> <span class='ocrx_word' id='word_1_122' title='bbox 1533 2055 1611 2103; x_wconf 81' lang='lat' dir='ltr'>qui</span> <span class='ocrx_word' id='word_1_123' title='bbox 1633 2052 1691 2093; x_wconf 90' lang='lat' dir='ltr'>da</span> <span class='ocrx_word' id='word_1_124' title='bbox 1711 2053 1791 2093; x_wconf 83' lang='lat' dir='ltr'>noi</span> 
     </span>
     <span class='ocr_line' id='line_1_16' title="bbox 152 2123 1070 2166; baseline -0.003 -1"><span class='ocrx_word' id='word_1_125' title='bbox 152 2132 195 2166; x_wconf 85' lang='lat' dir='ltr'>et</span> <span class='ocrx_word' id='word_1_126' title='bbox 216 2125 471 2166; x_wconf 85' lang='lat' dir='ltr'>confessati</span> <span class='ocrx_word' id='word_1_127' title='bbox 491 2137 580 2166; x_wconf 89' lang='lat' dir='ltr'>con</span> <span class='ocrx_word' id='word_1_128' title='bbox 601 2125 633 2164; x_wconf 91' lang='grc'>11</span> <span class='ocrx_word' id='word_1_129' title='bbox 654 2124 703 2165; x_wconf 88' lang='lat' dir='ltr'>P.</span> <span class='ocrx_word' id='word_1_130' title='bbox 729 2124 837 2164; x_wconf 91' lang='lat' dir='ltr'>Don</span> <span class='ocrx_word' id='word_1_131' title='bbox 860 2123 1070 2165; x_wconf 86' lang='lat' dir='ltr'>Claudio.</span> 
     </span>
    </p>

    <p class='ocr_par' dir='ltr' id='par_1_5' title="bbox 108 2195 1793 2461">
     <span class='ocr_line' id='line_1_17' title="bbox 230 2195 1791 2248; baseline 0 -12"><span class='ocrx_word' id='word_1_132' title='bbox 230 2197 325 2237; x_wconf 86' lang='lat' dir='ltr'>Alli</span> <span class='ocrx_word' id='word_1_133' title='bbox 344 2196 498 2247; x_wconf 87' lang='lat' dir='ltr'>giorni</span> <span class='ocrx_word' id='word_1_134' title='bbox 519 2195 698 2248; x_wconf 86' lang='lat' dir='ltr'>passati</span> <span class='ocrx_word' id='word_1_135' title='bbox 718 2207 802 2247; x_wconf 90' lang='lat' dir='ltr'>per</span> <span class='ocrx_word' id='word_1_136' title='bbox 822 2196 866 2234; x_wconf 89' lang='lat' dir='ltr'>la</span> <span class='ocrx_word' id='word_1_137' title='bbox 887 2195 1013 2235; x_wconf 86' lang='lat' dir='ltr'>fama</span> <span class='ocrx_word' id='word_1_138' title='bbox 1036 2195 1082 2235; x_wconf 91' lang='grc'>(11</span> <span class='ocrx_word' id='word_1_139' title='bbox 1103 2200 1266 2245; x_wconf 88' lang='lat' dir='ltr'>questo</span> <span class='ocrx_word' id='word_1_140' title='bbox 1289 2195 1463 2245; x_wconf 89' lang='lat' dir='ltr'>luogho</span> <span class='ocrx_word' id='word_1_141' title='bbox 1487 2199 1511 2235; x_wconf 85' lang='lat' dir='ltr'>e</span> <span class='ocrx_word' id='word_1_142' title='bbox 1534 2201 1708 2236; x_wconf 86' lang='lat' dir='ltr'>venuto</span> <span class='ocrx_word' id='word_1_143' title='bbox 1727 2208 1791 2236; x_wconf 89' lang='lat' dir='ltr'>un</span> 
     </span>
     <span class='ocr_line' id='line_1_18' title="bbox 152 2266 1790 2317; baseline -0.001 -10"><span class='ocrx_word' id='word_1_144' title='bbox 152 2267 382 2307; x_wconf 87' lang='lat' dir='ltr'>monacho</span> <span class='ocrx_word' id='word_1_145' title='bbox 404 2267 631 2307; x_wconf 85' lang='lat' dir='ltr'>canonico</span> <span class='ocrx_word' id='word_1_146' title='bbox 652 2267 883 2317; x_wconf 85' lang='lat' dir='ltr'>regolare,</span> <span class='ocrx_word' id='word_1_147' title='bbox 909 2266 954 2306; x_wconf 86' lang='lat' dir='ltr'>di</span> <span class='ocrx_word' id='word_1_148' title='bbox 984 2272 1171 2317; x_wconf 87' lang='lat' dir='ltr'>quattro</span> <span class='ocrx_word' id='word_1_149' title='bbox 1198 2266 1365 2317; x_wconf 90' lang='lat' dir='ltr'>meglie</span> <span class='ocrx_word' id='word_1_150' title='bbox 1393 2267 1585 2306; x_wconf 89' lang='lat' dir='ltr'>lontano</span> <span class='ocrx_word' id='word_1_151' title='bbox 1616 2266 1676 2307; x_wconf 88' lang='lat' dir='ltr'>da</span> <span class='ocrx_word' id='word_1_152' title='bbox 1707 2266 1790 2306; x_wconf 86' lang='lat' dir='ltr'>Pa-</span> 
     </span>
     <span class='ocr_line' id='line_1_19' title="bbox 108 2337 1792 2392; baseline -0.001 -13"><span class='ocrx_word' id='word_1_153' title='bbox 108 2387 112 2392; x_wconf 34' lang='lat'><em>,</em></span> <span class='ocrx_word' id='word_1_154' title='bbox 152 2340 289 2389; x_wconf 78' lang='lat' dir='ltr'>(lova,</span> <span class='ocrx_word' id='word_1_155' title='bbox 314 2337 472 2390; x_wconf 77' lang='lat' dir='ltr'>quida</span> <span class='ocrx_word' id='word_1_156' title='bbox 491 2338 583 2387; x_wconf 91' lang='lat' dir='ltr'>noi,</span> <span class='ocrx_word' id='word_1_157' title='bbox 607 2344 651 2378; x_wconf 87' lang='lat' dir='ltr'>et</span> <span class='ocrx_word' id='word_1_158' title='bbox 672 2337 869 2377; x_wconf 89' lang='lat' dir='ltr'>essendo</span> <span class='ocrx_word' id='word_1_159' title='bbox 897 2338 1118 2388; x_wconf 86' lang='lat' dir='ltr'>alquanto</span> <span class='ocrx_word' id='word_1_160' title='bbox 1150 2337 1325 2388; x_wconf 80' lang='lat' dir='ltr'>sviato,</span> <span class='ocrx_word' id='word_1_161' title='bbox 1356 2337 1401 2377; x_wconf 90' lang='lat' dir='ltr'>io</span> <span class='ocrx_word' id='word_1_162' title='bbox 1429 2338 1460 2377; x_wconf 88' lang='lat' dir='ltr'>li</span> <span class='ocrx_word' id='word_1_163' title='bbox 1488 2337 1601 2377; x_wconf 88' lang='lat' dir='ltr'>detti</span> <span class='ocrx_word' id='word_1_164' title='bbox 1634 2338 1792 2378; x_wconf 87' lang='lat' dir='ltr'>alcuni</span> 
     </span>
     <span class='ocr_line' id='line_1_20' title="bbox 151 2407 1793 2461; baseline -0.001 -11"><span class='ocrx_word' id='word_1_165' title='bbox 151 2410 282 2461; x_wconf 88' lang='lat' dir='ltr'>punti</span> <span class='ocrx_word' id='word_1_166' title='bbox 302 2421 384 2461; x_wconf 87' lang='lat' dir='ltr'>per</span> <span class='ocrx_word' id='word_1_167' title='bbox 404 2409 503 2449; x_wconf 88' lang='lat' dir='ltr'>fare</span> <span class='ocrx_word' id='word_1_168' title='bbox 524 2410 569 2448; x_wconf 89' lang='lat' dir='ltr'>la</span> <span class='ocrx_word' id='word_1_169' title='bbox 590 2408 882 2449; x_wconf 89' lang='lat' dir='ltr'>confessione</span> <span class='ocrx_word' id='word_1_170' title='bbox 903 2408 1124 2458; x_wconf 87' lang='lat' dir='ltr'>generale</span> <span class='ocrx_word' id='word_1_171' title='bbox 1142 2414 1187 2448; x_wconf 89' lang='lat' dir='ltr'>et</span> <span class='ocrx_word' id='word_1_172' title='bbox 1205 2407 1352 2459; x_wconf 82' lang='lat' dir='ltr'>hoggi</span> <span class='ocrx_word' id='word_1_173' title='bbox 1367 2420 1450 2460; x_wconf 90' lang='lat' dir='ltr'>per</span> <span class='ocrx_word' id='word_1_174' title='bbox 1467 2409 1511 2447; x_wconf 93' lang='grc'>13</span> <span class='ocrx_word' id='word_1_175' title='bbox 1532 2410 1688 2460; x_wconf 89' lang='lat' dir='ltr'>gratia</span> <span class='ocrx_word' id='word_1_176' title='bbox 1712 2408 1793 2449; x_wconf 86' lang='lat' dir='ltr'>d&#39;il</span> 
     </span>
    </p>
   </div>
   <div class='ocr_carea' id='block_1_4' title="bbox 149 2591 1792 2960">
    <p class='ocr_par' dir='ltr' id='par_1_6' title="bbox 149 2591 1792 2723">
     <span class='ocr_line' id='line_1_21' title="bbox 206 2591 1790 2628; baseline -0.001 -7"><span class='ocrx_word' id='word_1_177' title='bbox 206 2595 215 2615; x_wconf 80' lang='lat'>¹</span> <span class='ocrx_word' id='word_1_178' title='bbox 256 2594 343 2621; x_wconf 87' lang='lat' dir='ltr'>Tota</span> <span class='ocrx_word' id='word_1_179' title='bbox 359 2593 575 2628; x_wconf 84' lang='lat' dir='ltr'>autographa</span> <span class='ocrx_word' id='word_1_180' title='bbox 591 2593 624 2620; x_wconf 81' lang='lat' dir='ltr'>in</span> <span class='ocrx_word' id='word_1_181' title='bbox 640 2593 696 2619; x_wconf 86' lang='lat' dir='ltr'>sol.</span> <span class='ocrx_word' id='word_1_182' title='bbox 713 2600 744 2619; x_wconf 83' lang='lat' dir='ltr'>n.</span> <span class='ocrx_word' id='word_1_183' title='bbox 758 2591 821 2619; x_wconf 85' lang='lat'>316.</span> <span class='ocrx_word' id='word_1_184' title='bbox 838 2591 956 2618; x_wconf 86' lang='lat' dir='ltr'>Manus</span> <span class='ocrx_word' id='word_1_185' title='bbox 971 2594 1023 2618; x_wconf 85' lang='lat' dir='ltr'>est</span> <span class='ocrx_word' id='word_1_186' title='bbox 1038 2591 1132 2618; x_wconf 86' lang='lat' dir='ltr'>Petri</span> <span class='ocrx_word' id='word_1_187' title='bbox 1148 2591 1187 2618; x_wconf 87' lang='lat' dir='ltr'>de</span> <span class='ocrx_word' id='word_1_188' title='bbox 1203 2591 1450 2624; x_wconf 75' lang='lat' dir='ltr'>Rivadeneira,</span> <span class='ocrx_word' id='word_1_189' title='bbox 1476 2592 1530 2626; x_wconf 90' lang='lat' dir='ltr'>qui</span> <span class='ocrx_word' id='word_1_190' title='bbox 1552 2592 1614 2619; x_wconf 91' lang='lat' dir='ltr'>hoc</span> <span class='ocrx_word' id='word_1_191' title='bbox 1637 2596 1790 2627; x_wconf 85' lang='lat' dir='ltr'>tempore</span> 
     </span>
     <span class='ocr_line' id='line_1_22' title="bbox 149 2638 1792 2674; baseline -0.002 -4"><span class='ocrx_word' id='word_1_192' title='bbox 149 2642 268 2670; x_wconf 86' lang='lat' dir='ltr'>studiis</span> <span class='ocrx_word' id='word_1_193' title='bbox 284 2641 419 2669; x_wconf 83' lang='lat' dir='ltr'>Patavii</span> <span class='ocrx_word' id='word_1_194' title='bbox 435 2641 664 2674; x_wconf 87' lang='lat' dir='ltr'>incumbebat;</span> <span class='ocrx_word' id='word_1_195' title='bbox 682 2640 740 2667; x_wconf 87' lang='lat' dir='ltr'>sed</span> <span class='ocrx_word' id='word_1_196' title='bbox 754 2640 861 2666; x_wconf 84' lang='lat' dir='ltr'>verba</span> <span class='ocrx_word' id='word_1_197' title='bbox 877 2639 946 2666; x_wconf 82' lang='lat' dir='ltr'>illa:</span> <span class='ocrx_word' id='word_1_198' title='bbox 962 2638 996 2666; x_wconf 87' lang='lat' dir='ltr'>Il</span> <span class='ocrx_word' id='word_1_199' title='bbox 1010 2640 1127 2666; x_wconf 80' lang='lat' dir='ltr'>vestro</span> <span class='ocrx_word' id='word_1_200' title='bbox 1147 2640 1183 2666; x_wconf 80' lang='lat' dir='ltr'>in</span> <span class='ocrx_word' id='word_1_201' title='bbox 1200 2639 1445 2674; x_wconf 79' lang='lat' dir='ltr'>Xpofiglz&#39;uolo</span> <span class='ocrx_word' id='word_1_202' title='bbox 1462 2640 1734 2673; x_wconf 73' lang='lat' dir='ltr'>indignissimo,</span> <span class='ocrx_word' id='word_1_203' title='bbox 1750 2641 1792 2667; x_wconf 77' lang='lat' dir='ltr'>do</span> 
     </span>
     <span class='ocr_line' id='line_1_23' title="bbox 149 2687 839 2723; baseline -0.004 -6"><span class='ocrx_word' id='word_1_204' title='bbox 149 2689 310 2723; x_wconf 78' lang='lat' dir='ltr'>Elpidz&#39;o,</span> <span class='ocrx_word' id='word_1_205' title='bbox 325 2692 402 2716; x_wconf 89' lang='lat' dir='ltr'>sunt</span> <span class='ocrx_word' id='word_1_206' title='bbox 419 2696 521 2716; x_wconf 86' lang='lat' dir='ltr'>manu</span> <span class='ocrx_word' id='word_1_207' title='bbox 537 2687 656 2715; x_wconf 83' lang='lat' dir='ltr'>Patris</span> <span class='ocrx_word' id='word_1_208' title='bbox 671 2687 839 2721; x_wconf 81' lang='lat' dir='ltr'>Ugoletti.</span> 
     </span>
    </p>

    <p class='ocr_par' dir='ltr' id='par_1_7' title="bbox 149 2733 1792 2960">
     <span class='ocr_line' id='line_1_24' title="bbox 202 2733 1788 2770; baseline -0.001 -7"><span class='ocrx_word' id='word_1_209' title='bbox 202 2737 216 2756; x_wconf 74' lang='lat'><strong>2</strong></span> <span class='ocrx_word' id='word_1_210' title='bbox 253 2736 375 2763; x_wconf 83' lang='lat' dir='ltr'>Patres</span> <span class='ocrx_word' id='word_1_211' title='bbox 389 2736 585 2770; x_wconf 81' lang='lat' dir='ltr'>Alphonsus</span> <span class='ocrx_word' id='word_1_212' title='bbox 605 2734 785 2762; x_wconf 84' lang='lat' dir='ltr'>Salmeron</span> <span class='ocrx_word' id='word_1_213' title='bbox 801 2738 833 2762; x_wconf 88' lang='lat' dir='ltr'>et</span> <span class='ocrx_word' id='word_1_214' title='bbox 850 2734 1014 2762; x_wconf 84' lang='lat' dir='ltr'>Claudius</span> <span class='ocrx_word' id='word_1_215' title='bbox 1029 2734 1135 2770; x_wconf 85' lang='lat' dir='ltr'>Jayus</span> <span class='ocrx_word' id='word_1_216' title='bbox 1150 2741 1223 2761; x_wconf 87' lang='lat' dir='ltr'>eum</span> <span class='ocrx_word' id='word_1_217' title='bbox 1240 2733 1343 2761; x_wconf 85' lang='lat' dir='ltr'>Patre</span> <span class='ocrx_word' id='word_1_218' title='bbox 1359 2733 1484 2767; x_wconf 85' lang='lat' dir='ltr'>Jacobo</span> <span class='ocrx_word' id='word_1_219' title='bbox 1499 2733 1638 2770; x_wconf 84' lang='lat' dir='ltr'>Laynez</span> <span class='ocrx_word' id='word_1_220' title='bbox 1653 2739 1788 2769; x_wconf 82' lang='lat' dir='ltr'>expete-</span> 
     </span>
     <span class='ocr_line' id='line_1_25' title="bbox 149 2781 1789 2816; baseline -0.001 -5"><span class='ocrx_word' id='word_1_221' title='bbox 149 2785 272 2812; x_wconf 88' lang='lat' dir='ltr'>bantur</span> <span class='ocrx_word' id='word_1_222' title='bbox 287 2783 473 2811; x_wconf 88' lang='lat' dir='ltr'>Bononiam</span> <span class='ocrx_word' id='word_1_223' title='bbox 487 2791 508 2810; x_wconf 91' lang='lat' dir='ltr'>a</span> <span class='ocrx_word' id='word_1_224' title='bbox 524 2783 666 2811; x_wconf 83' lang='lat' dir='ltr'>Concilii</span> <span class='ocrx_word' id='word_1_225' title='bbox 684 2783 913 2816; x_wconf 84' lang='lat' dir='ltr'>Praesidibus,</span> <span class='ocrx_word' id='word_1_226' title='bbox 931 2782 1105 2810; x_wconf 83' lang='lat' dir='ltr'>Pontificis</span> <span class='ocrx_word' id='word_1_227' title='bbox 1121 2781 1273 2815; x_wconf 79' lang='lat' dir='ltr'>Legatis.</span> <span class='ocrx_word' id='word_1_228' title='bbox 1290 2781 1485 2816; x_wconf 87' lang='lat' dir='ltr'>Antequam</span> <span class='ocrx_word' id='word_1_229' title='bbox 1500 2782 1579 2809; x_wconf 88' lang='lat' dir='ltr'>illuc</span> <span class='ocrx_word' id='word_1_230' title='bbox 1595 2790 1630 2809; x_wconf 82' lang='lat' dir='ltr'>se</span> <span class='ocrx_word' id='word_1_231' title='bbox 1643 2782 1789 2810; x_wconf 72' lang='lat' dir='ltr'>Patavi«)</span> 
     </span>
     <span class='ocr_line' id='line_1_26' title="bbox 150 2829 1789 2866; baseline -0.001 -9"><span class='ocrx_word' id='word_1_232' title='bbox 150 2831 342 2858; x_wconf 82' lang='lat' dir='ltr'>conferrent</span> <span class='ocrx_word' id='word_1_233' title='bbox 357 2830 535 2858; x_wconf 86' lang='lat' dir='ltr'>Salmeron</span> <span class='ocrx_word' id='word_1_234' title='bbox 551 2834 583 2858; x_wconf 87' lang='lat' dir='ltr'>et</span> <span class='ocrx_word' id='word_1_235' title='bbox 599 2830 706 2866; x_wconf 85' lang='lat' dir='ltr'>Jayus</span> <span class='ocrx_word' id='word_1_236' title='bbox 730 2829 881 2866; x_wconf 85' lang='lat' dir='ltr'>(Laynez</span> <span class='ocrx_word' id='word_1_237' title='bbox 906 2837 982 2857; x_wconf 86' lang='lat' dir='ltr'>curn</span> <span class='ocrx_word' id='word_1_238' title='bbox 1005 2829 1142 2857; x_wconf 79' lang='lat' dir='ltr'>Canislo</span> <span class='ocrx_word' id='word_1_239' title='bbox 1167 2832 1263 2856; x_wconf 85' lang='lat' dir='ltr'>recta</span> <span class='ocrx_word' id='word_1_240' title='bbox 1287 2829 1380 2863; x_wconf 89' lang='lat' dir='ltr'>prius</span> <span class='ocrx_word' id='word_1_241' title='bbox 1406 2829 1594 2857; x_wconf 87' lang='lat' dir='ltr'>Bononiam</span> <span class='ocrx_word' id='word_1_242' title='bbox 1616 2830 1789 2864; x_wconf 50' lang='lat' dir='ltr'>perrexits.</span> 
     </span>
     <span class='ocr_line' id='line_1_27' title="bbox 149 2877 1792 2912; baseline -0.001 -7"><span class='ocrx_word' id='word_1_243' title='bbox 149 2878 304 2905; x_wconf 74' lang='lat' dir='ltr'>Venetiis</span> <span class='ocrx_word' id='word_1_244' title='bbox 319 2878 502 2906; x_wconf 84' lang='lat' dir='ltr'>substitere</span> <span class='ocrx_word' id='word_1_245' title='bbox 517 2883 553 2906; x_wconf 91' lang='lat' dir='ltr'>ut</span> <span class='ocrx_word' id='word_1_246' title='bbox 568 2879 758 2906; x_wconf 84' lang='lat' dir='ltr'>inviserent</span> <span class='ocrx_word' id='word_1_247' title='bbox 772 2879 947 2905; x_wconf 84' lang='lat' dir='ltr'>Andream</span> <span class='ocrx_word' id='word_1_248' title='bbox 967 2877 1204 2912; x_wconf 70' lang='lat' dir='ltr'>Lipomanum,</span> <span class='ocrx_word' id='word_1_249' title='bbox 1231 2884 1330 2910; x_wconf 84' lang='lat' dir='ltr'>quem</span> <span class='ocrx_word' id='word_1_250' title='bbox 1353 2877 1416 2904; x_wconf 91' lang='lat' dir='ltr'>hoc</span> <span class='ocrx_word' id='word_1_251' title='bbox 1434 2877 1565 2904; x_wconf 87' lang='lat' dir='ltr'>nomine</span> <span class='ocrx_word' id='word_1_252' title='bbox 1584 2877 1792 2911; x_wconf 79' lang='lat' dir='ltr'>Monsignor</span> 
     </span>
     <span class='ocr_line' id='line_1_28' title="bbox 150 2925 1026 2960; baseline -0.002 -7"><span class='ocrx_word' id='word_1_253' title='bbox 150 2926 244 2953; x_wconf 83' lang='lat' dir='ltr'>della</span> <span class='ocrx_word' id='word_1_254' title='bbox 266 2925 406 2953; x_wconf 65' lang='lat' dir='ltr'>Trim&#39;td</span> <span class='ocrx_word' id='word_1_255' title='bbox 423 2926 648 2953; x_wconf 80' lang='lat' dir='ltr'>communiter</span> <span class='ocrx_word' id='word_1_256' title='bbox 663 2933 778 2953; x_wconf 85' lang='lat' dir='ltr'>omnes</span> <span class='ocrx_word' id='word_1_257' title='bbox 793 2926 1026 2960; x_wconf 86' lang='lat' dir='ltr'>appellabant.</span> 
     </span>
    </p>
   </div>
  </div>
 </body>
</html>
