2074 3179
898 151 980 188 AN.
1013 150 1102 186 1552
1739 148 1804 184 (ssl

865 573 1137 627 CXLVII

254 786 446 832 Joannes
465 785 686 832 Rogerius

302 851 422 888 Patri
440 851 610 898 Ignatio
629 849 682 888 de
700 850 884 898 Loyola.

349 916 582 963 panormo,
602 915 626 952 8
644 915 747 952 Maii
776 915 866 952 1552
884 915 910 949 ¹.

959 1054 1055 1129 nis

265 1232 427 1272 Gratia
465 1239 508 1272 et
543 1245 637 1283 pax
669 1232 855 1272 Domini
884 1232 1041 1272 Nostri
1077 1231 1185 1284 Jesu
1222 1230 1395 1270 Christi
1430 1230 1486 1270 sit
1518 1242 1700 1280 semper
1735 1242 1812 1270 no-

184 1305 378 1344 biscum.

263 1374 466 1425 Tempus
484 1386 557 1414 me
573 1380 744 1423 monet,
768 1372 868 1413 Rssle
894 1373 940 1412 in
958 1373 1144 1413 Christo
1164 1372 1315 1421 Pater,
1337 1378 1385 1411 ut
1407 1371 1613 1423 injuncto
1636 1372 1693 1411 ab
1711 1373 1814 1414 obe-

184 1445 356 1485 dientia
377 1445 576 1495 fungens
598 1456 804 1493 munere,
833 1448 1054 1494 quantam
1082 1442 1345 1482 Reverendi
1365 1442 1528 1483 Patres
1557 1449 1600 1483 et
1626 1443 1810 1496 fratres,

186 1516 263 1567 qui
284 1516 360 1556 hic
379 1522 486 1555 sunt
515 1515 562 1555 in
585 1515 771 1556 Christo
794 1513 1080 1565 charissimi,
1112 1513 1397 1553 excolendae
1418 1513 1605 1554 Domini
1628 1516 1809 1566 vineae,

185 1586 256 1626 his
278 1592 476 1638 quatuor
505 1586 705 1626 evolutis
739 1585 951 1637 proxime
982 1585 1234 1634 mensibus,
1270 1596 1483 1635 operam,
1516 1585 1686 1625 divinis
1714 1586 1814 1626 fulti

185 1657 446 1709 praesidiis,
470 1657 793 1709 impenderint,
820 1657 1069 1697 certiorem
1088 1662 1132 1696 te
1152 1655 1338 1696 faciam.
1363 1656 1420 1695 Et
1441 1657 1661 1707 quoniam
1684 1668 1812 1709 supe-

187 1728 386 1768 rioribus
407 1728 571 1769 litteris
589 1727 644 1768 de
659 1734 928 1768 nostrorum
950 1727 1255 1767 renovatione
1273 1726 1531 1767 studiorum
1549 1739 1667 1778 quae
1689 1729 1813 1768 Vide-

185 1800 352 1839 bantur
374 1800 591 1849 dicenda,
615 1811 776 1839 eorum
795 1799 909 1839 nihil
930 1798 1351 1850 praetermisimus,
1384 1810 1507 1839 nunc
1537 1799 1718 1839 felicem
1747 1800 1815 1839 rei

186 1876 374 1910 nostrae
395 1870 650 1910 litterariae
668 1882 937 1910 successum
954 1869 1117 1921 paucis
1134 1869 1412 1920 aperiemus.

264 1941 613 1992 praeceptores,
651 1948 823 1992 quanta
859 1947 1054 1992 possunt
1095 1951 1278 1991 semper
1313 1940 1573 1991 diligentia,
1617 1940 1816 1980 docendi

186 2023 351 2052 munus
373 2012 563 2062 obeunt,
587 2018 631 2052 et
653 2012 912 2052 imbuendis
934 2023 1075 2051 sanae
1098 2011 1339 2051 doctrinae
1360 1996 1658 2062 moribusque
1680 2012 1814 2051 disci-

186 2084 321 2134 pulis,
345 2083 497 2133 rebus,
517 2094 634 2134 quae
657 2082 715 2122 ad
736 2083 782 2122 id
803 2082 1065 2122 conducere
1086 2088 1294 2132 possunt,
1320 2082 1533 2121 omnibus
1555 2083 1811 2133 exquisitis,

188 2154 448 2205 invigilant,
469 2159 598 2194 tanto
614 2154 788 2203 labore,
806 2160 856 2193 ut
872 2153 950 2192 alii
966 2159 1297 2204 praeceptores
1314 2160 1358 2192 et
1375 2153 1641 2204 paedagogi
1654 2153 1814 2194 civita-

188 2226 247 2265 tis
268 2224 498 2275 admirati,
520 2224 664 2264 velint
686 2224 847 2274 nolint,
872 2229 1100 2274 cogantur
1121 2223 1325 2275 profiteri
1347 2235 1395 2263 se
1416 2235 1508 2263 non
1529 2235 1675 2275 usque
1698 2224 1816 2264 adeo

188 2296 283 2335 suis
304 2295 569 2335 erudiendis
591 2294 829 2341 insudare,
854 2306 902 2334 se
924 2306 1017 2334 non
1038 2294 1103 2334 uti
1131 2306 1184 2334 ea
1213 2294 1489 2334 dexteritate
1515 2300 1560 2334 et
1588 2295 1813 2335 industria

187 2378 278 2417 qua
309 2367 459 2406 nostri
494 2371 852 2406 consueverunt.
890 2365 1013 2405 Inter
1044 2377 1158 2416 quos
1189 2365 1377 2416 quidam
1407 2365 1815 2416 septuagenarius,

189 2438 344 2477 valido
365 2444 522 2477 tamen
538 2444 582 2477 et
601 2437 789 2477 robusto
806 2448 1016 2489 corpore,
1037 2437 1115 2488 qui
1136 2437 1358 2477 docendis
1379 2437 1534 2488 pueris
1555 2437 1816 2486 consenuit,

189 2509 415 2560 siquidem
437 2508 789 2560 quinquaginta,
814 2509 932 2548 sicut
954 2509 1050 2560 ipse
1071 2514 1283 2558 testatur,
1304 2520 1451 2548 annos
1468 2507 1590 2547 istud
1607 2508 1817 2547 exercuit

190 2580 408 2629 officium,
449 2585 717 2619 nostrorum
751 2580 955 2630 quotidie
982 2579 1257 2619 lectionibus
1284 2579 1500 2629 interest,
1537 2590 1732 2630 sperans
1767 2590 1817 2619 se

189 2663 325 2702 posse
357 2662 515 2690 senem
549 2651 709 2702 paucis
745 2651 980 2691 mensibus
1014 2651 1251 2701 consequi,
1289 2651 1412 2701 quod
1442 2649 1627 2701 juvenis
1659 2651 1819 2690 multis

189 2723 324 2762 annis
345 2734 437 2762 non
458 2722 622 2773 potuit,
642 2728 820 2762 rectam
842 2722 1059 2762 nimirum
1076 2721 1395 2761 docendorum
1412 2732 1663 2772 puerorum
1679 2721 1816 2761 ratio-

190 2805 319 2841 nem,
342 2804 481 2844 quam
503 2793 549 2832 in
570 2793 742 2833 nostris
763 2793 956 2844 suscipit
974 2793 986 2811 '³
1009 2800 1051 2832 et
1074 2793 1205 2832 miris
1230 2791 1361 2832 effert
1384 2792 1608 2832 laudibus.
1635 2792 1725 2832 Alii
1749 2793 1819 2831 vi—

242 2912 250 2930 ¹
292 2911 537 2945 Apographum
553 2911 584 2938 in
601 2911 677 2938 solio
692 2911 725 2937 40
742 2912 874 2939 Codicis
893 2913 969 2938 1551.

296 2958 361 2989 sim
379 2958 499 2985 melius
515 2959 660 2986 fortasse
677 2960 837 2993 suspicit.
