2074 3179
856 210 939 246 AN.
971 209 1060 246 1552
1707 209 1773 246 651

145 318 292 357 aequo
313 317 362 346 se
381 305 523 345 fuisse
545 306 632 356 ipsi
654 317 836 358 quoque
857 312 901 345 ct
929 312 1190 357 agnoscunt
1219 311 1263 345 et
1291 305 1510 345 fatentur.
1545 306 1770 345 Paulatim

144 384 298 417 tamen
315 376 411 428 jam
433 377 647 416 meliores
668 388 820 417 mores
842 377 1046 416 induere.
1067 376 1281 416 Accessit
1299 376 1358 416 ad
1376 381 1585 426 cae'tera,
1605 376 1774 427 quibus

146 448 268 499 apud
306 446 403 498 ejus
437 448 644 498 regionis
681 448 858 487 incolas
893 447 992 487 Deo
1027 447 1218 498 gratiae
1251 447 1535 497 agebantur,
1578 447 1773 486 evidens

143 518 283 558 etiam
304 518 594 558 miraculum.
621 518 735 558 Cum
757 519 878 558 enim
899 530 925 557 a
943 518 1099 557 multis
1120 517 1283 557 diebus
1299 517 1413 556 nihil
1430 518 1613 569 penitus
1634 517 1773 568 pluis-

145 596 228 635 set,
248 589 435 640 jamque
455 589 707 640 desperare
730 589 891 629 rustici
914 589 969 628 de
992 589 1230 639 segetibus
1249 588 1535 639 viderentur,
1560 588 1634 628 die
1665 601 1772 640 quo-

143 661 265 709 dam,
290 660 575 700 circumacta
598 672 680 711 per
702 672 843 711 agros
865 672 890 699 a
914 659 1075 699 RdOP.
1094 660 1274 712 Joanne
1292 659 1505 711 Philippo
1524 671 1661 699 cruce
1680 661 1774 711 pul-

143 731 400 781 cherrima,
431 742 548 782 quae
576 742 634 770 ex
664 731 790 781 ligno
819 731 972 770 crucis
1003 730 1278 770 Dominicae
1308 730 1522 770 confecta
1552 731 1770 779 creditur,

141 792 595 853 pretiosissimusque
631 813 723 841 non
754 802 986 841 immerito
1022 800 1119 852 ejus
1151 802 1241 841 loci
1275 801 1472 841 habetur
1506 801 1771 849 thesaurus,

141 873 390 912 comitante
412 873 552 922 longa
574 872 813 912 hominum
835 872 953 911 serie
974 872 1213 923 utriusque
1236 883 1390 922 sexus,
1417 872 1585 912 devote
1607 878 1652 912 et
1669 883 1775 912 cum

140 944 364 994 lacrymis
398 943 758 994 supplicantium
794 943 1095 993 divinamque
1130 943 1481 993 implorantium
1517 943 1775 983 misericor-

140 1014 289 1063 diam,
314 1014 475 1053 eodem
498 1025 714 1065 vespere,
740 1026 830 1065 quo
854 1014 900 1053 in
923 1013 1176 1053 Abbatiam
1197 1026 1312 1054 crux
1335 1019 1499 1054 sancta
1520 1014 1667 1054 relata
1689 1022 1772 1061 est,

141 1085 263 1124 misit
283 1085 410 1124 Deus
432 1086 634 1124 clemens
656 1096 710 1124 ac
732 1085 1001 1124 misericors
1030 1085 1376 1136 copiosissimos
1405 1085 1599 1135 imbres,
1624 1097 1773 1136 neque

141 1167 377 1207 nunquam
416 1161 578 1206 postea
624 1156 889 1206 pluviarum
929 1155 1167 1195 affluentia
1213 1167 1296 1195 suo
1344 1162 1552 1206 tempore
1598 1155 1772 1196 deside-

144 1232 247 1266 rata
269 1232 353 1266 est.

220 1297 427 1337 Catanae
450 1310 477 1337 a
498 1297 598 1337 ΚΦ)
625 1298 672 1337 Ρ.
697 1298 861 1337 Natale
886 1298 989 1346 <hoc
1011 1299 1133 1338 enim
1154 1304 1335 1338 tantum
1356 1305 1571 1349 superest
1593 1304 1641 1338 ut
1663 1299 1770 1339 huic

140 1369 320 1408 muneri
342 1369 649 1418 satisfaciam)
673 1369 761 1408 tria
783 1370 1032 1420 praecipue
1053 1369 1178 1410 facta
1210 1375 1336 1417 sunt,
1361 1381 1479 1420 quae
1508 1370 1773 1410 scribantur

139 1452 231 1479 non
252 1440 459 1491 indigna.
482 1440 525 1479 Is
546 1440 774 1491 siquidem
805 1441 968 1491 paucis
990 1440 1174 1490 diebus,
1199 1440 1362 1491 quibus
1391 1440 1453 1479 ibi
1483 1439 1635 1480 fuerat
1666 1452 1771 1480 cum

138 1510 381 1562 Pro-rege,
407 1518 678 1562 antequam,
702 1510 900 1551 Romam
920 1511 1235 1563 profecturus,
1260 1511 1528 1551 Messanam
1546 1512 1768 1560 venisset,

137 1583 337 1633 primum
357 1582 480 1622 mille
501 1594 645 1633 prope
667 1593 835 1622 aureos
852 1588 1102 1622 coronatos
1119 1582 1281 1622 haberi
1298 1582 1483 1622 curavit
1500 1582 1559 1622 ad
1576 1582 1770 1622 erectio-

138 1665 242 1693 nem
263 1653 427 1693 domus
449 1654 786 1705 orphanorum,
811 1653 962 1704 qualis
985 1659 1053 1693 est
1070 1653 1330 1693 Messanae.
1351 1652 1529 1693 Deinde
1548 1664 1771 1703 magnum

137 1725 439 1775 pecuniarum
476 1737 719 1764 numerum
758 1725 817 1764 ad
856 1724 1250 1764 reaedificandum
1280 1725 1644 1776 capuccinorum
1678 1724 1769 1765 fra-

136 1802 259 1835 trum
279 1796 613 1836 monasterium
634 1797 772 1846 paulo
794 1796 851 1835 ab
874 1795 986 1835 urbe
1008 1795 1214 1846 longius,
1240 1795 1392 1835 diruto
1423 1795 1604 1847 priore,
1645 1796 1770 1847 quod

138 1866 275 1905 nimis
296 1866 537 1906 imminere
559 1867 801 1906 moenibus
823 1867 1084 1915 videbatur,
1109 1867 1196 1906 hoc
1217 1867 1495 1917 praesertim
1518 1878 1705 1906 rumore
1726 1873 1770 1907 et

138 1937 351 1977 incendio
371 1938 610 1977 bellorum.
634 1936 876 1977 Postremo
899 1938 945 1977 in
974 1938 1132 1977 varios
1159 1949 1389 1988 pauperes
1419 1944 1605 1977 centum
1637 1949 1765 1977 coro-

140 2015 274 2048 natos
298 2008 507 2059 dispergi
528 2009 726 2048 curavit.

218 2078 375 2118 Habes
396 2078 515 2127 fere,
538 2078 587 2118 Ρ.
614 2079 660 2118 in
680 2079 866 2119 Christo
896 2078 1345 2125 observandissime,
1376 2090 1495 2130 quae
1523 2079 1769 2120 scribenda

139 2150 272 2190 nobis
294 2156 569 2200 occurrunt,
601 2150 647 2190 in
669 2150 832 2202 quibus
859 2156 909 2190 ut
934 2150 1164 2190 fateamur
1194 2150 1369 2202 aliquid
1395 2162 1498 2190 esse
1525 2151 1635 2191 boni
1665 2151 1769 2202 (tibi

137 2221 259 2260 enim
280 2221 368 2261 hoc
389 2221 691 2272 relinquimus
715 2220 1064 2272 judicandum),
1094 2232 1270 2272 negare
1297 2227 1455 2262 tamen
1483 2234 1576 2262 non
1606 2234 1769 2274 possu-

138 2303 239 2331 mus
261 2293 404 2332 multo
426 2293 558 2343 plura
581 2303 682 2332 esse
711 2291 946 2341 debuisse,
977 2293 1067 2332 nisi
1093 2293 1276 2344 gratiae
1304 2292 1392 2333 Dei
1421 2294 1767 2334 occasionibus-

137 2374 226 2413 que
247 2362 367 2402 datis
393 2370 555 2402 nostra
582 2363 779 2414 segnitie
806 2362 1127 2403 defuissemus.
1159 2363 1364 2404 Petimus
1392 2364 1548 2416 itaque
1580 2365 1768 2406 veniam

138 2434 385 2485 supplices,
408 2440 544 2484 teque
565 2445 726 2474 omnes
746 2440 920 2485 quanto
950 2446 1198 2486 possumus
1228 2435 1398 2475 affectu
1429 2435 1616 2476 Patrem
1642 2437 1767 2488 pien-

138 2505 366 2544 tissimum
387 2504 467 2544 filii
489 2505 794 2556 deprecamur
820 2511 870 2545 ut
899 2505 1117 2556 precibus
1148 2506 1238 2546 tuis
1266 2507 1666 2558 sanctissimisque
1696 2520 1766 2547 sa-

137 2575 324 2615 crificiis
351 2576 397 2615 id
423 2587 728 2627 assequamur
754 2587 844 2627 quo
871 2576 992 2616 hanc
1021 2574 1030 2595 ¹
1061 2588 1087 2616 a
1117 2577 1251 2617 nobis
1278 2578 1509 2628 expellere
1537 2579 1766 2630 longeque

136 2645 336 2697 abjicere
376 2648 607 2698 possimus
630 2679 636 2694 ‚
685 2658 739 2686 ac
782 2646 970 2686 tandem
1013 2647 1261 2698 aliquando
1312 2649 1536 2688 sollicitos
1579 2648 1764 2689 Christo

138 2729 222 2757 nos
254 2717 558 2757 exhibeamus
587 2717 840 2757 ministros.
866 2717 955 2768 Qui
984 2730 1102 2759 unus
1130 2718 1299 2770 dignus
1327 2725 1396 2759 est
1424 2731 1529 2759 cum
1551 2719 1689 2760 Patre
1721 2728 1765 2760 et

136 2787 310 2840 Spiritu
348 2787 534 2838 Sancto,
578 2788 652 2829 cui
691 2789 807 2837 laus,
850 2788 998 2828 honor
1034 2795 1077 2829 et
1112 2790 1264 2840 gloria
1299 2790 1359 2830 sit
1394 2791 1441 2830 in
1471 2798 1762 2842 perpetuum.

136 2859 302 2899 Amen.

192 3022 198 3034 ¹
239 3021 435 3056 Segnitiem.
