2074 3179
851 161 933 199 AN.
970 160 1061 198 1552
1707 159 1776 194 0⁴23

143 261 215 300 sit.
254 259 496 299 Neminem
530 265 773 309 praeterea
813 258 928 297 adeo
964 262 1143 308 aptum,
1182 255 1255 295 cui
1289 255 1551 305 gallicanae
1586 255 1771 306 provin-

141 331 240 371 ciae
262 328 544 370 excolendae
566 335 610 368 et
631 328 876 369 Societatis
897 328 943 367 in
963 328 1052 367 hac.
1073 327 1265 377 regione
1287 325 1635 376 promovendae
1658 337 1770 364 cura

143 400 349 451 delegari
376 399 667 440 commodius
689 399 854 450 possit,
879 409 1018 449 quam
1039 396 1176 437 Rssfflffi
1205 396 1391 436 Patrem
1413 395 1719 436 Paschasium
1747 395 1770 431 ¹.

144 471 284 523 Cujus
314 470 489 522 negotii
517 476 844 521 argumentum
873 467 1115 521 prolixiori
1149 468 1359 507 oratione
1395 467 1645 518 postremis
1680 466 1776 505 suis

143 542 329 589 litteriS,
354 553 471 593 quas
491 553 576 581 vos
598 541 831 592 recepisse
853 539 1148 589 confidimus,
1172 544 1448 589 prosecutus
1471 543 1554 577 est.

224 613 398 665 Itaque,
424 625 579 664 quum,
605 618 708 652 octo
729 612 950 652 fratribus
971 623 998 650 a
1018 609 1175 650 Natali
1196 609 1429 649 dominico
1452 609 1560 648 hinc
1578 607 1776 648 Romam

144 684 367 733 dimissis,
397 691 596 735 quatuor
623 683 866 723 dumtaxat
892 682 1055 733 reliqui
1090 692 1318 729 essemus,
1358 687 1553 731 excepto
1585 679 1773 728 famulo,

144 755 316 807 placuit
350 755 536 794 divinae
570 753 892 806 providentiae
927 763 1171 792 numerum
1207 750 1322 791 adeo
1360 751 1581 801 exiguum
1623 750 1776 789 adhuc

146 826 438 875 imminuere,
471 825 615 864 fratre
651 830 811 864 nostro
847 823 1138 873 charissimo,
1177 821 1404 873 Magistro
1441 821 1610 862 Carolo
1645 820 1776 861 Com-

147 897 330 946 melino,
367 895 562 945 flandro,
598 895 803 935 violenta
833 894 959 934 febre
987 906 1046 934 ex
1073 892 1209 945 hujus
1244 892 1368 932 vitae
1404 892 1686 932 mortalitate
1719 890 1777 930 ad

148 973 365 1007 aeternae
386 966 620 1006 felicitatis
641 966 841 1018 quietem
864 971 1075 1014 evocato,
1100 976 1237 1016 quem
1257 963 1463 1003 fraterno
1489 962 1660 1002 affectu
1678 974 1777 1002 ora-

147 1038 324 1077 tionum
356 1045 621 1077 vestrarum
662 1036 896 1087 suffragiis
936 1035 1342 1084 commendamus,
1381 1040 1592 1074 orantem
1629 1033 1780 1073 Deum

148 1107 354 1159 perfecta
391 1108 620 1147 charitate
653 1119 737 1158 pro
772 1107 919 1146 nobis.
956 1106 1216 1146 Mirabilem
1246 1105 1500 1157 patientiae
1535 1111 1579 1144 et
1613 1104 1781 1144 mortis

150 1179 222 1218 sui
260 1178 426 1230 ipsius,
468 1184 575 1217 ante
616 1184 811 1218 mortem
845 1177 1091 1229 corporis,'
1120 1176 1384 1227 exemplum
1420 1187 1533 1226 prae
1574 1186 1622 1214 se
1661 1175 1776 1223 tulit,

149 1250 284 1301 quale
305 1249 403 1301 ipse
424 1249 536 1288 mihi
558 1254 719 1300 optare
740 1260 944 1300 possum.
978 1247 1200 1299 Migravit
1228 1247 1287 1286 ad
1314 1245 1591 1286 Sanctorum
1628 1244 1781 1285 Socie-

151 1326 296 1360 tatem
331 1320 376 1360 in
411 1320 591 1359 coelum
630 1319 861 1370 vigesimo
898 1325 1031 1358 sexto
1062 1318 1259 1369 Aprilis,
1291 1324 1500 1367 tempore
1530 1317 1776 1364 matutino,

149 1397 256 1431 ante
290 1392 456 1431 horam
489 1390 754 1442 septimam,
784 1389 1102 1430 Sacramentis
1130 1389 1342 1429 omnibus
1379 1387 1580 1428 Sanctae
1616 1387 1781 1427 Matris

150 1462 387 1502 Ecclesiae
418 1461 670 1512 insignitus
696 1466 740 1501 et
770 1461 974 1501 munitus
1001 1466 1240 1511 tamquam
1261 1459 1371 1512 Jesu
1400 1458 1576 1499 Christi
1606 1459 1777 1498 athleta

154 1533 371 1573 invictus.

232 1603 418 1644 Poterat
457 1603 676 1653 animum,
715 1603 930 1643 humanis
952 1602 1193 1642 affectibus
1216 1602 1483 1651 obnoxium,
1517 1601 1784 1641 charissimi

152 1676 197 1715 in
219 1674 403 1716 Christo
425 1674 582 1715 fratris
610 1686 736 1714 mors
767 1685 1083 1723 commovere,
1114 1673 1203 1713 nisi
1230 1679 1448 1712 aeternae
1481 1673 1605 1712 vitae
1638 1678 1681 1712 et
1714 1683 1778 1711 re-

152 1746 453 1786 surrectionis
480 1746 592 1786 viva
621 1756 727 1797 spes
762 1751 965 1785 mentem
1000 1744 1305 1784 christianam
1341 1744 1556 1794 erigeret.
1595 1743 1688 1783 Piis
1720 1744 1781 1782 la·

153 1816 343 1856 chrimis
363 1816 665 1868 parcendum,
688 1816 765 1856 ubi
786 1815 899 1855 fides
921 1815 1195 1867 imperatrix
1217 1813 1453 1854 fraternae
1476 1814 1781 1865 redemptioni

155 1895 198 1927 et
222 1887 360 1926 saluti
380 1887 698 1937 congratulari
718 1898 805 1926 nos
822 1885 966 1937 jubet.

232 1957 322 1998 Sed
343 1957 451 1997 dum
472 1957 608 1997 unius
634 1957 917 1997 incommodi
946 1956 1200 2008 spiritualis
1231 1956 1490 1996 consolatio
1521 1966 1785 1995 moerorem

153 2028 398 2079 extinguit,
424 2028 569 2068 altera
591 2028 817 2068 successit
838 2027 1117 2077 adversitas,
1142 2038 1261 2078 quae
1283 2027 1489 2066 animum
1510 2032 1721 2066 tenerum
1738 2032 1781 2065 et

151 2101 270 2139 lacte
298 2098 513 2138 alendum
540 2099 674 2138 facile
705 2098 1005 2149 supplantare
1035 2097 1202 2149 possit3
1236 2097 1352 2137 adeo
1384 2103 1453 2146 ut,
1486 2102 1672 2147 praeter
1702 2108 1777 2147 pa-

153 2170 341 2210 tientiae
362 2175 501 2220 atque
522 2169 902 2220 perseverantiae
923 2168 1148 2218 fructum,
1174 2168 1220 2207 in
1241 2180 1330 2219 quo
1352 2167 1593 2219 potissima
1629 2167 1781 2206 meriti

154 2241 306 2292 portio
328 2241 557 2280 collocata
577 2245 669 2290 est,
692 2239 843 2279 nullus
863 2251 1008 2290 prope
1036 2239 1298 2289 evangelici
1325 2238 1562 2290 profectus
1591 2237 1782 2277 relictus

154 2311 368 2351 videatur
395 2311 526 2351 nobis
560 2311 704 2350 locus.
740 2310 862 2350 Ecce
896 2309 1034 2349 Pater
1067 2316 1226 2349 noster
1253 2310 1485 2361 Baptista,
1517 2320 1641 2349 novo
1673 2320 1782 2359 quo-

153 2382 259 2422 dam
279 2382 589 2433 gravissimae
619 2381 946 2420 imbecillitatis
973 2380 1135 2420 morbo
1165 2386 1451 2432 prostratus,
1486 2380 1656 2419 multos
1687 2379 1780 2430 jam

153 2453 250 2493 dies
271 2454 438 2493 lectulo
461 2452 712 2502 decumbit,
745 2451 907 2491 mortis
928 2451 1081 2503 potius
1103 2463 1303 2502 agonem
1335 2462 1475 2502 quam
1502 2451 1628 2490 vitae
1660 2450 1784 2489 labo-

154 2536 251 2564 rem
272 2524 537 2575 frequenter
556 2522 753 2574 patiens.
779 2521 880 2572 Quo
901 2521 1195 2562 incommodo
1217 2522 1475 2573 spiritualis
1497 2534 1551 2560 ac
1580 2531 1781 2570 evange-

153 2595 268 2634 licus
301 2594 481 2634 fructus
523 2593 698 2643 omnis,
741 2593 786 2632 in
821 2604 985 2632 sacrae
1020 2592 1328 2632 confessionis
1359 2598 1402 2631 et
1438 2591 1783 2631 communionis

152 2664 522 2717 frequentatione
550 2663 829 2713 consistenS,
868 2662 1122 2703 suffocatus
1158 2663 1456 2714 opprimitur,
1494 2673 1783 2713 quamquam

151 2737 376 2776 bellorum
396 2735 653 2786 periculum
675 2734 919 2785 plerosque
940 2734 1073 2773 nobis
1102 2733 1356 2773 familiares
1377 2745 1401 2772 e
1431 2732 1582 2772 Gallia
1618 2732 1782 2782 abege-

153 2808 225 2855 rit,
252 2806 366 2846 adco
388 2811 436 2845 ut
457 2817 677 2845 numerus
698 2803 756 2844 ad
777 2815 862 2843 nos
883 2804 1203 2844 accedentium
1224 2804 1472 2855 plurimum
1501 2803 1780 2842 decreverit.

212 2967 218 2985 ¹
261 2966 296 2992 P.
313 2965 515 2992 Paschasius
531 2965 644 2999 Bro'et,
661 2963 780 2991 Italiae
797 2971 834 2990 eo
851 2968 1000 2998 tempor(-
1018 2963 1252 2990 provincialis.
