2074 3179
168 143 238 180 394
677 143 729 179 L1
744 154 905 180 r'rERAE
933 154 1292 186 QUADmMESTREs

168 250 225 278 ac
246 251 328 291 per
350 239 515 279 horam
538 251 643 279 cum
674 239 866 279 dimidia
894 240 1125 279 allocutus
1151 247 1221 280 est
1248 241 1297 281 P.
1330 242 1591 293 Baptistam
1626 249 1722 283 tam
1749 243 1805 283 de

166 310 253 360 his,
280 322 399 362 quae
420 310 468 350 in
494 311 717 351 universa
746 309 999 360 Societate,
1025 322 1165 362 quam
1188 311 1243 351 de
1265 312 1352 363 his,
1378 325 1495 364 quae
1518 314 1577 353 ad
1606 315 1803 354 salutem

167 388 210 421 et
231 381 605 422 aedificationem
627 382 813 422 animae
834 393 946 421 suae
967 381 1160 422 faciunt.
1197 382 1369 423 Omnes
1400 384 1621 435 epistolas
1651 384 1801 425 Socie-

167 453 278 493 tatis
298 459 509 503 nostrae,
534 451 651 504 quae
673 452 731 491 ad
753 464 839 492 nos
860 452 1153 503 deferuntur,
1173 454 1351 504 primus
1373 455 1486 505 petit
1507 464 1549 495 et
1572 456 1801 507 benignis-

166 524 282 565 sime
304 525 477 576 excipit
495 524 715 576 jubetque
736 535 818 575 per
841 525 1128 564 sacellanum
1150 536 1284 564 suurn
1311 525 1359 565 in
1386 526 1605 566 volumen
1635 527 1801 579 redigi,

165 595 289 647 quod
311 596 379 646 (ni
399 595 556 645 fallor)
579 595 791 635 excrevit
812 595 859 635 in
881 595 1251 646 magnitudinem
1279 596 1583 648 epistolarum
1610 597 1800 638 familia-

166 667 287 707 rium
308 667 566 708 Ciceronis.

246 739 457 779 Clericus
490 737 735 790 cujusdam
772 738 1058 790 Consiliarii,
1090 739 1164 779 cui
1191 739 1430 790 negotium
1460 740 1698 791 privilegii
1728 752 1802 780 no-

165 811 250 850 stri
285 810 586 850 commissum
613 809 788 859 fuerat,
818 810 895 850 ubi
921 810 1120 862 perlegit
1149 810 1414 851 Institutum
1442 810 1690 851 Societatis
1727 823 1803 852 no-

165 888 305 931 strae,
332 882 448 921 adeo
479 893 566 921 nos
597 881 732 921 unice
762 881 937 933 dilexit,
965 887 1014 921 ut
1045 881 1233 921 omnino
1260 882 1424 934 spiritu
1453 881 1700 922 Societatis
1728 895 1804 922 no-

165 959 290 993 strae
312 953 418 993 duci
440 953 672 993 videatur.
696 953 739 994 Is
759 953 893 993 brevi
921 953 1147 993 exercitia
1169 953 1487 1005 aggredietur,
1520 954 1596 993 ubi
1624 954 1733 1006 quid
1751 954 1806 994 de

164 1023 278 1075 ipsis
299 1023 407 1074 (sic)
429 1023 659 1064 Dominus
682 1025 900 1076 disponat
921 1024 1196 1064 Videbimus.

244 1095 429 1136 Addam
447 1102 491 1135 et
508 1095 634 1147 illud,
655 1096 794 1148 quod,
813 1096 1020 1136 nondum
1037 1096 1189 1137 factus
1205 1095 1453 1137 Societatis
1470 1103 1660 1137 nostrae
1683 1102 1804 1136 cate-

164 1168 436 1218 chumenus,
462 1167 735 1207 consocium
756 1168 1005 1219 quemdam
1026 1179 1177 1218 suum,
1192 1167 1414 1219 juvenem
1430 1168 1616 1220 quidem
1633 1167 1805 1207 bonum

164 1247 207 1278 et
229 1238 507 1288 modestum,
534 1240 580 1279 in
602 1239 970 1279 familiaritatem
987 1246 1199 1279 nostram
1215 1240 1426 1280 traduxit
1444 1252 1451 1280 :
1471 1238 1660 1290 jamque
1681 1251 1707 1278 a
1729 1239 1802 1278 tri-

162 1312 248 1351 bus
269 1310 509 1350 mensibus
530 1321 703 1362 magno
725 1322 831 1351 cum
853 1310 1020 1363 spiritu
1049 1317 1092 1351 et
1123 1311 1395 1362 devotione,
1420 1311 1616 1361 singulis
1643 1309 1807 1351 diebus

163 1382 314 1432 festis,
338 1394 421 1434 per
443 1382 754 1423 ministerium
775 1381 988 1434 Patrum,
1014 1383 1092 1434 qui
1112 1382 1188 1422 hic
1210 1388 1339 1434 sunt,
1370 1388 1668 1422 sacramenta
1700 1393 1797 1421 con-

163 1454 379 1494 sessionis
413 1461 457 1495 et
492 1454 807 1495 eucharistiae
834 1453 1021 1505 recipit,
1053 1465 1189 1506 quem
1218 1458 1262 1494 et
1297 1465 1540 1505 speramus
1582 1453 1805 1493 exercitia

164 1536 517 1576 aggressurum.

243 1596 446 1648 Quidam
478 1598 597 1637 alius
620 1596 808 1649 juvenis
835 1597 1059 1637 exercitia
1087 1596 1196 1637 fecit
1224 1596 1386 1637 dicens
1407 1608 1456 1636 se
1484 1596 1603 1636 velle
1626 1595 1682 1635 de
1703 1606 1805 1646 pro-

160 1679 329 1719 gressu
363 1668 489 1709 vitae
525 1679 638 1708 suae
674 1668 922 1720 disponere
953 1667 1088 1720 juxta
1124 1668 1370 1708 consilium
1403 1667 1623 1717 Patrum,
1661 1678 1808 1718 eoque

163 1750 444 1790 progressus
479 1745 548 1780 est
584 1740 631 1780 in
667 1739 925 1790 exercitiis,
950 1745 999 1779 ut
1019 1739 1247 1779 fateretur
1276 1751 1326 1779 se
1357 1751 1383 1778 a
1414 1738 1600 1779 Christo
1630 1738 1686 1778 ab
1717 1738 1807 1777 hoc

162 1811 350 1851 saeculo
373 1811 580 1851 avocari.
606 1810 785 1851 Verum
817 1811 926 1851 dum
953 1810 1106 1850 differt
1136 1810 1576 1850 determinationem
1605 1808 1806 1860 Spiritus

161 1881 322 1922 Sancti
349 1888 393 1922 et
419 1883 520 1922 vult
549 1882 640 1922 alia
670 1882 915 1922 hominum
943 1882 1139 1922 consilia
1169 1893 1415 1934 quaerere,
1454 1893 1564 1921 ecce
1600 1881 1807 1921 decernit

160 1953 358 2005 sepelire
379 1960 592 1994 mortuos
615 1965 737 1994 suos.
768 1953 871 1994 Hoc
899 1953 1052 1993 scribo
1080 1959 1130 1993 ut
1157 1953 1341 1993 discant
1369 1953 1447 1993 alii
1477 1953 1691 2004 exemplo
1723 1963 1806 1992 suo

160 2025 313 2076 magis
347 2025 631 2066 credendum
661 2025 929 2065 testimonio
959 2024 1134 2065 Christi
1161 2030 1205 2064 et
1233 2023 1550 2064 conscientiae
1587 2023 1805 2075 propriae

161 2097 400 2137 incitantis
421 2109 506 2137 nos
528 2097 587 2137 ad
614 2097 809 2148 bonum,
835 2107 974 2148 quam
995 2096 1236 2136 hominum
1264 2095 1552 2147 perditorum
1578 2094 1800 2145 consiliis,

160 2168 239 2219 qui
259 2174 447 2209 terrena
469 2168 671 2220 sapiunt.
695 2168 770 2208 Ab
791 2168 892 2219 ipso
915 2167 1309 2219 exspectabamus
1329 2177 1553 2217 magnum
1583 2165 1802 2214 fructum,

161 2240 199 2279 si
215 2251 423 2292 unquam
444 2240 501 2281 ab
524 2241 680 2292 aliquo
703 2240 815 2291 ali03
840 2251 1006 2280 verum
1028 2238 1229 2280 Satanas
1246 2238 1503 2290 impedivit.

241 2311 443 2362 Quidam
459 2312 724 2363 religiosus,
745 2312 855 2352 olim
875 2310 1037 2352 Sancti
1053 2309 1302 2361 Dominici,
1323 2321 1447 2349 nunc
1470 2309 1662 2349 alterius
1685 2307 1804 2348 ordi-

159 2382 254 2434 nis,
291 2382 487 2434 perfecit
521 2383 768 2432 exercitia,
799 2394 893 2422 non
927 2382 1027 2422 sine
1056 2393 1229 2432 magno
1260 2380 1414 2420 fructu
1452 2386 1495 2420 et
1530 2380 1657 2420 vitae
1691 2391 1802 2419 suae

161 2453 514 2505 emendatione,
543 2459 829 2506 paratusque
867 2459 936 2493 est
964 2453 1118 2493 redire
1147 2452 1205 2492 ad
1233 2452 1435 2504 primum
1462 2462 1598 2491 suum
1626 2450 1803 2490 institu-

160 2531 271 2575 tum,
297 2537 324 2565 a
347 2537 437 2577 quo
458 2537 542 2577 per
563 2524 961 2576 dispensationem
978 2535 1027 2564 se
1045 2523 1360 2573 subtraxerat,
1382 2522 1523 2562 modo
1538 2521 1682 2572 recipi
1700 2532 1802 2572 pos-

159 2597 232 2648 sit,
253 2597 329 2637 vel
344 2597 668 2648 ingressurum
681 2595 995 2646 Carthusiam,
1016 2595 1091 2634 vel
1107 2594 1439 2634 mansurumin
1454 2605 1537 2633 sua
1556 2592 1798 2643 religione,

158 2669 389 2720 promisit.
413 2668 624 2708 Tandem
644 2667 832 2719 rogavit
854 2678 940 2706 nos
962 2666 1130 2706 obnixe
1148 2666 1194 2706 in
1217 2665 1421 2705 Domino
1442 2670 1492 2704 ut
1520 2663 1686 2704 Patres
1712 2663 1800 2703 dis-

160 2745 387 2790 ponerent
408 2739 464 2780 de
486 2740 587 2791 ipso
609 2738 866 2778 secundum
893 2737 1239 2788 beneplacitum
1261 2747 1437 2776 eorum.

240 2810 474 2862 Receptus
492 2816 561 2851 est
578 2811 625 2850 in
642 2809 925 2850 Societatem
941 2814 1154 2848 nostram
1170 2807 1397 2859 Magister
1415 2806 1651 2847 Oliverius
1666 2806 1704 2846 F
1706 2807 1800 2846 lan-

160 2883 240 2922 der
265 2881 290 2933 ยน,
316 2882 372 2922 de
400 2893 491 2934 quo
519 2881 636 2922 alias
667 2881 726 2921 ad
753 2892 840 2922 vos
867 2880 1055 2931 scripsit
1086 2879 1135 2919 P.
1165 2879 1392 2930 Baptista.
1430 2878 1473 2918 Is
1507 2889 1589 2929 per
1626 2889 1800 2917 annum

214 2971 223 2990 ยน
263 2971 297 2998 P.
315 2970 487 2998 Oliverius
504 2970 695 2998 Manareus.
