2074 3179
883 168 966 203 AN.
997 167 1082 203 1551
1731 163 1802 200 :379

253 265 376 306 Nihil
410 264 536 304 aliud
571 263 868 304 scribendum
896 262 1112 303 occurrit.
1144 261 1478 302 Paternitatem
1506 265 1633 299 tuam
1667 260 1801 299 unice

173 347 361 376 oramus
389 341 437 375 ut
463 335 554 375 tuis
580 334 862 385 Patrumque
884 334 1173 374 orationibus
1194 332 1296 372 Deo
1319 331 1713 371 commendemur.

252 406 403 446 Pridie
430 405 654 445 kalendas
682 404 969 456 Septembris
996 415 1119 444 anno
1150 402 1393 443 millesimo
1424 401 1799 452 quingentesimo

172 477 560 528 quinquagesimo
581 476 747 527 primo.
772 476 945 516 Datum
966 474 1295 516 Salmanticae.

253 547 608 598 indignissimus
625 547 746 587 filius
767 552 897 597 tuus,

1094 706 1326 746 NICOLAUS
1355 703 1586 744 GRAZIDA.

252 974 619 1026 §apeme-reptio.
650 938 760 1013 IITIS.
786 972 1053 1013 Admodum
1073 969 1352 1011 Reverendo
1375 969 1514 1009 Mtro.
1537 967 1722 1018 ignatio
1748 968 1805 1007 de

170 1046 371 1098 Loona,
395 1046 668 1097 Praeposito
691 1044 911 1084 Generali
931 1042 1179 1084 Societatis
1199 1041 1324 1094 Jesu.
1350 1040 1547 1080 Romae.

250 1118 399 1156 Manu
434 1115 644 1168 sommis
674 1115 894 1166 Philippi
933 1114 1031 1153 Wto
1054 1125 1068 1153 .·
1106 1113 1219 1163 1551,
1258 1110 1433 1162 Quadr.
1471 1109 1802 1158 Sahnantieae,

171 1187 298 1239 Sept.
324 1188 378 1238 Q.
404 1187 450 1227 S.

293 1417 440 1445 Eaedem
455 1417 585 1444 Nicolai
603 1417 750 1444 Grazida
766 1417 901 1443 litterae
924 1417 1049 1450 absque
1072 1416 1363 1443 emendationibus
1389 1414 1502 1441 Patris
1518 1414 1676 1441 Polanco.

940 1553 1036 1629 nis

248 1753 514 1793 Admodum
534 1752 634 1792 Rde
650 1750 803 1791 Pater:

249 1824 435 1863 Summi
457 1823 681 1863 Nmm‘m's
709 1822 877 1873 gratia
903 1821 1206 1872 &iamiamque
1235 1831 1351 1860 vera
1379 1824 1488 1871 pax
1516 1818 1579 1858 sit
1613 1823 1799 1869 semper

169 1895 422 1935 nobiscum.
447 1896 612 1934 Amen.

249 1967 310 2007 Ut
331 1966 620 2006 obedientiae
641 1966 921 2016 adimpleam
939 1963 1085 2015 jussa,
1109 1962 1278 2014 quibus
1307 1961 1493 2013 quidem
1524 1972 1702 2000 morem
1723 1972 1801 2010 ge-

169 2038 308 2077 rendi
330 2048 424 2077 non
453 2042 610 2088 parvo
640 2040 800 2076 teneor
825 2035 1076 2084 desiderio,
1106 2034 1445 2073 Paternitatem
1478 2038 1607 2072 tuam
1641 2043 1803 2071 eorum

169 2109 374 2148 omnium
414 2119 533 2159 quae
574 2108 621 2147 in
647 2107 1022 2159 praesentiarum
1050 2110 1325 2155 occurrunt,
1366 2109 1472 2156 post
1512 2102 1803 2154 superiorem

168 2179 412 2230 epistolam
446 2184 602 2229 gesta,
639 2178 888 2217 certiorem
922 2175 1129 2216 reddam.
1173 2175 1472 2226 Primumque
1511 2174 1599 2214 hoc
1640 2180 1803 2213 teneas

168 2251 323 2301 velim,
361 2250 498 2289 solita
532 2259 646 2299 erga
681 2260 766 2288 nos
805 2247 878 2288 X.i
913 2246 1174 2297 clementia,
1213 2246 1373 2286 deesse
1404 2256 1660 2296 numquam
1693 2243 1803 2295 quid

169 2332 382 2372 agamus,
405 2332 499 2360 non
516 2320 614 2360 sine
635 2319 840 2359 maxima
861 2319 1186 2370 stupendaque
1205 2323 1303 2357 tum
1325 2316 1665 2368 proximorum
1686 2315 1804 2355 utili-

168 2398 263 2432 tate
290 2398 387 2432 tum
417 2391 557 2431 etiam
588 2390 792 2430 civitatis
820 2390 962 2430 totius
993 2389 1051 2429 ad
1074 2389 1296 2429 virtutem
1325 2387 1689 2428 inflammatione
1710 2398 1804 2426 non

169 2463 409 2504 mediocri.
441 2462 646 2513 Populus
673 2462 795 2501 enim
823 2467 947 2501 totus
973 2460 1143 2500 fratres
1174 2466 1362 2500 nostros
1384 2459 1509 2510 colit,
1534 2470 1589 2498 ac
1609 2468 1803 2497 venera-

168 2541 242 2574 tur
274 2545 367 2574 non
391 2539 594 2585 parumj
614 2532 762 2583 lntjus
791 2531 864 2571 rei
886 2532 1068 2571 abunde
1094 2542 1329 2581 magnum
1362 2533 1433 2570 est
1461 2531 1804 2580 argumentum

168 2606 292 2655 qnod
320 2617 412 2644 non
446 2604 584 2656 pauci
617 2603 805 2643 domum
840 2609 1053 2643 nostram
1091 2608 1287 2653 peccata
1326 2600 1499 2641 fassuri
1539 2610 1802 2651 corpusque

167 2675 241 2716 X}
268 2675 508 2727 accepturi
542 2687 590 2714 se
626 2673 886 2725 conferunt;
921 2673 1106 2714 Pascha
1138 2684 1253 2713 vero
1290 2672 1560 2724 praeterita,
1586 2669 1801 2721 jubilaeo

162 2752 314 2798 prope
346 2746 481 2798 lapso
517 2745 821 2796 Virginisque
865 2744 1042 2785 Mariae
1074 2744 1227 2794 festiS‚
1265 2749 1397 2784 tanta
1417 2742 1525 2793 fuit
1560 2741 1804 2781 hominum

167 2818 307 2858 turba
328 2822 585 2868 tantusque
614 2815 964 2856 advent'entc‘mn
991 2815 1196 2867 impetus
1222 2821 1285 2861 ut,
1320 2825 1426 2854 cum
1447 2819 1626 2865 septem
1647 2818 1803 2852 essent

168 2894 363 2939 peccata
385 2888 647 2937 audientes,
680 2887 811 2927 multi
837 2899 930 2927 non
959 2887 1161 2927 confessi
1189 2885 1505 2926 discesserint.
1529 2884 1800 2924 Adventan—

169 2963 240 2999 τες
262 2966 416 3000 autem
436 2959 532 2999 fere
549 2970 710 2999 omnes
728 2959 993 2998 scholastici
1017 2964 1138 3008 sunt,
1162 2957 1329 3008 quibus
1350 2956 1537 3008 quidem
1549 2955 1645 3007 jam
1663 2960 1732 2995 est
1747 2954 1804 2994 de
