2074 3179
233 82 303 123 474
751 82 978 121 LITTERAE
1004 94 1363 127 QUADmMESTREs

978 534 1130 589 CXV

302 762 349 800 P.
376 761 594 800 Antonius
616 763 761 800 Vinck

349 828 470 865 Patri
488 827 658 876 Ignatio
677 828 731 866 de
754 829 934 877 Loyola.

398 893 625 940 Messana,
653 894 668 931 1
690 893 890 941 Januarii
912 894 1004 932 1552
1023 895 1047 929 ¹.

1003 1070 1102 1147 stis

305 1247 471 1289 Gratia
506 1255 551 1289 et
585 1260 680 1300 pax
713 1248 903 1289 Domini
930 1249 1079 1289 nostri
1104 1250 1216 1303 Jesu
1244 1249 1417 1290 Christi
1449 1249 1507 1289 sit
1534 1260 1721 1300 semper
1755 1261 1863 1291 cum

222 1320 441 1370 omnibus
462 1320 610 1361 nobis.
634 1319 802 1360 Amen.

306 1391 539 1443 Quoniam
567 1391 699 1432 adest
729 1397 911 1443 tempus
939 1392 987 1432 in
1017 1403 1109 1444 quo
1144 1392 1435 1433 obedientiae
1466 1392 1599 1444 jussu
1633 1392 1867 1433 rationem

225 1462 451 1503 reddituri
483 1474 644 1503 sumus
671 1461 794 1503 R-dae
824 1462 1103 1503 Paternitati
1129 1469 1237 1504 tuae
1267 1475 1451 1515 eorum,
1483 1475 1603 1515 quae
1633 1463 1866 1504 Dominus

222 1546 309 1574 sua
331 1534 619 1585 benignitate
639 1534 727 1575 hoc
755 1534 970 1586 proximo
999 1534 1331 1586 quadrimestri
1359 1534 1545 1587 operari
1572 1546 1655 1586 per
1682 1546 1770 1575 nos
1802 1535 1863 1575 di-

226 1612 400 1655 gnatus
421 1611 505 1653 est,
530 1617 583 1646 ea
606 1617 698 1658 qua
719 1611 884 1657 potero
905 1606 1139 1646 brevitate
1156 1607 1458 1658 complectar.

306 1676 428 1717 R.<¹¹¹S
451 1677 500 1718 P.
525 1677 694 1718 Noster
715 1677 1033 1729 Hieronymus
1054 1676 1237 1718 Natalis
1257 1677 1348 1718 hoc
1369 1683 1578 1729 tempore
1608 1678 1655 1717 in
1683 1677 1862 1727 Africa,

225 1760 373 1800 usque
397 1750 454 1789 ad
476 1749 775 1789 undecimum
794 1747 1095 1800 Novembris,
1120 1761 1211 1801 quo
1233 1749 1503 1790 Messanam
1525 1749 1722 1802 appulit,
1752 1755 1865 1789 stre-

224 1833 314 1861 nue
342 1821 389 1860 in
424 1821 611 1872 pietatis
643 1821 863 1873 operibus
899 1832 948 1861 se
976 1821 1200 1861 exercuit.
1238 1821 1527 1873 Frequenter
1559 1821 1866 1861 concionatus

224 1897 295 1932 est
331 1903 492 1932 coram
527 1892 723 1932 ducibus
751 1898 795 1932 et
822 1892 1059 1932 militibus.
1100 1892 1317 1944 Quotidie
1353 1892 1615 1933 doctrinam
1652 1892 1862 1933 christia-

221 1974 354 2014 nam,
389 1969 638 2015 praesente
669 1962 872 2003 Domino
899 1963 1216 2013 Ferdinando,
1250 1963 1558 2004 Illustrissimi
1584 1963 1780 2017 Joannis
1808 1963 1864 2003 de

227 2034 382 2086 Vega,
412 2035 653 2086 Pro-regis
681 2034 888 2085 Siciliae,
920 2034 1034 2085 filio,
1061 2035 1335 2075 declaravit.
1360 2033 1694 2075 Sacerdotibus
1713 2034 1769 2075 de
1791 2047 1864 2075 ca-

221 2106 350 2146 sibus
379 2106 696 2147 conscientiae
724 2112 769 2146 et
798 2106 922 2157 aliis,
947 2117 1066 2157 quae
1095 2106 1154 2146 ad
1185 2105 1336 2146 officia
1365 2117 1527 2147 eorum
1555 2106 1707 2146 debite
1734 2117 1862 2158 prae-

221 2177 389 2218 standa
425 2178 647 2229 attinent,
677 2178 838 2218 sedulo
873 2178 1019 2218 multa
1053 2178 1314 2230 proposuit.
1352 2177 1528 2218 Omitto
1564 2183 1791 2229 quantum
1819 2178 1865 2217 in

221 2250 522 2290 sublevandis
566 2249 853 2302 pauperibus
892 2256 936 2289 et
982 2249 1321 2301 componendis
1366 2249 1565 2290 militum
1612 2248 1866 2289 inimicitiis

221 2321 358 2373 (quae
393 2322 623 2373 plurimae
657 2321 779 2361 inter
812 2332 894 2361 eos
929 2322 1058 2370 sunt)
1098 2320 1404 2361 insudaverit.
1443 2321 1515 2361 Ex
1549 2320 1621 2360 his
1656 2327 1751 2361 tres
1784 2328 1862 2360 aut

220 2398 422 2445 quatuor
443 2392 631 2433 fuerunt
653 2392 752 2444 qui,
776 2392 892 2432 inita
913 2392 1034 2432 inter
1055 2403 1105 2432 se
1126 2392 1302 2443 gratia,
1327 2392 1464 2432 tertio
1495 2397 1576 2432 aut
1598 2397 1765 2443 quarto
1788 2391 1862 2432 die

220 2469 325 2515 post
347 2475 405 2504 ex
425 2463 516 2503 hac
536 2464 634 2503 vita
656 2463 958 2503 decesserunt
979 2468 1028 2503 ut
1048 2474 1166 2515 pace
1187 2468 1415 2515 perpetua
1440 2463 1696 2503 fuerentur.
1727 2462 1862 2503 Adeo

221 2540 379 2575 autem
400 2534 673 2575 relucebant
693 2533 792 2586 ejus
812 2534 936 2574 bona
959 2545 1127 2586 opera,
1152 2539 1202 2574 ut
1221 2546 1316 2574 non
1343 2535 1495 2574 solum
1522 2534 1649 2574 utilis
1678 2534 1760 2574 sed
1787 2546 1861 2574 ne-

218 2606 455 2646 cessarius
490 2606 679 2646 omnino
707 2617 734 2645 a
760 2605 878 2646 duce
905 2617 1088 2646 summo
1116 2604 1421 2657 J'udicaretur;
1460 2617 1550 2657 quo
1581 2604 1759 2645 factum
1792 2613 1862 2646 est

275 2766 285 2787 ¹
324 2767 573 2803 Autographae
598 2767 739 2795 Antonii
764 2766 876 2794 Vinck
900 2767 1038 2794 litterae
1063 2769 1141 2793 sunt
1165 2766 1199 2793 in
1221 2765 1300 2793 folio
1325 2765 1460 2800 duplici,
1483 2765 1535 2792 cui
1558 2766 1638 2793 olim
1659 2766 1789 2792 numeri
1811 2765 1864 2792 34⁴>

216 2819 252 2842 et
266 2815 336 2850 350,
352 2823 439 2843 nunc
455 2819 571 2843 autem
594 2815 629 2843 95
650 2818 683 2843 et
706 2814 751 2842 96.
771 2814 859 2842 Prae
875 2814 1030 2842 manibus
1046 2814 1151 2842 etiam
1165 2813 1262 2841 nobis
1276 2817 1355 2841 suut
1381 2813 1581 2848 apographa
1603 2813 1762 2847 exempla
1783 2813 1861 2845 tria;

217 2869 319 2891 unum
336 2862 369 2890 in
384 2863 464 2891 folio
480 2863 616 2898 duplici,
632 2862 684 2890 cui
700 2862 781 2889 olim
799 2869 855 2891 nn.
869 2861 922 2889 340
935 2865 969 2889 et
983 2862 1046 2896 3⁴11,
1063 2869 1150 2889 nunc
1167 2868 1248 2889 vero
1263 2861 1307 2895 94;
1323 2861 1471 2888 alterum
1487 2860 1520 2887 in
1536 2859 1625 2888 soliis
1639 2860 1674 2887 28
1695 2863 1727 2888 et
1742 2860 1777 2887 29
1799 2859 1860 2887 Co-

216 2910 303 2937 dicis
326 2911 403 2945 1551;
422 2911 562 2938 tertium
576 2910 719 2946 denique
735 2909 768 2936 in
782 2908 945 2937 Historia
961 2909 1077 2941 varia,
1093 2909 1160 2936 vol.
1178 2916 1198 2942 ι,
1215 2909 1271 2937 sol.
1289 2908 1350 2936 246.
