2074 3179
821 158 903 195 Ax.
934 157 1024 195 1549
1672 155 1734 191 171

190 259 254 298 Et
274 257 394 297 alia:
419 256 515 297 Che
545 257 586 296 le
613 256 771 296 scuole
802 260 846 295 et
880 255 924 294 la
951 254 1109 294 chiesa
1139 257 1301 292 nostra
1328 251 1374 291 in
1402 250 1595 291 Colonia
1623 262 1743 290 sono·

111 329 253 369 molto
274 328 566 379 frequentate
588 332 633 366 et
650 326 688 366 si
708 325 755 365 fa
771 337 891 376 gran
911 324 1053 365 frutto
1070 323 1179 363 nelli
1199 322 1338 363 studii
1354 328 1398 362 et
1415 322 1537 361 nello
1559 321 1740 372 spirito,

112 399 169 440 Et
191 398 276 438 che
298 398 431 438 molti
451 398 700 438 ricercano
722 395 763 436 d'
789 402 974 437 entrare
994 395 1116 435 nella
1137 393 1443 444 Compagnia.

191 470 315 510 Nihil
335 468 458 509 aliud
479 469 539 508 ad
559 468 819 508 historiam.

884 929 969 982 LI

189 1195 235 1232 P.
258 1195 518 1233 Leonardus
539 1194 698 1231 Kessel

233 1260 356 1297 Patri
372 1259 542 1307 Ignatio
563 1258 616 1296 de
635 1258 819 1306 Loyola.

281 1324 478 1370 Colonia,
498 1325 522 1361 4
541 1323 746 1362 Octobris
766 1323 857 1360 1549
875 1323 884 1342 ¹

869 1498 992 1586 Jf-is.

197 1678 366 1719 Gratia
388 1684 430 1718 et
451 1689 547 1729 pax
566 1677 624 1718 X.
642 1677 652 1704 i
676 1678 735 1717 sit
756 1688 938 1728 semper
962 1676 1009 1716 in
1030 1675 1245 1715 omnibus
1266 1674 1413 1714 nobis.

198 1749 604 1790 Reverendissime
626 1749 780 1789 Pater:
805 1759 894 1800 quo
917 1748 963 1787 in
990 1752 1114 1787 statu
1143 1757 1219 1785 res
1248 1750 1438 1784 nostrae
1471 1755 1519 1783 se
1548 1743 1750 1783 habeant

118 1821 354 1871 Coloniae,
377 1821 540 1872 paucis
560 1820 609 1860 P.
633 1820 693 1860 V.
716 1819 975 1871 explicabo.

198 1892 479 1932 Immensam
499 1891 588 1931 Dei
612 1891 717 1943 Opt.
741 1890 867 1930 Max.
892 1901 1007 1941 erga
1023 1901 1109 1929 nos
1126 1888 1421 1929 clementiam
1437 1886 1592 1926 multis
1609 1884 1752 1936 expli‘

119 1976 230 2004 care
251 1975 345 2003 non
364 1975 565 2015 possem.
590 1961 789 2002 Pacifice
810 1962 886 2001 hic
907 1961 1133 2010 vivimus3
1158 1971 1356 2011 corpore
1377 1958 1503 2008 sani,
1527 1956 1617 1997 Dei
1645 1967 1750 2007 gra-

120 2035 199 2084 tia,
231 2045 391 2074 sumus
418 2033 571 2074 adhuc
609 2044 785 2083 omnes,
823 2033 979 2072 animo
1015 2031 1314 2083 paratissimo
1350 2029 1408 2069 ad
1443 2027 1751 2068 obediendum

119 2105 169 2146 P.
192 2105 252 2146 V.
278 2105 325 2145 in
346 2104 574 2145 omnibus.
602 2103 877 2144 Confratres
897 2103 1045 2143 nostri
1066 2103 1114 2142 in
1134 2113 1250 2154 pace
1278 2099 1433 2141 cordis
1453 2105 1498 2139 et
1518 2099 1564 2138 in
1586 2105 1752 2138 sancto

121 2188 284 2217 eorum
304 2176 545 2228 proposito
565 2176 612 2215 in
636 2176 734 2216 dies
754 2174 1002 2227 proficiunt
1023 2173 1190 2224 magis;
1214 2171 1369 2213 studia
1389 2171 1637 2221 diligenter
1659 2176 1752 2209 tra-

120 2254 264 2298 ctant3
287 2247 335 2287 in
356 2247 751 2298 disputationibus
773 2258 822 2287 se
843 2251 1065 2286 exercent
1081 2243 1280 2293 assidue,
1302 2249 1397 2283 tam
1414 2242 1596 2294 publice
1613 2252 1752 2293 quam

121 2319 344 2371 privatim
370 2318 495 2358 domi
524 2317 712 2369 habitis,
746 2329 852 2358 cum
887 2317 990 2357 aliis
1024 2317 1090 2356 eis
1125 2314 1516 2364 cohabitantibus,
1555 2323 1753 2364 quorum

121 2402 343 2430 numerus
364 2390 411 2429 in
432 2389 529 2429 dies
552 2394 764 2440 augetur.
785 2387 1149 2439 Quatuordecim
1165 2385 1302 2426 modo
1320 2385 1457 2425 simul
1472 2396 1646 2434 sumus,
1667 2394 1754 2423 nec

122 2473 284 2502 omnes
305 2473 474 2513 capere
495 2460 660 2501 domus
675 2466 848 2512 posset,
869 2459 955 2500 etsi
971 2469 1144 2510 magna
1162 2463 1206 2498 et
1222 2458 1377 2509 ampla
1394 2457 1467 2507 sit,
1488 2461 1599 2507 quot
1615 2455 1753 2494 liben-

122 2538 193 2572 ter
213 2532 492 2572 habitarent.
519 2531 696 2571 Omnes
716 2530 1007 2570 naturalibus
1029 2535 1135 2569 sunt
1155 2528 1272 2568 bene
1293 2527 1460 2577 dotati,
1491 2527 1611 2566 inter
1638 2537 1754 2577 quos

122 2614 255 2654 unus,
279 2602 553 2642 Theodorus
575 2601 797 2642 Peltanus
818 2601 1005 2641 nomine
1026 2599 1055 2651 ²,
1079 2600 1220 2639 etiam
1236 2599 1283 2639 in
1298 2598 1484 2650 graecis
1501 2597 1754 2645 studiosus,

122 2674 205 2724 qui>
220 2673 435 2725 precibus
456 2673 615 2713 multis
638 2672 802 2712 institit
822 2677 871 2711 ut
893 2683 942 2711 se
962 2677 1110 2711 totum
1132 2669 1356 2710 Societati
1383 2669 1623 2720 resignare
1652 2678 1754 2718 pos-

179 2881 188 2900 ¹
229 2881 457 2915 Autographa
471 2881 504 2907 in
519 2880 599 2907 folio
616 2879 713 2907 unico
728 2887 759 2907 n.
773 2880 836 2908 625.

178 2929 192 2948 Ξ
228 2928 405 2956 Theodore
417 2935 486 2955 van
501 2927 577 2954 Pelt
591 2927 792 2961 (Peltanus).
808 2929 848 2955 ne
864 2929 884 2954 a
899 2927 974 2955 Pelt
989 2928 1092 2963 (Pays
1108 2929 1147 2954 de
1163 2926 1282 2961 Liege)
1297 2933 1337 2953 en
1355 2925 1432 2959 1528,
1448 2925 1556 2952 admis
1572 2927 1591 2952 a
1606 2924 1753 2957 Cologne

123 2983 165 3002 en
182 2976 261 3010 1549,
277 2979 366 3003 mort
382 2977 401 3003 a
417 2975 624 3010 Augsbourg
638 2981 678 3001 en
694 2974 773 3002 1584.
789 2975 982 3009 DELPLACE,
1002 2977 1021 3002 l.
1038 2983 1066 3002 c.
