2074 3179
256 155 329 193 048
774 155 1002 192 LITTERAE
1030 165 1388 198 QUADRIMESTRES

254 259 383 303 rant;
408 251 468 292 ibi
490 252 721 304 quaedam
749 252 1036 304 paupercula
1057 251 1113 292 iis
1141 252 1362 301 occurrit,
1391 253 1639 293 reticulum
1667 254 1893 294 muliebre

257 323 314 363 ab
337 323 484 363 altera
505 324 766 375 postulans.
793 322 857 363 At
877 323 975 374 illa,
996 323 1112 363 mihi
1132 335 1262 375 vero,
1286 324 1447 375 inquit,
1470 324 1545 364 hic
1566 336 1660 364 non
1677 331 1747 364 est
1768 325 1899 366 aliud

254 406 396 446 quam
426 393 473 434 id
499 394 623 446 quod
651 400 808 446 gesto,
842 394 924 434 sed
946 400 995 434 tu
1017 394 1247 446 tantisper
1268 401 1506 447 exspecta,
1540 394 1650 435 dum
1679 402 1892 437 revertar

254 466 444 506 domum
466 471 510 506 et
532 466 639 506 inde
659 466 860 506 mittam.
882 466 986 506 Hoc
1014 477 1212 506 cernens
1235 478 1354 518 quae
1380 466 1446 507 illi
1468 472 1569 507 erat
1598 467 1743 519 socia,
1768 469 1892 519 cogi—

253 544 360 577 tans
390 548 615 588 magnam
635 537 722 577 sibi
744 537 949 577 oblatam
971 537 1270 578 occasionem
1290 538 1435 578 multa
1456 550 1542 590 pro
1571 550 1620 578 re
1642 539 1735 579 levi
1755 539 1889 579 lucri-

254 608 472 660 faciendi,
503 608 543 648 si
565 620 614 648 se
643 608 786 649 etiam
813 620 898 649 suo
928 609 1152 660 privaret,
1188 620 1421 650 conversa
1449 609 1509 649 ad
1536 610 1892 661 pauperculam,

255 679 430 731 accipe,
456 679 618 731 inquit,
643 685 687 720 et
710 680 974 720 detractum
990 680 1077 720 sibi
1093 679 1302 720 modeste
1324 680 1380 720 de
1397 681 1551 732 capite
1569 681 1784 733 porrigit.
1805 681 1895 721 Hic

254 763 303 791 se
324 750 570 803 increpare
591 751 670 791 illa
696 751 825 803 prior
854 752 1015 802 tacite,
1046 757 1185 803 atque
1214 751 1338 803 apud
1365 764 1414 792 se
1444 752 1599 792 dicere
1628 753 1767 804 longe
1795 765 1844 793 se
1866 765 1893 793 a

253 822 485 863 charitate
511 822 633 862 illius
662 821 862 873 differre,
893 834 1012 874 quae
1040 822 1176 873 idem,
1207 822 1331 874 quod
1358 823 1474 874 ipsa,
1504 823 1661 865 facere
1691 835 1787 864 non
1814 835 1890 876 po-

253 893 433 934 tuisset.
455 893 612 934 Parva
642 894 761 934 haec
782 905 872 944 res,
897 894 979 934 sed
999 894 1039 934 si
1059 894 1242 934 animus
1268 894 1516 945 pendatur,
1549 895 1663 935 satis
1697 906 1887 946 magnaz

254 965 311 1005 ob
331 976 473 1016 quarn
502 965 601 1014 illa,
626 965 816 1005 domum
837 977 1046 1015 reversa,
1071 976 1128 1005 ne
1150 977 1177 1005 a
1199 965 1424 1017 lacrymis
1446 965 1647 1017 quidem,
1672 966 1844 1007 nedum
1867 978 1893 1006 a

253 1036 428 1087 dolore,
453 1036 540 1076 sibi
560 1037 857 1088 temperavit.

333 1107 424 1149 Sed
444 1108 505 1148 ad
526 1108 655 1149 viros
675 1114 906 1159 revertar,
932 1120 1131 1161 quorum
1150 1114 1281 1149 tanta
1303 1114 1373 1149 est
1394 1108 1601 1149 charitas
1623 1114 1764 1160 atque
1787 1120 1889 1148 san-

252 1180 391 1220 ctitas
423 1185 473 1220 ut
509 1180 673 1220 domos
700 1179 842 1220 etiam
872 1180 1172 1220 meretricum
1199 1180 1488 1220 circumeant
1518 1180 1621 1229 (hoc
1654 1192 1768 1220 vero
1799 1192 1893 1219 non

250 1251 340 1291 nisi
360 1251 499 1303 pauci
525 1251 720 1302 faciunt)
744 1251 804 1292 ad
831 1251 1167 1304 poenitentiam
1192 1252 1512 1303 adhortantes,
1545 1251 1683 1303 idque
1713 1252 1893 1291 securis

237 1323 435 1363 illorum
457 1322 735 1375 conjugibus
756 1335 908 1375 neque
932 1323 1184 1375 quicquam
1206 1322 1262 1363 de
1284 1323 1469 1362 illorum
1489 1323 1663 1363 virtute
1680 1322 1889 1363 dubitan—

250 1394 386 1445 tibus,
412 1400 461 1434 ut
488 1406 608 1446 quae
636 1400 681 1434 et
711 1395 841 1446 ipsae
862 1394 951 1446 piis
977 1400 1148 1435 vacent
1179 1394 1411 1446 operibus.
1435 1393 1557 1445 Duo,
1591 1400 1640 1434 ut
1677 1400 1892 1434 caeteros

249 1466 474 1517 omittam,
498 1465 661 1518 paucis
683 1471 791 1506 ante
813 1466 976 1506 diebus
993 1466 1182 1506 domum
1198 1465 1524 1505 meretriculae
1543 1472 1649 1505 sunt
1666 1465 1889 1516 ingressi,

248 1549 447 1589 quorum
481 1538 600 1577 alter
636 1537 928 1587 crucifixum,
966 1538 1084 1577 alter
1118 1537 1291 1577 mortui
1326 1537 1586 1577 calvariam
1622 1536 1707 1576 sub
1745 1537 1887 1587 pallio

246 1608 484 1659 gestabat;
508 1608 579 1648 his
608 1614 764 1648 autem
786 1609 914 1648 Velut
944 1608 1087 1648 armis
1116 1608 1243 1648 illam
1270 1608 1487 1660 aggressi
1518 1614 1658 1660 atque
1688 1607 1889 1648 ubertim

246 1681 484 1731 lacrymas
519 1679 830 1730 effundentes,
868 1680 1018 1731 ipsam
1054 1691 1237 1731 quoque
1278 1680 1337 1719 ad
1375 1680 1613 1731 lacrymas
1658 1679 1885 1730 compule-

246 1757 367 1795 runt3
394 1757 561 1791 coacta
588 1763 702 1791 Vero
732 1751 839 1791 illuc
862 1757 1053 1802 repente
1084 1751 1348 1791 vicinorum
1376 1750 1684 1800 multitudine,
1719 1750 1884 1790 adhor-

244 1823 335 1863 tari
357 1835 438 1863 eas
459 1829 714 1875 coeperunt
742 1823 801 1863 ad
829 1823 1185 1874 poenitentiam,
1217 1834 1381 1874 neque,
1405 1830 1454 1862 ut
1484 1828 1717 1874 putamus,
1753 1822 1884 1862 inuti-

242 1895 362 1934 liter.
387 1894 514 1935 Dant
535 1906 719 1946 quoque
741 1905 932 1945 operam
953 1900 1003 1934 ut
1028 1905 1267 1945 nunquam
1289 1893 1347 1933 ad
1369 1893 1644 1933 concionem
1675 1893 1886 1939 veniant,

226 1962 354 2018 quin
375 1966 577 2018 aliquem
598 1978 759 2006 secum
776 1965 1033 2015 adducant,
1058 1966 1194 2016 gravi
1215 1966 1371 2017 aliquo
1394 1966 1570 2005 scelere
1588 1965 1883 2016 implicitum.

247 2038 507 2078 Permultos
524 2038 665 2078 etiam
684 2038 742 2078 ad
759 2037 1103 2077 confessionem
1125 2037 1377 2088 adducunt,
1397 2043 1584 2088 praeter
1607 2036 1723 2087 illos,
1748 2048 1884 2088 quos,

243 2122 266 2149 c
289 2110 559 2150 carceribus
581 2109 790 2159 eductos,
821 2121 915 2148 non
937 2109 1066 2160 prius
1089 2108 1325 2149 dimittunt
1347 2120 1487 2160 quam
1516 2107 1815 2148 confessuros
1839 2108 1885 2147 in

242 2182 466 2233 templum
488 2187 701 2221 nostrum
723 2179 1014 2220 deduxerint.
1048 2180 1221 2220 Parant
1244 2186 1288 2220 et
1310 2179 1435 2220 domi
1456 2191 1569 2219 suae
1599 2179 1889 2230 pauperibus

242 2253 372 2293 cibos
393 2264 565 2304 eosque
588 2253 662 2292 vel
684 2252 894 2292 invitatis
911 2252 1200 2303 dispensant,
1225 2252 1300 2291 vel
1323 2252 1513 2292 domum
1531 2251 1734 2300 mittunt,
1756 2262 1886 2302 prae—

242 2325 403 2364 sertim
432 2324 472 2364 si
493 2331 600 2363 sunt
627 2323 815 2373 infirmi,
839 2329 888 2363 ut
911 2323 1071 2363 venire
1095 2323 1279 2363 invitati
1301 2328 1549 2374 nequeant.
1577 2322 1677 2362 Hoc
1709 2328 1893 2374 postre-

244 2408 370 2436 mum
391 2395 450 2435 ad
472 2395 601 2435 viros
623 2402 668 2435 et
696 2395 915 2434 mulieres
933 2394 1067 2446 juxta
1096 2394 1310 2445 pertinet.

322 2468 382 2507 Hi
403 2473 510 2507 sunt
532 2467 784 2507 continuae
807 2465 1122 2506 confessionis
1147 2465 1481 2517 concionisque
1503 2468 1775 2516 proventus,
1795 2464 1887 2514 qui-

244 2540 330 2579 bus
344 2539 551 2591 quotidie
568 2538 751 2578 accedit
772 2537 946 2589 aliquid
966 2537 1053 2577 Dei
1072 2537 1280 2577 bonitate
1298 2543 1342 2577 et
1360 2536 1622 2576 clementia.
1643 2534 1746 2575 Non
1763 2535 1888 2575 enirn

244 2610 456 2661 defuere,
497 2610 574 2662 qui
609 2621 716 2649 cum
751 2621 832 2660 per
866 2615 1014 2648 totam
1045 2620 1189 2659 prope
1225 2607 1505 2647 concionem
1542 2606 1795 2655 flevissent,
1834 2618 1894 2647 ea

247 2682 476 2733 absoluta,
511 2681 799 2733 perstiterint
833 2692 924 2720 una
956 2679 1072 2719 hora
1101 2680 1440 2731 lacrymantes,
1481 2690 1536 2718 ac
1569 2678 1773 2728 tandem,
1807 2690 1879 2717 vo-

246 2761 353 2793 cato
376 2753 532 2805 aliquo
555 2765 613 2793 ex
633 2752 807 2792 nostris
827 2751 1166 2801 sacerdotibus,
1191 2749 1288 2801 ejus
1311 2762 1360 2790 se
1382 2749 1591 2790 consiliis
1607 2755 1732 2790 totos
1763 2760 1885 2789 com—

250 2825 476 2864 miserint.

329 2895 506 2935 Nobilis
530 2896 607 2935 illa
629 2902 673 2935 et
695 2894 827 2934 dives
844 2900 1075 2943 matrona,
1098 2905 1237 2945 quam
1254 2893 1471 2943 superius
1489 2891 1725 2932 Donatam
1744 2891 1888 2931 nomi-

248 2966 479 3014 navimus,
520 2965 680 3015 vidua,
717 2965 905 3004 vineam
942 2964 989 3003 in
1019 2975 1154 3003 usum
1189 2963 1376 3014 collegii
1412 2963 1550 3015 hujus
1586 2962 1710 3003 dedit
1746 2963 1883 3002 dono.
