<?xml version="1.0" encoding="UTF-8"?>
<!DOCTYPE html PUBLIC "-//W3C//DTD XHTML 1.0 Transitional//EN"
    "http://www.w3.org/TR/xhtml1/DTD/xhtml1-transitional.dtd">
<html xmlns="http://www.w3.org/1999/xhtml" xml:lang="en" lang="en">
 <head>
  <title>
</title>
<meta http-equiv="Content-Type" content="text/html;charset=utf-8" />
  <meta name='ocr-system' content='tesseract 3.04.00' />
  <meta name='ocr-capabilities' content='ocr_page ocr_carea ocr_par ocr_line ocrx_word'/>
</head>
<body>
  <div class='ocr_page' id='page_1' title='image "./litteraequadrime13lain_0508.png"; bbox 0 0 2074 3179; ppageno 0'>
   <div class='ocr_carea' id='block_1_1' title="bbox 233 142 1355 186">
    <p class='ocr_par' dir='ltr' id='par_1_1' title="bbox 233 142 1355 186">
     <span class='ocr_line' id='line_1_1' title="bbox 233 142 1355 186; baseline 0.004 -9"><span class='ocrx_word' id='word_1_1' title='bbox 233 142 304 177; x_wconf 65' lang='lat'>504</span> <span class='ocrx_word' id='word_1_2' title='bbox 744 144 971 181; x_wconf 76' lang='lat' dir='ltr'>LITTERAE</span> <span class='ocrx_word' id='word_1_3' title='bbox 998 154 1355 186; x_wconf 66' lang='lat' dir='ltr'><strong>QUADRJMESTRES</strong></span> 
     </span>
    </p>
   </div>
   <div class='ocr_carea' id='block_1_2' title="bbox 231 240 1888 3005">
    <p class='ocr_par' dir='ltr' id='par_1_2' title="bbox 233 240 1870 708">
     <span class='ocr_line' id='line_1_2' title="bbox 233 240 1869 294; baseline 0.002 -15"><span class='ocrx_word' id='word_1_4' title='bbox 233 244 319 290; x_wconf 88' lang='lat' dir='ltr'>set,</span> <span class='ocrx_word' id='word_1_5' title='bbox 351 245 395 279; x_wconf 92' lang='lat' dir='ltr'>et</span> <span class='ocrx_word' id='word_1_6' title='bbox 422 240 512 280; x_wconf 91' lang='lat' dir='ltr'>nisi</span> <span class='ocrx_word' id='word_1_7' title='bbox 539 241 626 281; x_wconf 91' lang='lat' dir='ltr'>hoc</span> <span class='ocrx_word' id='word_1_8' title='bbox 654 241 749 289; x_wconf 87' lang='lat' dir='ltr'>fiat,</span> <span class='ocrx_word' id='word_1_9' title='bbox 789 241 977 281; x_wconf 90' lang='lat' dir='ltr'>omnino</span> <span class='ocrx_word' id='word_1_10' title='bbox 1008 242 1107 281; x_wconf 78' lang='lat' dir='ltr'>vult</span> <span class='ocrx_word' id='word_1_11' title='bbox 1142 253 1376 293; x_wconf 81' lang='lat' dir='ltr'>exponere</span> <span class='ocrx_word' id='word_1_12' title='bbox 1404 244 1618 294; x_wconf 78' lang='lat' dir='ltr'>querelas</span> <span class='ocrx_word' id='word_1_13' title='bbox 1653 243 1708 283; x_wconf 90' lang='lat' dir='ltr'>de</span> <span class='ocrx_word' id='word_1_14' title='bbox 1735 243 1869 283; x_wconf 89' lang='lat' dir='ltr'>nobis</span> 
     </span>
     <span class='ocr_line' id='line_1_3' title="bbox 234 302 1866 363; baseline 0.003 -14"><span class='ocrx_word' id='word_1_15' title='bbox 234 310 359 361; x_wconf 86' lang='lat' dir='ltr'>apud</span> <span class='ocrx_word' id='word_1_16' title='bbox 381 302 681 363; x_wconf 81' lang='lat' dir='ltr'>Episcopum,</span> <span class='ocrx_word' id='word_1_17' title='bbox 707 312 781 352; x_wconf 89' lang='lat' dir='ltr'>cui</span> <span class='ocrx_word' id='word_1_18' title='bbox 803 318 871 351; x_wconf 88' lang='lat' dir='ltr'>est</span> <span class='ocrx_word' id='word_1_19' title='bbox 892 312 1152 362; x_wconf 83' lang='lat' dir='ltr'>familiaris,</span> <span class='ocrx_word' id='word_1_20' title='bbox 1176 319 1219 352; x_wconf 86' lang='lat' dir='ltr'>et</span> <span class='ocrx_word' id='word_1_21' title='bbox 1240 313 1286 352; x_wconf 89' lang='lat' dir='ltr'>in</span> <span class='ocrx_word' id='word_1_22' title='bbox 1308 313 1436 353; x_wconf 88' lang='lat' dir='ltr'>curia</span> <span class='ocrx_word' id='word_1_23' title='bbox 1463 314 1681 354; x_wconf 85' lang='lat' dir='ltr'>Caesaris</span> <span class='ocrx_word' id='word_1_24' title='bbox 1708 320 1753 354; x_wconf 90' lang='lat' dir='ltr'>et</span> <span class='ocrx_word' id='word_1_25' title='bbox 1783 313 1866 354; x_wconf 68' lang='lat' dir='ltr'>Re-</span> 
     </span>
     <span class='ocr_line' id='line_1_4' title="bbox 233 381 1867 436; baseline 0.003 -15"><span class='ocrx_word' id='word_1_26' title='bbox 233 381 375 431; x_wconf 81' lang='lat' dir='ltr'>ginae</span> <span class='ocrx_word' id='word_1_27' title='bbox 398 389 605 423; x_wconf 87' lang='lat' dir='ltr'>nostrae.</span> <span class='ocrx_word' id='word_1_28' title='bbox 629 384 730 434; x_wconf 80' lang='lat' dir='ltr'>Ego</span> <span class='ocrx_word' id='word_1_29' title='bbox 752 390 910 423; x_wconf 84' lang='lat' dir='ltr'>autem</span> <span class='ocrx_word' id='word_1_30' title='bbox 932 385 1090 423; x_wconf 86' lang='lat' dir='ltr'>statim</span> <span class='ocrx_word' id='word_1_31' title='bbox 1112 384 1278 435; x_wconf 78' lang='lat' dir='ltr'>scripsi</span> <span class='ocrx_word' id='word_1_32' title='bbox 1300 384 1480 424; x_wconf 72' lang='lat' dir='ltr'>litteras</span> <span class='ocrx_word' id='word_1_33' title='bbox 1501 386 1559 425; x_wconf 89' lang='lat' dir='ltr'>ad</span> <span class='ocrx_word' id='word_1_34' title='bbox 1582 391 1762 436; x_wconf 88' lang='lat' dir='ltr'>patrem</span> <span class='ocrx_word' id='word_1_35' title='bbox 1793 385 1867 426; x_wconf 93' lang='lat' dir='ltr'>Ot-</span> 
     </span>
     <span class='ocr_line' id='line_1_5' title="bbox 234 452 1870 507; baseline 0.001 -14"><span class='ocrx_word' id='word_1_36' title='bbox 234 452 393 493; x_wconf 85' lang='lat' dir='ltr'>thonis</span> <span class='ocrx_word' id='word_1_37' title='bbox 414 459 464 494; x_wconf 91' lang='lat' dir='ltr'>ut</span> <span class='ocrx_word' id='word_1_38' title='bbox 485 454 524 493; x_wconf 85' lang='lat' dir='ltr'>si</span> <span class='ocrx_word' id='word_1_39' title='bbox 545 454 653 506; x_wconf 84' lang='lat' dir='ltr'>quid</span> <span class='ocrx_word' id='word_1_40' title='bbox 673 454 797 494; x_wconf 88' lang='lat' dir='ltr'>circa</span> <span class='ocrx_word' id='word_1_41' title='bbox 815 454 958 494; x_wconf 90' lang='lat' dir='ltr'>filium</span> <span class='ocrx_word' id='word_1_42' title='bbox 975 467 1110 495; x_wconf 85' lang='lat' dir='ltr'>suum</span> <span class='ocrx_word' id='word_1_43' title='bbox 1129 467 1154 494; x_wconf 90' lang='lat' dir='ltr'>a</span> <span class='ocrx_word' id='word_1_44' title='bbox 1171 455 1306 495; x_wconf 87' lang='lat' dir='ltr'>nobis</span> <span class='ocrx_word' id='word_1_45' title='bbox 1323 456 1544 507; x_wconf 87' lang='lat' dir='ltr'>requirat,</span> <span class='ocrx_word' id='word_1_46' title='bbox 1563 457 1768 496; x_wconf 74' lang='lat' dir='ltr'>inveniet</span> <span class='ocrx_word' id='word_1_47' title='bbox 1784 467 1870 496; x_wconf 74' lang='lat' dir='ltr'>nos</span> 
     </span>
     <span class='ocr_line' id='line_1_6' title="bbox 233 524 1869 577; baseline 0.002 -14"><span class='ocrx_word' id='word_1_48' title='bbox 233 524 280 564; x_wconf 92' lang='lat' dir='ltr'>in</span> <span class='ocrx_word' id='word_1_49' title='bbox 303 525 429 564; x_wconf 91' lang='lat' dir='ltr'>omni</span> <span class='ocrx_word' id='word_1_50' title='bbox 451 536 500 565; x_wconf 88' lang='lat' dir='ltr'>rc</span> <span class='ocrx_word' id='word_1_51' title='bbox 522 525 787 565; x_wconf 76' lang='lat' dir='ltr'>rationabili</span> <span class='ocrx_word' id='word_1_52' title='bbox 815 525 1161 577; x_wconf 68' lang='lat' dir='ltr'>paratissimos,</span> <span class='ocrx_word' id='word_1_53' title='bbox 1195 526 1398 577; x_wconf 74' lang='lat' dir='ltr'>cogebar</span> <span class='ocrx_word' id='word_1_54' title='bbox 1426 527 1548 567; x_wconf 83' lang='lat' dir='ltr'>enim</span> <span class='ocrx_word' id='word_1_55' title='bbox 1575 528 1869 568; x_wconf 88' lang='lat' dir='ltr'>dissimulare</span> 
     </span>
     <span class='ocr_line' id='line_1_7' title="bbox 233 595 1866 650; baseline 0.001 -15"><span class='ocrx_word' id='word_1_56' title='bbox 233 595 279 635; x_wconf 90' lang='lat' dir='ltr'>id</span> <span class='ocrx_word' id='word_1_57' title='bbox 308 596 431 647; x_wconf 90' lang='lat' dir='ltr'>quod</span> <span class='ocrx_word' id='word_1_58' title='bbox 462 597 520 636; x_wconf 86' lang='lat' dir='ltr'>ab</span> <span class='ocrx_word' id='word_1_59' title='bbox 558 597 634 636; x_wconf 86' lang='lat' dir='ltr'>illo</span> <span class='ocrx_word' id='word_1_60' title='bbox 664 597 816 636; x_wconf 87' lang='lat' dir='ltr'>amico</span> <span class='ocrx_word' id='word_1_61' title='bbox 853 597 912 636; x_wconf 89' lang='lat' dir='ltr'>ad</span> <span class='ocrx_word' id='word_1_62' title='bbox 946 609 1019 637; x_wconf 83' lang='lat' dir='ltr'>me</span> <span class='ocrx_word' id='word_1_63' title='bbox 1054 597 1280 648; x_wconf 87' lang='lat' dir='ltr'>scriptum</span> <span class='ocrx_word' id='word_1_64' title='bbox 1313 604 1428 637; x_wconf 89' lang='lat' dir='ltr'>erat.</span> <span class='ocrx_word' id='word_1_65' title='bbox 1466 597 1542 638; x_wconf 81' lang='lat' dir='ltr'>Sic</span> <span class='ocrx_word' id='word_1_66' title='bbox 1577 610 1711 649; x_wconf 77' lang='lat' dir='ltr'>spero</span> <span class='ocrx_word' id='word_1_67' title='bbox 1748 598 1866 650; x_wconf 85' lang='lat' dir='ltr'>quod</span> 
     </span>
     <span class='ocr_line' id='line_1_8' title="bbox 233 667 1269 708; baseline 0 -2"><span class='ocrx_word' id='word_1_68' title='bbox 233 667 392 707; x_wconf 89' lang='lat' dir='ltr'>omnia</span> <span class='ocrx_word' id='word_1_69' title='bbox 411 667 527 707; x_wconf 89' lang='lat' dir='ltr'>bene</span> <span class='ocrx_word' id='word_1_70' title='bbox 550 667 730 708; x_wconf 86' lang='lat' dir='ltr'>cedent.</span> <span class='ocrx_word' id='word_1_71' title='bbox 755 667 875 707; x_wconf 87' lang='lat' dir='ltr'>Nihil</span> <span class='ocrx_word' id='word_1_72' title='bbox 900 668 1079 708; x_wconf 88' lang='lat' dir='ltr'>interea</span> <span class='ocrx_word' id='word_1_73' title='bbox 1096 668 1269 708; x_wconf 81' lang='lat' dir='ltr'>audivi.</span> 
     </span>
    </p>

    <p class='ocr_par' dir='ltr' id='par_1_3' title="bbox 231 737 1873 1434">
     <span class='ocr_line' id='line_1_9' title="bbox 314 737 1869 791; baseline 0.001 -14"><span class='ocrx_word' id='word_1_74' title='bbox 314 737 515 778; x_wconf 79' lang='lat' dir='ltr'>Proinde</span> <span class='ocrx_word' id='word_1_75' title='bbox 538 738 739 778; x_wconf 81' lang='lat' dir='ltr'>referam</span> <span class='ocrx_word' id='word_1_76' title='bbox 760 738 867 790; x_wconf 88' lang='lat' dir='ltr'>quid</span> <span class='ocrx_word' id='word_1_77' title='bbox 891 739 1068 779; x_wconf 88' lang='lat' dir='ltr'>interea</span> <span class='ocrx_word' id='word_1_78' title='bbox 1095 739 1326 779; x_wconf 83' lang='lat' dir='ltr'>Dominus</span> <span class='ocrx_word' id='word_1_79' title='bbox 1349 746 1567 790; x_wconf 80' lang='lat' dir='ltr'>operatus</span> <span class='ocrx_word' id='word_1_80' title='bbox 1597 740 1669 779; x_wconf 86' lang='lat' dir='ltr'>sit.</span> <span class='ocrx_word' id='word_1_81' title='bbox 1700 739 1751 779; x_wconf 88' lang='lat' dir='ltr'>In</span> <span class='ocrx_word' id='word_1_82' title='bbox 1780 741 1869 791; x_wconf 88' lang='lat' dir='ltr'>pri-</span> 
     </span>
     <span class='ocr_line' id='line_1_10' title="bbox 233 809 1870 861; baseline 0.001 -12"><span class='ocrx_word' id='word_1_83' title='bbox 233 809 320 849; x_wconf 89' lang='lat' dir='ltr'>mis</span> <span class='ocrx_word' id='word_1_84' title='bbox 344 810 579 849; x_wconf 89' lang='lat' dir='ltr'>neminem</span> <span class='ocrx_word' id='word_1_85' title='bbox 607 810 746 850; x_wconf 85' lang='lat' dir='ltr'>audio</span> <span class='ocrx_word' id='word_1_86' title='bbox 775 810 1133 850; x_wconf 80' lang='lat' dir='ltr'>deaedificatum</span> <span class='ocrx_word' id='word_1_87' title='bbox 1160 823 1219 850; x_wconf 78' lang='lat' dir='ltr'>ex</span> <span class='ocrx_word' id='word_1_88' title='bbox 1248 811 1336 850; x_wconf 86' lang='lat' dir='ltr'>hac</span> <span class='ocrx_word' id='word_1_89' title='bbox 1365 810 1637 861; x_wconf 72' lang='lat' dir='ltr'>captivitate</span> <span class='ocrx_word' id='word_1_90' title='bbox 1665 822 1769 850; x_wconf 90' lang='lat' dir='ltr'>mea</span> <span class='ocrx_word' id='word_1_91' title='bbox 1797 813 1870 850; x_wconf 74' lang='lat' dir='ltr'>Vel</span> 
     </span>
     <span class='ocr_line' id='line_1_11' title="bbox 232 880 1872 933; baseline 0.001 -13"><span class='ocrx_word' id='word_1_92' title='bbox 232 893 293 921; x_wconf 73' lang='lat' dir='ltr'>ex</span> <span class='ocrx_word' id='word_1_93' title='bbox 313 880 454 921; x_wconf 84' lang='lat' dir='ltr'>factis</span> <span class='ocrx_word' id='word_1_94' title='bbox 475 893 555 921; x_wconf 80' lang='lat' dir='ltr'>scu</span> <span class='ocrx_word' id='word_1_95' title='bbox 577 882 715 922; x_wconf 91' lang='lat' dir='ltr'>dictis</span> <span class='ocrx_word' id='word_1_96' title='bbox 736 882 925 932; x_wconf 74' lang='lat' dir='ltr'>nostris,</span> <span class='ocrx_word' id='word_1_97' title='bbox 955 883 1066 933; x_wconf 87' lang='lat' dir='ltr'>quin</span> <span class='ocrx_word' id='word_1_98' title='bbox 1092 882 1248 933; x_wconf 90' lang='lat' dir='ltr'>potius</span> <span class='ocrx_word' id='word_1_99' title='bbox 1276 894 1436 921; x_wconf 88' lang='lat' dir='ltr'>omnes</span> <span class='ocrx_word' id='word_1_100' title='bbox 1465 882 1712 922; x_wconf 79' lang='lat' dir='ltr'>condolent</span> <span class='ocrx_word' id='word_1_101' title='bbox 1739 882 1872 922; x_wconf 82' lang='lat' dir='ltr'>nobis</span> 
     </span>
     <span class='ocr_line' id='line_1_12' title="bbox 232 952 1873 1005; baseline 0.001 -13"><span class='ocrx_word' id='word_1_102' title='bbox 232 958 278 992; x_wconf 90' lang='lat' dir='ltr'>et</span> <span class='ocrx_word' id='word_1_103' title='bbox 308 952 542 993; x_wconf 88' lang='lat' dir='ltr'>Dominus</span> <span class='ocrx_word' id='word_1_104' title='bbox 574 954 807 1004; x_wconf 87' lang='lat' dir='ltr'>laudatur,</span> <span class='ocrx_word' id='word_1_105' title='bbox 839 955 917 1005; x_wconf 88' lang='lat' dir='ltr'>qui</span> <span class='ocrx_word' id='word_1_106' title='bbox 949 954 1083 993; x_wconf 88' lang='lat' dir='ltr'>nobis</span> <span class='ocrx_word' id='word_1_107' title='bbox 1111 952 1236 993; x_wconf 83' lang='lat' dir='ltr'>dedit</span> <span class='ocrx_word' id='word_1_108' title='bbox 1270 959 1401 993; x_wconf 87' lang='lat' dir='ltr'>tanta</span> <span class='ocrx_word' id='word_1_109' title='bbox 1435 965 1519 1004; x_wconf 88' lang='lat' dir='ltr'>pro</span> <span class='ocrx_word' id='word_1_110' title='bbox 1555 965 1604 993; x_wconf 88' lang='lat' dir='ltr'>se</span> <span class='ocrx_word' id='word_1_111' title='bbox 1637 954 1750 1004; x_wconf 87' lang='lat' dir='ltr'>pati,</span> <span class='ocrx_word' id='word_1_112' title='bbox 1787 965 1873 993; x_wconf 89' lang='lat' dir='ltr'>nec</span> 
     </span>
     <span class='ocr_line' id='line_1_13' title="bbox 234 1024 1873 1077; baseline 0.001 -14"><span class='ocrx_word' id='word_1_113' title='bbox 234 1024 485 1076; x_wconf 84' lang='lat' dir='ltr'>quisquam</span> <span class='ocrx_word' id='word_1_114' title='bbox 516 1024 775 1076; x_wconf 84' lang='lat' dir='ltr'>intelligere</span> <span class='ocrx_word' id='word_1_115' title='bbox 807 1031 961 1077; x_wconf 80' lang='lat' dir='ltr'>potest</span> <span class='ocrx_word' id='word_1_116' title='bbox 989 1025 1222 1076; x_wconf 88' lang='lat' dir='ltr'>quomodo</span> <span class='ocrx_word' id='word_1_117' title='bbox 1251 1024 1470 1076; x_wconf 84' lang='lat' dir='ltr'>possibile</span> <span class='ocrx_word' id='word_1_118' title='bbox 1496 1024 1635 1064; x_wconf 85' lang='lat' dir='ltr'>fuerit</span> <span class='ocrx_word' id='word_1_119' title='bbox 1665 1024 1782 1064; x_wconf 87' lang='lat' dir='ltr'>haec</span> <span class='ocrx_word' id='word_1_120' title='bbox 1808 1024 1873 1064; x_wconf 87' lang='lat' dir='ltr'>ita</span> 
     </span>
     <span class='ocr_line' id='line_1_14' title="bbox 236 1095 1872 1146; baseline 0.001 -12"><span class='ocrx_word' id='word_1_121' title='bbox 236 1095 525 1146; x_wconf 85' lang='lat' dir='ltr'>contingere.</span> <span class='ocrx_word' id='word_1_122' title='bbox 551 1095 740 1145; x_wconf 81' lang='lat' dir='ltr'>Omnes,</span> <span class='ocrx_word' id='word_1_123' title='bbox 771 1097 911 1136; x_wconf 90' lang='lat' dir='ltr'>etiam</span> <span class='ocrx_word' id='word_1_124' title='bbox 939 1096 1224 1146; x_wconf 83' lang='lat' dir='ltr'>adversarii,</span> <span class='ocrx_word' id='word_1_125' title='bbox 1264 1096 1420 1135; x_wconf 89' lang='lat' dir='ltr'>dolent</span> <span class='ocrx_word' id='word_1_126' title='bbox 1448 1102 1491 1135; x_wconf 90' lang='lat' dir='ltr'>et</span> <span class='ocrx_word' id='word_1_127' title='bbox 1520 1096 1766 1136; x_wconf 81' lang='lat' dir='ltr'>condolent</span> <span class='ocrx_word' id='word_1_128' title='bbox 1793 1107 1872 1135; x_wconf 92' lang='lat' dir='ltr'>no-</span> 
     </span>
     <span class='ocr_line' id='line_1_15' title="bbox 231 1166 1873 1220; baseline 0.001 -14"><span class='ocrx_word' id='word_1_129' title='bbox 231 1167 317 1207; x_wconf 92' lang='lat' dir='ltr'>bis.</span> <span class='ocrx_word' id='word_1_130' title='bbox 342 1166 446 1219; x_wconf 90' lang='lat' dir='ltr'>Ipse</span> <span class='ocrx_word' id='word_1_131' title='bbox 467 1167 641 1207; x_wconf 87' lang='lat' dir='ltr'>Rector</span> <span class='ocrx_word' id='word_1_132' title='bbox 662 1179 846 1220; x_wconf 88' lang='lat' dir='ltr'>quoque</span> <span class='ocrx_word' id='word_1_133' title='bbox 870 1180 896 1207; x_wconf 87' lang='lat' dir='ltr'>a</span> <span class='ocrx_word' id='word_1_134' title='bbox 918 1179 967 1207; x_wconf 92' lang='lat' dir='ltr'>se</span> <span class='ocrx_word' id='word_1_135' title='bbox 997 1167 1167 1219; x_wconf 87' lang='lat' dir='ltr'>rejicit,</span> <span class='ocrx_word' id='word_1_136' title='bbox 1200 1167 1360 1207; x_wconf 90' lang='lat' dir='ltr'>dicens</span> <span class='ocrx_word' id='word_1_137' title='bbox 1390 1179 1474 1207; x_wconf 90' lang='lat' dir='ltr'>suo</span> <span class='ocrx_word' id='word_1_138' title='bbox 1498 1166 1631 1218; x_wconf 90' lang='lat' dir='ltr'>jussu</span> <span class='ocrx_word' id='word_1_139' title='bbox 1656 1179 1751 1207; x_wconf 93' lang='lat' dir='ltr'>non</span> <span class='ocrx_word' id='word_1_140' title='bbox 1772 1179 1873 1207; x_wconf 89' lang='lat' dir='ltr'>esse</span> 
     </span>
     <span class='ocr_line' id='line_1_16' title="bbox 233 1237 1873 1291; baseline 0.001 -14"><span class='ocrx_word' id='word_1_141' title='bbox 233 1237 427 1278; x_wconf 85' lang='lat' dir='ltr'>factum.</span> <span class='ocrx_word' id='word_1_142' title='bbox 450 1238 527 1279; x_wconf 84' lang='lat' dir='ltr'>Sic</span> <span class='ocrx_word' id='word_1_143' title='bbox 548 1239 796 1291; x_wconf 90' lang='lat' dir='ltr'>quisquam</span> <span class='ocrx_word' id='word_1_144' title='bbox 816 1240 952 1279; x_wconf 83' lang='lat' dir='ltr'>alteri</span> <span class='ocrx_word' id='word_1_145' title='bbox 973 1239 1171 1290; x_wconf 76' lang='lat' dir='ltr'>imputat</span> <span class='ocrx_word' id='word_1_146' title='bbox 1193 1245 1237 1278; x_wconf 87' lang='lat' dir='ltr'>et</span> <span class='ocrx_word' id='word_1_147' title='bbox 1259 1251 1286 1278; x_wconf 89' lang='lat' dir='ltr'>a</span> <span class='ocrx_word' id='word_1_148' title='bbox 1307 1250 1356 1278; x_wconf 86' lang='lat' dir='ltr'>se</span> <span class='ocrx_word' id='word_1_149' title='bbox 1385 1240 1570 1289; x_wconf 86' lang='lat' dir='ltr'>culpam</span> <span class='ocrx_word' id='word_1_150' title='bbox 1596 1237 1745 1290; x_wconf 89' lang='lat' dir='ltr'>rejicit</span> <span class='ocrx_word' id='word_1_151' title='bbox 1763 1271 1770 1289; x_wconf 90' lang='lat'>,</span> <span class='ocrx_word' id='word_1_152' title='bbox 1807 1239 1873 1278; x_wconf 85' lang='lat' dir='ltr'>sic</span> 
     </span>
     <span class='ocr_line' id='line_1_17' title="bbox 232 1309 1872 1362; baseline -0.001 -12"><span class='ocrx_word' id='word_1_153' title='bbox 232 1315 282 1349; x_wconf 88' lang='lat' dir='ltr'>ut</span> <span class='ocrx_word' id='word_1_154' title='bbox 304 1310 553 1361; x_wconf 90' lang='lat' dir='ltr'>neminem,</span> <span class='ocrx_word' id='word_1_155' title='bbox 576 1322 726 1362; x_wconf 91' lang='lat' dir='ltr'>neque</span> <span class='ocrx_word' id='word_1_156' title='bbox 746 1322 947 1362; x_wconf 73' lang='lat' dir='ltr'>parvum</span> <span class='ocrx_word' id='word_1_157' title='bbox 964 1323 1113 1362; x_wconf 86' lang='lat' dir='ltr'>neque</span> <span class='ocrx_word' id='word_1_158' title='bbox 1130 1321 1367 1361; x_wconf 79' lang='lat' dir='ltr'>magnum,</span> <span class='ocrx_word' id='word_1_159' title='bbox 1388 1322 1535 1361; x_wconf 90' lang='lat' dir='ltr'>neque</span> <span class='ocrx_word' id='word_1_160' title='bbox 1552 1309 1706 1349; x_wconf 88' lang='lat' dir='ltr'>virum</span> <span class='ocrx_word' id='word_1_161' title='bbox 1722 1321 1872 1360; x_wconf 89' lang='lat' dir='ltr'>neque</span> 
     </span>
     <span class='ocr_line' id='line_1_18' title="bbox 233 1381 1764 1434; baseline -0.001 -12"><span class='ocrx_word' id='word_1_162' title='bbox 233 1381 498 1433; x_wconf 88' lang='lat' dir='ltr'>mulierem,</span> <span class='ocrx_word' id='word_1_163' title='bbox 522 1394 673 1434; x_wconf 87' lang='lat' dir='ltr'>neque</span> <span class='ocrx_word' id='word_1_164' title='bbox 693 1394 911 1434; x_wconf 86' lang='lat' dir='ltr'>puerum,</span> <span class='ocrx_word' id='word_1_165' title='bbox 937 1382 1062 1422; x_wconf 88' lang='lat' dir='ltr'>aliud</span> <span class='ocrx_word' id='word_1_166' title='bbox 1083 1382 1271 1421; x_wconf 84' lang='lat' dir='ltr'>audiam</span> <span class='ocrx_word' id='word_1_167' title='bbox 1299 1382 1470 1422; x_wconf 87' lang='lat' dir='ltr'>sentire</span> <span class='ocrx_word' id='word_1_168' title='bbox 1493 1388 1572 1421; x_wconf 93' lang='lat' dir='ltr'>aut</span> <span class='ocrx_word' id='word_1_169' title='bbox 1594 1381 1764 1421; x_wconf 82' lang='lat' dir='ltr'>dicere.</span> 
     </span>
    </p>

    <p class='ocr_par' dir='ltr' id='par_1_4' title="bbox 232 1452 1882 2567">
     <span class='ocr_line' id='line_1_19' title="bbox 314 1452 1875 1494; baseline -0.002 0"><span class='ocrx_word' id='word_1_170' title='bbox 314 1453 497 1494; x_wconf 87' lang='lat' dir='ltr'>Deinde</span> <span class='ocrx_word' id='word_1_171' title='bbox 518 1465 741 1494; x_wconf 88' lang='lat' dir='ltr'>numerus</span> <span class='ocrx_word' id='word_1_172' title='bbox 763 1454 1083 1494; x_wconf 88' lang='lat' dir='ltr'>confitentium</span> <span class='ocrx_word' id='word_1_173' title='bbox 1104 1465 1160 1493; x_wconf 91' lang='lat' dir='ltr'>ac</span> <span class='ocrx_word' id='word_1_174' title='bbox 1177 1453 1236 1493; x_wconf 90' lang='lat' dir='ltr'>ad</span> <span class='ocrx_word' id='word_1_175' title='bbox 1253 1464 1338 1493; x_wconf 91' lang='lat' dir='ltr'>nos</span> <span class='ocrx_word' id='word_1_176' title='bbox 1356 1452 1679 1493; x_wconf 88' lang='lat' dir='ltr'>accedentium</span> <span class='ocrx_word' id='word_1_177' title='bbox 1696 1452 1875 1492; x_wconf 90' lang='lat' dir='ltr'>interea</span> 
     </span>
     <span class='ocr_line' id='line_1_20' title="bbox 232 1523 1874 1576; baseline -0.002 -11"><span class='ocrx_word' id='word_1_178' title='bbox 232 1537 331 1565; x_wconf 89' lang='lat' dir='ltr'>non</span> <span class='ocrx_word' id='word_1_179' title='bbox 351 1527 502 1566; x_wconf 92' lang='lat' dir='ltr'>solum</span> <span class='ocrx_word' id='word_1_180' title='bbox 524 1538 617 1566; x_wconf 90' lang='lat' dir='ltr'>non</span> <span class='ocrx_word' id='word_1_181' title='bbox 639 1531 708 1566; x_wconf 91' lang='lat' dir='ltr'>est</span> <span class='ocrx_word' id='word_1_182' title='bbox 730 1526 986 1566; x_wconf 90' lang='lat' dir='ltr'>diminutus</span> <span class='ocrx_word' id='word_1_183' title='bbox 1007 1524 1088 1565; x_wconf 90' lang='lat' dir='ltr'>sed</span> <span class='ocrx_word' id='word_1_184' title='bbox 1108 1524 1359 1576; x_wconf 88' lang='lat' dir='ltr'>plurimum</span> <span class='ocrx_word' id='word_1_185' title='bbox 1380 1530 1562 1575; x_wconf 78' lang='lat' dir='ltr'>auctus3</span> <span class='ocrx_word' id='word_1_186' title='bbox 1584 1535 1735 1575; x_wconf 88' lang='lat' dir='ltr'>neque</span> <span class='ocrx_word' id='word_1_187' title='bbox 1753 1523 1874 1574; x_wconf 88' lang='lat' dir='ltr'>quis-</span> 
     </span>
     <span class='ocr_line' id='line_1_21' title="bbox 233 1595 1874 1649; baseline -0.002 -11"><span class='ocrx_word' id='word_1_188' title='bbox 233 1608 376 1649; x_wconf 86' lang='lat' dir='ltr'>quam</span> <span class='ocrx_word' id='word_1_189' title='bbox 400 1610 426 1637; x_wconf 91' lang='lat' dir='ltr'>a</span> <span class='ocrx_word' id='word_1_190' title='bbox 448 1597 583 1637; x_wconf 91' lang='lat' dir='ltr'>nobis</span> <span class='ocrx_word' id='word_1_191' title='bbox 605 1597 661 1638; x_wconf 90' lang='lat' dir='ltr'>ob</span> <span class='ocrx_word' id='word_1_192' title='bbox 683 1597 772 1637; x_wconf 89' lang='lat' dir='ltr'>ista</span> <span class='ocrx_word' id='word_1_193' title='bbox 793 1597 1003 1648; x_wconf 85' lang='lat' dir='ltr'>recessit,</span> <span class='ocrx_word' id='word_1_194' title='bbox 1028 1603 1073 1637; x_wconf 89' lang='lat' dir='ltr'>et</span> <span class='ocrx_word' id='word_1_195' title='bbox 1093 1596 1198 1648; x_wconf 88' lang='lat' dir='ltr'>plus</span> <span class='ocrx_word' id='word_1_196' title='bbox 1224 1596 1361 1636; x_wconf 80' lang='lat' dir='ltr'>video</span> <span class='ocrx_word' id='word_1_197' title='bbox 1390 1596 1435 1635; x_wconf 91' lang='lat' dir='ltr'>in</span> <span class='ocrx_word' id='word_1_198' title='bbox 1462 1595 1563 1635; x_wconf 81' lang='lat' dir='ltr'>istis</span> <span class='ocrx_word' id='word_1_199' title='bbox 1590 1595 1874 1646; x_wconf 88' lang='lat' dir='ltr'>persecutio-</span> 
     </span>
     <span class='ocr_line' id='line_1_22' title="bbox 236 1665 1876 1720; baseline -0.002 -12"><span class='ocrx_word' id='word_1_200' title='bbox 236 1668 374 1708; x_wconf 90' lang='lat' dir='ltr'>nibus</span> <span class='ocrx_word' id='word_1_201' title='bbox 403 1674 646 1720; x_wconf 90' lang='lat' dir='ltr'>operatum</span> <span class='ocrx_word' id='word_1_202' title='bbox 669 1667 923 1709; x_wconf 88' lang='lat' dir='ltr'>Dominum</span> <span class='ocrx_word' id='word_1_203' title='bbox 951 1679 1092 1719; x_wconf 89' lang='lat' dir='ltr'>quam</span> <span class='ocrx_word' id='word_1_204' title='bbox 1117 1674 1215 1707; x_wconf 92' lang='lat' dir='ltr'>toto</span> <span class='ocrx_word' id='word_1_205' title='bbox 1243 1673 1453 1718; x_wconf 87' lang='lat' dir='ltr'>tempore</span> <span class='ocrx_word' id='word_1_206' title='bbox 1481 1678 1570 1718; x_wconf 86' lang='lat' dir='ltr'>quo</span> <span class='ocrx_word' id='word_1_207' title='bbox 1598 1666 1674 1706; x_wconf 90' lang='lat' dir='ltr'>hic</span> <span class='ocrx_word' id='word_1_208' title='bbox 1695 1665 1777 1706; x_wconf 86' lang='lat' dir='ltr'>fui.</span> <span class='ocrx_word' id='word_1_209' title='bbox 1808 1665 1876 1706; x_wconf 86' lang='lat' dir='ltr'>Sit</span> 
     </span>
     <span class='ocr_line' id='line_1_23' title="bbox 236 1737 1871 1780; baseline -0.002 0"><span class='ocrx_word' id='word_1_210' title='bbox 236 1739 467 1780; x_wconf 90' lang='lat' dir='ltr'>Dominus</span> <span class='ocrx_word' id='word_1_211' title='bbox 489 1740 536 1779; x_wconf 88' lang='lat' dir='ltr'>in</span> <span class='ocrx_word' id='word_1_212' title='bbox 553 1739 767 1780; x_wconf 90' lang='lat' dir='ltr'>omnibus</span> <span class='ocrx_word' id='word_1_213' title='bbox 785 1739 1074 1780; x_wconf 78' lang='lat' dir='ltr'>benedictus,</span> <span class='ocrx_word' id='word_1_214' title='bbox 1094 1738 1170 1779; x_wconf 85' lang='lat' dir='ltr'>Ad</span> <span class='ocrx_word' id='word_1_215' title='bbox 1186 1738 1304 1778; x_wconf 90' lang='lat' dir='ltr'>haec</span> <span class='ocrx_word' id='word_1_216' title='bbox 1319 1738 1548 1778; x_wconf 89' lang='lat' dir='ltr'>Dominus</span> <span class='ocrx_word' id='word_1_217' title='bbox 1563 1737 1711 1778; x_wconf 85' lang='lat' dir='ltr'>movit</span> <span class='ocrx_word' id='word_1_218' title='bbox 1727 1737 1871 1777; x_wconf 87' lang='lat' dir='ltr'>corda</span> 
     </span>
     <span class='ocr_line' id='line_1_24' title="bbox 234 1808 1876 1863; baseline -0.002 -12"><span class='ocrx_word' id='word_1_219' title='bbox 234 1811 445 1851; x_wconf 88' lang='lat' dir='ltr'>omnium</span> <span class='ocrx_word' id='word_1_220' title='bbox 465 1811 826 1863; x_wconf 87' lang='lat' dir='ltr'>praecipuorum</span> <span class='ocrx_word' id='word_1_221' title='bbox 848 1811 1235 1851; x_wconf 86' lang='lat' dir='ltr'>concionatorum</span> <span class='ocrx_word' id='word_1_222' title='bbox 1256 1809 1397 1850; x_wconf 90' lang='lat' dir='ltr'>totius</span> <span class='ocrx_word' id='word_1_223' title='bbox 1424 1809 1580 1861; x_wconf 88' lang='lat' dir='ltr'>oppidi</span> <span class='ocrx_word' id='word_1_224' title='bbox 1606 1808 1762 1860; x_wconf 84' lang='lat' dir='ltr'>hujus,</span> <span class='ocrx_word' id='word_1_225' title='bbox 1797 1809 1876 1860; x_wconf 90' lang='lat' dir='ltr'>qui</span> 
     </span>
     <span class='ocr_line' id='line_1_25' title="bbox 237 1880 1878 1933; baseline -0.002 -11"><span class='ocrx_word' id='word_1_226' title='bbox 237 1894 416 1932; x_wconf 80' lang='lat' dir='ltr'>omneS,</span> <span class='ocrx_word' id='word_1_227' title='bbox 440 1882 724 1923; x_wconf 89' lang='lat' dir='ltr'>unanimiter</span> <span class='ocrx_word' id='word_1_228' title='bbox 744 1888 788 1922; x_wconf 94' lang='lat' dir='ltr'>et</span> <span class='ocrx_word' id='word_1_229' title='bbox 809 1881 1078 1933; x_wconf 85' lang='lat' dir='ltr'>fortissime,</span> <span class='ocrx_word' id='word_1_230' title='bbox 1100 1881 1244 1922; x_wconf 91' lang='lat' dir='ltr'>latine</span> <span class='ocrx_word' id='word_1_231' title='bbox 1266 1887 1310 1921; x_wconf 92' lang='lat' dir='ltr'>et</span> <span class='ocrx_word' id='word_1_232' title='bbox 1331 1880 1614 1932; x_wconf 81' lang='lat' dir='ltr'>germanice,</span> <span class='ocrx_word' id='word_1_233' title='bbox 1633 1880 1816 1932; x_wconf 91' lang='lat' dir='ltr'>publice</span> <span class='ocrx_word' id='word_1_234' title='bbox 1833 1885 1878 1919; x_wconf 89' lang='lat' dir='ltr'>et</span> 
     </span>
     <span class='ocr_line' id='line_1_26' title="bbox 233 1951 1875 2005; baseline -0.002 -11"><span class='ocrx_word' id='word_1_235' title='bbox 233 1954 462 2005; x_wconf 86' lang='lat' dir='ltr'>privatim</span> <span class='ocrx_word' id='word_1_236' title='bbox 482 1953 703 1994; x_wconf 90' lang='lat' dir='ltr'>videntur</span> <span class='ocrx_word' id='word_1_237' title='bbox 723 1965 808 1993; x_wconf 93' lang='lat' dir='ltr'>nos</span> <span class='ocrx_word' id='word_1_238' title='bbox 829 1958 1084 2005; x_wconf 88' lang='lat' dir='ltr'>nostraque</span> <span class='ocrx_word' id='word_1_239' title='bbox 1105 1963 1334 1993; x_wconf 85' lang='lat' dir='ltr'>excusare</span> <span class='ocrx_word' id='word_1_240' title='bbox 1355 1958 1399 1992; x_wconf 89' lang='lat' dir='ltr'>et</span> <span class='ocrx_word' id='word_1_241' title='bbox 1417 1951 1665 1992; x_wconf 84' lang='lat' dir='ltr'>defendere</span> <span class='ocrx_word' id='word_1_242' title='bbox 1682 1956 1726 1991; x_wconf 90' lang='lat' dir='ltr'>et</span> <span class='ocrx_word' id='word_1_243' title='bbox 1743 1951 1803 1990; x_wconf 90' lang='lat' dir='ltr'>ad</span> <span class='ocrx_word' id='word_1_244' title='bbox 1820 1951 1875 1990; x_wconf 88' lang='lat' dir='ltr'>si-</span> 
     </span>
     <span class='ocr_line' id='line_1_27' title="bbox 234 2022 1877 2076; baseline -0.002 -11"><span class='ocrx_word' id='word_1_245' title='bbox 234 2025 365 2066; x_wconf 85' lang='lat' dir='ltr'>milia</span> <span class='ocrx_word' id='word_1_246' title='bbox 389 2037 551 2065; x_wconf 90' lang='lat' dir='ltr'>omnes</span> <span class='ocrx_word' id='word_1_247' title='bbox 572 2025 827 2075; x_wconf 87' lang='lat' dir='ltr'>exhortari,</span> <span class='ocrx_word' id='word_1_248' title='bbox 853 2025 918 2065; x_wconf 90' lang='lat' dir='ltr'>ita</span> <span class='ocrx_word' id='word_1_249' title='bbox 944 2030 995 2065; x_wconf 89' lang='lat' dir='ltr'>ut</span> <span class='ocrx_word' id='word_1_250' title='bbox 1023 2025 1083 2065; x_wconf 92' lang='lat' dir='ltr'>sit</span> <span class='ocrx_word' id='word_1_251' title='bbox 1117 2024 1250 2076; x_wconf 87' lang='lat' dir='ltr'>quasi</span> <span class='ocrx_word' id='word_1_252' title='bbox 1277 2024 1555 2064; x_wconf 84' lang='lat' dir='ltr'>miraculum</span> <span class='ocrx_word' id='word_1_253' title='bbox 1582 2023 1629 2063; x_wconf 92' lang='lat' dir='ltr'>in</span> <span class='ocrx_word' id='word_1_254' title='bbox 1656 2022 1877 2062; x_wconf 88' lang='lat' dir='ltr'>cordibus</span> 
     </span>
     <span class='ocr_line' id='line_1_28' title="bbox 236 2093 1879 2149; baseline -0.002 -12"><span class='ocrx_word' id='word_1_255' title='bbox 236 2097 428 2138; x_wconf 89' lang='lat' dir='ltr'>nostris.</span> <span class='ocrx_word' id='word_1_256' title='bbox 451 2097 718 2149; x_wconf 91' lang='lat' dir='ltr'>Numquam</span> <span class='ocrx_word' id='word_1_257' title='bbox 746 2097 869 2137; x_wconf 86' lang='lat' dir='ltr'>enim</span> <span class='ocrx_word' id='word_1_258' title='bbox 892 2102 971 2137; x_wconf 89' lang='lat' dir='ltr'>aut</span> <span class='ocrx_word' id='word_1_259' title='bbox 993 2096 1132 2137; x_wconf 86' lang='lat' dir='ltr'>valde</span> <span class='ocrx_word' id='word_1_260' title='bbox 1153 2096 1301 2136; x_wconf 90' lang='lat' dir='ltr'>obiter</span> <span class='ocrx_word' id='word_1_261' title='bbox 1332 2102 1375 2135; x_wconf 93' lang='lat' dir='ltr'>et</span> <span class='ocrx_word' id='word_1_262' title='bbox 1408 2107 1516 2135; x_wconf 90' lang='lat' dir='ltr'>raro</span> <span class='ocrx_word' id='word_1_263' title='bbox 1546 2095 1697 2134; x_wconf 90' lang='lat' dir='ltr'>solent</span> <span class='ocrx_word' id='word_1_264' title='bbox 1724 2094 1780 2134; x_wconf 88' lang='lat' dir='ltr'>de</span> <span class='ocrx_word' id='word_1_265' title='bbox 1807 2093 1879 2133; x_wconf 89' lang='lat' dir='ltr'>his</span> 
     </span>
     <span class='ocr_line' id='line_1_29' title="bbox 237 2165 1879 2220; baseline -0.002 -11"><span class='ocrx_word' id='word_1_266' title='bbox 237 2169 377 2209; x_wconf 81' lang='lat' dir='ltr'>rebus</span> <span class='ocrx_word' id='word_1_267' title='bbox 400 2169 688 2218; x_wconf 87' lang='lat' dir='ltr'>concionari,</span> <span class='ocrx_word' id='word_1_268' title='bbox 711 2169 946 2219; x_wconf 88' lang='lat' dir='ltr'>videlicet,</span> <span class='ocrx_word' id='word_1_269' title='bbox 971 2169 1026 2209; x_wconf 90' lang='lat' dir='ltr'>de</span> <span class='ocrx_word' id='word_1_270' title='bbox 1049 2168 1265 2220; x_wconf 83' lang='lat' dir='ltr'>ingressu</span> <span class='ocrx_word' id='word_1_271' title='bbox 1292 2167 1557 2218; x_wconf 77' lang='lat' dir='ltr'>religionis,</span> <span class='ocrx_word' id='word_1_272' title='bbox 1589 2166 1645 2207; x_wconf 90' lang='lat' dir='ltr'>de</span> <span class='ocrx_word' id='word_1_273' title='bbox 1671 2165 1879 2217; x_wconf 84' lang='lat' dir='ltr'>resigna-</span> 
     </span>
     <span class='ocr_line' id='line_1_30' title="bbox 237 2235 1881 2289; baseline -0.002 -9"><span class='ocrx_word' id='word_1_274' title='bbox 237 2240 365 2280; x_wconf 80' lang='lat' dir='ltr'>tione</span> <span class='ocrx_word' id='word_1_275' title='bbox 388 2240 461 2280; x_wconf 90' lang='lat' dir='ltr'>sui</span> <span class='ocrx_word' id='word_1_276' title='bbox 482 2240 542 2281; x_wconf 87' lang='lat' dir='ltr'>ad</span> <span class='ocrx_word' id='word_1_277' title='bbox 563 2241 720 2281; x_wconf 89' lang='lat' dir='ltr'>omnia</span> <span class='ocrx_word' id='word_1_278' title='bbox 742 2246 786 2280; x_wconf 89' lang='lat' dir='ltr'>et</span> <span class='ocrx_word' id='word_1_279' title='bbox 807 2241 867 2280; x_wconf 90' lang='lat' dir='ltr'>ad</span> <span class='ocrx_word' id='word_1_280' title='bbox 890 2251 1076 2280; x_wconf 90' lang='lat' dir='ltr'>omnem</span> <span class='ocrx_word' id='word_1_281' title='bbox 1097 2245 1286 2289; x_wconf 87' lang='lat' dir='ltr'>statum,</span> <span class='ocrx_word' id='word_1_282' title='bbox 1306 2239 1362 2278; x_wconf 92' lang='lat' dir='ltr'>de</span> <span class='ocrx_word' id='word_1_283' title='bbox 1381 2237 1619 2278; x_wconf 87' lang='lat' dir='ltr'>offerenda</span> <span class='ocrx_word' id='word_1_284' title='bbox 1634 2235 1881 2288; x_wconf 79' lang='lat' dir='ltr'>juventute</span> 
     </span>
     <span class='ocr_line' id='line_1_31' title="bbox 239 2309 1882 2363; baseline -0.002 -12"><span class='ocrx_word' id='word_1_285' title='bbox 239 2324 326 2352; x_wconf 87' lang='lat' dir='ltr'>sua</span> <span class='ocrx_word' id='word_1_286' title='bbox 350 2311 552 2363; x_wconf 87' lang='lat' dir='ltr'>Christo,</span> <span class='ocrx_word' id='word_1_287' title='bbox 572 2312 628 2352; x_wconf 88' lang='lat' dir='ltr'>de</span> <span class='ocrx_word' id='word_1_288' title='bbox 651 2312 993 2352; x_wconf 88' lang='lat' dir='ltr'>auscultatione</span> <span class='ocrx_word' id='word_1_289' title='bbox 1011 2311 1070 2351; x_wconf 90' lang='lat' dir='ltr'>ad</span> <span class='ocrx_word' id='word_1_290' title='bbox 1087 2311 1418 2363; x_wconf 86' lang='lat' dir='ltr'>inspirationes</span> <span class='ocrx_word' id='word_1_291' title='bbox 1435 2309 1625 2349; x_wconf 85' lang='lat' dir='ltr'>Domini</span> <span class='ocrx_word' id='word_1_292' title='bbox 1641 2314 1685 2349; x_wconf 91' lang='lat' dir='ltr'>et</span> <span class='ocrx_word' id='word_1_293' title='bbox 1701 2319 1882 2348; x_wconf 89' lang='lat' dir='ltr'>earum-</span> 
     </span>
     <span class='ocr_line' id='line_1_32' title="bbox 241 2380 1881 2435; baseline -0.002 -13"><span class='ocrx_word' id='word_1_294' title='bbox 241 2382 354 2424; x_wconf 86' lang='lat' dir='ltr'>dem</span> <span class='ocrx_word' id='word_1_295' title='bbox 375 2384 565 2435; x_wconf 90' lang='lat' dir='ltr'>sequela</span> <span class='ocrx_word' id='word_1_296' title='bbox 586 2395 681 2424; x_wconf 92' lang='lat' dir='ltr'>non</span> <span class='ocrx_word' id='word_1_297' title='bbox 704 2383 977 2428; x_wconf 75' lang='lat' dir='ltr'>differenda,</span> <span class='ocrx_word' id='word_1_298' title='bbox 1001 2388 1046 2423; x_wconf 87' lang='lat' dir='ltr'>et</span> <span class='ocrx_word' id='word_1_299' title='bbox 1067 2382 1315 2432; x_wconf 88' lang='lat' dir='ltr'>similibus;</span> <span class='ocrx_word' id='word_1_300' title='bbox 1338 2381 1469 2421; x_wconf 73' lang='lat' dir='ltr'>novit</span> <span class='ocrx_word' id='word_1_301' title='bbox 1490 2380 1720 2420; x_wconf 91' lang='lat' dir='ltr'>Dominus</span> <span class='ocrx_word' id='word_1_302' title='bbox 1741 2390 1881 2431; x_wconf 88' lang='lat' dir='ltr'>quam</span> 
     </span>
     <span class='ocr_line' id='line_1_33' title="bbox 243 2450 1880 2495; baseline -0.004 0"><span class='ocrx_word' id='word_1_303' title='bbox 243 2456 454 2495; x_wconf 85' lang='lat' dir='ltr'>exultent</span> <span class='ocrx_word' id='word_1_304' title='bbox 486 2455 631 2495; x_wconf 90' lang='lat' dir='ltr'>corda</span> <span class='ocrx_word' id='word_1_305' title='bbox 660 2461 822 2495; x_wconf 91' lang='lat' dir='ltr'>nostra</span> <span class='ocrx_word' id='word_1_306' title='bbox 854 2455 900 2495; x_wconf 92' lang='lat' dir='ltr'>in</span> <span class='ocrx_word' id='word_1_307' title='bbox 930 2455 1044 2495; x_wconf 87' lang='lat' dir='ltr'>istis.</span> <span class='ocrx_word' id='word_1_308' title='bbox 1078 2453 1145 2495; x_wconf 77' lang='lat' dir='ltr'>Sit</span> <span class='ocrx_word' id='word_1_309' title='bbox 1175 2453 1404 2493; x_wconf 90' lang='lat' dir='ltr'>Dominus</span> <span class='ocrx_word' id='word_1_310' title='bbox 1434 2452 1480 2492; x_wconf 89' lang='lat' dir='ltr'>in</span> <span class='ocrx_word' id='word_1_311' title='bbox 1511 2451 1728 2492; x_wconf 89' lang='lat' dir='ltr'>omnibus</span> <span class='ocrx_word' id='word_1_312' title='bbox 1747 2450 1880 2490; x_wconf 88' lang='lat' dir='ltr'>bene-</span> 
     </span>
     <span class='ocr_line' id='line_1_34' title="bbox 243 2526 410 2567; baseline -0.006 -1"><span class='ocrx_word' id='word_1_313' title='bbox 243 2526 410 2567; x_wconf 87' lang='lat' dir='ltr'>dictus.</span> 
     </span>
    </p>

    <p class='ocr_par' dir='ltr' id='par_1_5' title="bbox 243 2593 1888 3005">
     <span class='ocr_line' id='line_1_35' title="bbox 325 2593 1881 2649; baseline -0.003 -11"><span class='ocrx_word' id='word_1_314' title='bbox 325 2598 432 2638; x_wconf 90' lang='lat' dir='ltr'>Istis</span> <span class='ocrx_word' id='word_1_315' title='bbox 453 2609 637 2649; x_wconf 87' lang='lat' dir='ltr'>quoque</span> <span class='ocrx_word' id='word_1_316' title='bbox 661 2598 823 2638; x_wconf 89' lang='lat' dir='ltr'>diebus</span> <span class='ocrx_word' id='word_1_317' title='bbox 840 2597 936 2649; x_wconf 89' lang='lat' dir='ltr'>jam</span> <span class='ocrx_word' id='word_1_318' title='bbox 957 2597 1096 2637; x_wconf 89' lang='lat' dir='ltr'>tertio</span> <span class='ocrx_word' id='word_1_319' title='bbox 1117 2597 1343 2637; x_wconf 89' lang='lat' dir='ltr'>invitatus</span> <span class='ocrx_word' id='word_1_320' title='bbox 1365 2596 1424 2636; x_wconf 89' lang='lat' dir='ltr'>ad</span> <span class='ocrx_word' id='word_1_321' title='bbox 1450 2594 1700 2647; x_wconf 88' lang='lat' dir='ltr'>prandium</span> <span class='ocrx_word' id='word_1_322' title='bbox 1733 2593 1881 2645; x_wconf 91' lang='lat' dir='ltr'>cujus-</span> 
     </span>
     <span class='ocr_line' id='line_1_36' title="bbox 245 2665 1882 2720; baseline -0.003 -10"><span class='ocrx_word' id='word_1_323' title='bbox 245 2669 356 2709; x_wconf 90' lang='lat' dir='ltr'>dam</span> <span class='ocrx_word' id='word_1_324' title='bbox 375 2681 542 2710; x_wconf 89' lang='lat' dir='ltr'>sacrae</span> <span class='ocrx_word' id='word_1_325' title='bbox 562 2668 827 2720; x_wconf 86' lang='lat' dir='ltr'>theologiae</span> <span class='ocrx_word' id='word_1_326' title='bbox 848 2669 1076 2709; x_wconf 89' lang='lat' dir='ltr'>licentiati</span> <span class='ocrx_word' id='word_1_327' title='bbox 1097 2680 1204 2708; x_wconf 89' lang='lat' dir='ltr'>cum</span> <span class='ocrx_word' id='word_1_328' title='bbox 1225 2668 1348 2708; x_wconf 88' lang='lat' dir='ltr'>dicto</span> <span class='ocrx_word' id='word_1_329' title='bbox 1371 2667 1561 2707; x_wconf 91' lang='lat' dir='ltr'>doctore</span> <span class='ocrx_word' id='word_1_330' title='bbox 1583 2671 1627 2706; x_wconf 92' lang='lat' dir='ltr'>et</span> <span class='ocrx_word' id='word_1_331' title='bbox 1648 2665 1739 2706; x_wconf 90' lang='lat' dir='ltr'>alio</span> <span class='ocrx_word' id='word_1_332' title='bbox 1759 2665 1882 2705; x_wconf 90' lang='lat' dir='ltr'>bono</span> 
     </span>
     <span class='ocr_line' id='line_1_37' title="bbox 243 2735 1882 2791; baseline -0.003 -10"><span class='ocrx_word' id='word_1_333' title='bbox 243 2746 290 2781; x_wconf 87' lang='lat' dir='ltr'>et</span> <span class='ocrx_word' id='word_1_334' title='bbox 324 2741 464 2781; x_wconf 91' lang='lat' dir='ltr'>docto</span> <span class='ocrx_word' id='word_1_335' title='bbox 493 2740 703 2791; x_wconf 87' lang='lat' dir='ltr'>domino,</span> <span class='ocrx_word' id='word_1_336' title='bbox 727 2740 848 2781; x_wconf 87' lang='lat' dir='ltr'>inter</span> <span class='ocrx_word' id='word_1_337' title='bbox 870 2739 1209 2780; x_wconf 89' lang='lat' dir='ltr'>comedendum</span> <span class='ocrx_word' id='word_1_338' title='bbox 1234 2738 1396 2779; x_wconf 87' lang='lat' dir='ltr'>incidit</span> <span class='ocrx_word' id='word_1_339' title='bbox 1417 2737 1670 2789; x_wconf 89' lang='lat' dir='ltr'>disputatio</span> <span class='ocrx_word' id='word_1_340' title='bbox 1690 2735 1747 2776; x_wconf 89' lang='lat' dir='ltr'>de</span> <span class='ocrx_word' id='word_1_341' title='bbox 1768 2737 1882 2777; x_wconf 88' lang='lat' dir='ltr'>elee-</span> 
     </span>
     <span class='ocr_line' id='line_1_38' title="bbox 246 2806 1883 2863; baseline -0.004 -11"><span class='ocrx_word' id='word_1_342' title='bbox 246 2823 446 2863; x_wconf 87' lang='lat' dir='ltr'>mosyna</span> <span class='ocrx_word' id='word_1_343' title='bbox 467 2818 513 2852; x_wconf 86' lang='lat' dir='ltr'>et</span> <span class='ocrx_word' id='word_1_344' title='bbox 533 2812 808 2852; x_wconf 85' lang='lat' dir='ltr'>fundatione</span> <span class='ocrx_word' id='word_1_345' title='bbox 839 2811 1164 2862; x_wconf 85' lang='lat' dir='ltr'>collegiorum,</span> <span class='ocrx_word' id='word_1_346' title='bbox 1194 2822 1280 2863; x_wconf 88' lang='lat' dir='ltr'>pro</span> <span class='ocrx_word' id='word_1_347' title='bbox 1307 2808 1547 2859; x_wconf 88' lang='lat' dir='ltr'>studiosis,</span> <span class='ocrx_word' id='word_1_348' title='bbox 1570 2808 1776 2860; x_wconf 91' lang='lat' dir='ltr'>inquam.</span> <span class='ocrx_word' id='word_1_349' title='bbox 1811 2806 1883 2847; x_wconf 82' lang='lat' dir='ltr'>Ad</span> 
     </span>
     <span class='ocr_line' id='line_1_39' title="bbox 246 2875 1888 2934; baseline -0.004 -11"><span class='ocrx_word' id='word_1_350' title='bbox 246 2883 371 2934; x_wconf 87' lang='lat' dir='ltr'>quod</span> <span class='ocrx_word' id='word_1_351' title='bbox 393 2883 490 2923; x_wconf 85' lang='lat' dir='ltr'>dixi</span> <span class='ocrx_word' id='word_1_352' title='bbox 516 2882 772 2923; x_wconf 90' lang='lat' dir='ltr'>Dominum</span> <span class='ocrx_word' id='word_1_353' title='bbox 798 2883 875 2922; x_wconf 89' lang='lat' dir='ltr'>diu</span> <span class='ocrx_word' id='word_1_354' title='bbox 903 2882 1191 2933; x_wconf 90' lang='lat' dir='ltr'>multumque</span> <span class='ocrx_word' id='word_1_355' title='bbox 1218 2875 1502 2931; x_wconf 81' lang='lat' dir='ltr'>rogandum,</span> <span class='ocrx_word' id='word_1_356' title='bbox 1535 2891 1625 2931; x_wconf 88' lang='lat' dir='ltr'>quo</span> <span class='ocrx_word' id='word_1_357' title='bbox 1651 2878 1888 2930; x_wconf 90' lang='lat' dir='ltr'>possimus</span> 
     </span>
     <span class='ocr_line' id='line_1_40' title="bbox 248 2951 1885 3005; baseline -0.004 -11"><span class='ocrx_word' id='word_1_358' title='bbox 248 2954 424 2994; x_wconf 86' lang='lat' dir='ltr'>habere</span> <span class='ocrx_word' id='word_1_359' title='bbox 445 2955 737 2995; x_wconf 84' lang='lat' dir='ltr'>voluntatem</span> <span class='ocrx_word' id='word_1_360' title='bbox 759 2953 985 2994; x_wconf 88' lang='lat' dir='ltr'>fundandi</span> <span class='ocrx_word' id='word_1_361' title='bbox 1006 2952 1181 3005; x_wconf 89' lang='lat' dir='ltr'>aliquid</span> <span class='ocrx_word' id='word_1_362' title='bbox 1201 2964 1286 3003; x_wconf 93' lang='lat' dir='ltr'>pro</span> <span class='ocrx_word' id='word_1_363' title='bbox 1307 2951 1411 3001; x_wconf 74' lang='lat' dir='ltr'>illis,</span> <span class='ocrx_word' id='word_1_364' title='bbox 1436 2962 1542 2991; x_wconf 82' lang='lat' dir='ltr'>cum</span> <span class='ocrx_word' id='word_1_365' title='bbox 1556 2961 1677 2990; x_wconf 90' lang='lat' dir='ltr'>unus</span> <span class='ocrx_word' id='word_1_366' title='bbox 1693 2955 1783 2989; x_wconf 92' lang='lat' dir='ltr'>stet</span> <span class='ocrx_word' id='word_1_367' title='bbox 1798 2959 1885 3000; x_wconf 91' lang='lat' dir='ltr'>pro</span> 
     </span>
    </p>
   </div>
  </div>
 </body>
</html>
