2074 3179
877 167 956 203 Ax.
991 165 1082 203 1552-
1724 167 1794 203 015

853 617 1109 670 CXLIII

237 858 282 894 P.
305 857 504 904 Elpidius
524 856 720 903 Ugoletti

285 916 405 953 Patri
424 916 592 963 Ignatio
612 915 664 953 de
685 915 866 963 Loyola.

328 981 525 1026 Patavio,
547 991 699 1018 mense
718 980 861 1028 Aprili
885 980 975 1017 1552
995 981 1017 1015 ¹.

850 1112 1067 1153 PADUA
1094 1112 1107 1130 “²

242 1252 407 1292 Gratia
447 1252 635 1293 Domini
673 1254 821 1294 nostri
858 1253 967 1306 Jesu
1007 1254 1178 1294 Christi
1217 1255 1275 1294 sit
1314 1265 1497 1304 semper
1536 1253 1792 1293 nobiscum.

163 1324 332 1364 Amen.

244 1395 313 1434 Ex
336 1395 406 1434 his
426 1395 613 1445 litteris,
638 1395 737 1435 Rde
760 1396 805 1435 in
828 1396 1014 1436 Christo
1037 1397 1111 1448 P.,
1135 1396 1242 1448 quid
1271 1396 1485 1437 effectum
1505 1396 1563 1436 sit
1590 1396 1661 1436 his
1689 1408 1794 1448 qua-

164 1472 268 1505 tuor
299 1466 555 1516 mensibus,
587 1479 645 1506 ex
673 1478 761 1518 quo
783 1467 872 1507 huc
902 1467 1020 1507 redii
1048 1467 1083 1518 ³,
1114 1467 1249 1507 facile
1283 1478 1555 1518 cognosces.
1584 1467 1797 1519 Plerique

160 1536 285 1575 enim
320 1536 379 1576 ad
412 1548 497 1576 nos
532 1543 782 1588 venerunt,
816 1544 865 1578 ut
898 1549 1014 1589 quos
1043 1539 1286 1578 molestiae
1317 1550 1465 1589 poene
1492 1538 1538 1578 in
1567 1549 1795 1578 summam

161 1607 535 1658 desperationem
557 1607 871 1659 adduxerant,
904 1615 1064 1649 nostra
1091 1620 1233 1660 opera
1260 1615 1606 1660 recrearentur,
1632 1609 1797 1661 quibus

158 1677 346 1728 quidem
379 1685 604 1729 quantum
639 1678 954 1730 adjumentum
988 1680 1380 1731 praestiterimus,
1419 1680 1578 1720 divina
1608 1679 1796 1720 favente

161 1749 426 1800 clementia,
459 1761 552 1789 non
583 1750 831 1790 obscurum
866 1756 949 1790 est.
986 1750 1088 1790 Hoc
1123 1756 1280 1790 tamen
1315 1750 1468 1790 dicam
1502 1762 1587 1790 1105
1623 1750 1796 1791 Christi

160 1819 313 1869 gratia
336 1820 393 1859 ab
416 1821 539 1860 omni
561 1832 640 1860 eos
661 1832 875 1862 moerore
897 1821 1335 1873 desperationeque,
1360 1821 1406 1861 in
1426 1833 1566 1872 quam
1586 1822 1792 1873 prolapsi

160 1888 460 1941 videbantur,
484 1892 667 1942 penitus
687 1903 941 1932 revocasse
969 1899 1107 1943 atque
1128 1893 1298 1943 laetOS,
1323 1892 1455 1932 nobis
1477 1892 1682 1932 amicitia
1705 1899 1796 1933 stu-

158 1959 328 2012 dioque
351 1960 769 2013 conjunctissimos,
800 1963 1045 2003 dimisisse.
1362 1948 1365 1956 Ι

241 2031 314 2070 Ad
344 2031 579 2072 Kalendas
609 2039 764 2073 autem
798 2033 993 2074 Martias
1026 2034 1214 2085 quidam
1248 2034 1605 2085 Neapolitanus,
1638 2035 1791 2085 claris,

157 2108 208 2141 ut
229 2101 404 2153 ferunt,
426 2104 698 2154 parentibus
720 2110 864 2154 011115,
889 2105 966 2156 qui
987 2105 1097 2144 olim
1117 2116 1223 2145 cum
1243 2105 1444 2156 quodam
1464 2105 1608 2145 fratre
1628 2112 1789 2145 nostro

158 2172 233 2211 diu
256 2172 547 2213 familiariter
575 2175 779 2224 vixerat,
813 2175 979 2214 obvius
1006 2175 1113 2215 huic
1140 2175 1186 2215 in
1212 2175 1313 2215 foro
1340 2175 1511 2225 sactus,
1536 2175 1672 2227 hujus
1694 2188 1792 2228 per-

160 2243 375 2283 suasione
405 2245 463 2284 ad
490 2256 576 2284 nos
603 2245 878 2296 perductus,
915 2247 1137 2298 postridie
1172 2246 1414 2286 consessus
1445 2253 1534 2296 est;
1572 2247 1648 2298 qui
1684 2254 1791 2287 ante

159 2324 242 2363 per
259 2314 623 2366 quinquennium
640 2316 729 2356 hac
748 2322 843 2356 tam
861 2317 1035 2356 salubri
1048 2317 1231 2357 animae
1249 2329 1359 2357 suae
1378 2318 1607 2357 medicina
1624 2319 1788 2358 caruit.

160 2383 202 2422 Is
223 2389 320 2424 tum
342 2397 367 2424 a
389 2385 523 2426 nobis
544 2392 705 2437 postea
726 2387 789 2426 ita
812 2387 927 2427 bene
949 2387 1145 2427 affectus
1167 2388 1401 2438 discessit,
1432 2395 1481 2428 ut
1502 2400 1551 2428 se
1573 2389 1619 2428 in
1639 2395 1789 2440 poste-

160 2466 262 2494 rum
289 2456 347 2495 ad
377 2457 601 2507 pristinae
629 2458 754 2497 vitae
782 2469 935 2498 mores
965 2459 1227 2499 nullatenus
1256 2459 1406 2499 redire
1433 2460 1671 2509 statuerit,
1696 2460 1790 2511 qui-

159 2537 268 2576 que,
292 2527 381 2566 nisi
411 2527 687 2579 quibusdam
717 2529 1151 2580 impedimentorum
1181 2530 1377 2570 nexibus
1403 2530 1708 2581 detineretur,
1742 2543 1790 2570 50

160 2595 294 2648 hujus
314 2596 561 2638 Societatis
577 2598 689 2650 jugo
711 2599 927 2640 addicere
948 2601 1066 2640 velle
1087 2612 1279 2651 prorsus
1308 2600 1572 2640 affirmaret.

216 2735 223 2754 Ι
267 2733 513 2768 Apographum
528 2734 561 2760 in
576 2733 654 2761 folio
669 2734 704 2761 53
717 2735 769 2761 v.⁰
785 2734 917 2762 Codicis
934 2735 1011 2761 1551.
1027 2735 1094 2761 Nec
1110 2735 1197 2761 diem
1212 2742 1271 2761 nec
1288 2743 1408 2762 annum
1431 2735 1533 2762 habet
1548 2734 1667 2769 quibus
1682 2735 1783 2763 datae

158 2782 298 2809 litterae
316 2785 403 2814 sunt;
420 2781 477 2807 sed
493 2788 533 2807 cx
550 2784 708 2808 contextu
723 2780 823 2809 facile
839 2785 935 2816 patet
950 2785 1008 2809 aut
1026 2785 1170 2808 exeunte
1187 2781 1297 2817 Aprili
1314 2786 1372 2810 aut
1385 2781 1471 2817 Majo
1483 2782 1618 2809 ineunte
1630 2783 1707 2809 anni
1721 2783 1789 2810 1552

160 2829 307 2862 scripta<
324 2827 437 2854 fuisse.

214 2875 227 2893 ‘-’
266 2875 402 2901 Polanci
420 2882 547 2902 manus.

213 2922 226 2941 ³
265 2922 433 2949 Absuerat
459 2922 604 2949 Patavio
629 2927 699 2949 tres
724 2923 792 2949 fere
817 2931 948 2950 menses
976 2924 1008 2951 P.
1038 2925 1207 2959 Elpidius,
1233 2925 1309 2951 dum
1341 2924 1536 2952 Florentino
1562 2924 1711 2959 Collegit)
1741 2927 1787 2953 in-

162 2969 315 2996 choando
330 2977 469 3003 operam
488 2969 601 3002 dabat;
619 2969 674 2996 sed
688 2970 786 3004 hujus
803 2971 880 2998 anni
895 2971 990 2998 initio
1004 2972 1075 3006 jam
1087 2973 1247 2999 redierat.
