2074 3179
284 141 360 178 548
804 139 837 176 L
846 150 1030 176 [TTERAE
1057 150 1414 182 QUADmMESTREs

993 592 1239 647 CXXIX

290 848 291 851 η
356 821 406 858 Ρ.
426 820 654 860 Adrianus
673 822 1001 860 Adriaenssens

403 885 525 923 Patri
544 886 714 935 Ignatio
735 887 789 924 de
805 887 990 935 Loyola.

453 950 677 1000 Lovanio,
703 953 718 989 1
740 953 888 990 Martii
909 952 1000 990 1552
1019 953 1044 988 ¹.

1068 1128 1166 1203 Ιῇὃ

305 1292 309 1355 ⁴.
370 1308 537 1348 Gratia
559 1313 602 1347 et
623 1318 717 1359 pax
737 1305 811 1346 X.i
839 1317 946 1346 cum
968 1306 1185 1346 omnibus
1204 1305 1352 1346 nobis.
1377 1305 1544 1346 Amen.

303 1435 305 1438 y
361 1379 637 1419 Reverende
659 1390 715 1418 ac
736 1377 1059 1418 amantissime
1080 1377 1127 1417 in
1147 1377 1232 1418 X.0
1251 1376 1413 1418 Pater:

298 1505 301 1508 ⁴
364 1450 613 1492 Confrater
640 1456 798 1491 noster
826 1449 884 1490 D.
916 1449 1206 1490 Licentiatus
1234 1448 1248 1467 ⁹·
1276 1448 1414 1489 valde
1441 1449 1637 1500 gavisus
1665 1455 1733 1489 est
1764 1449 1927 1490 intelli·

280 1534 401 1574 gens
423 1535 482 1563 ex
502 1523 671 1563 litteris
690 1522 745 1562 R.
768 1522 828 1563 V.
852 1534 901 1562 se
930 1520 1130 1561 Romam
1157 1526 1379 1562 vocatum
1408 1521 1535 1561 circa
1562 1520 1850 1572 Augustum,
1881 1528 1926 1561 et

278 1595 476 1635 multum
496 1594 682 1634 videtur
704 1593 818 1633 mihi
838 1593 885 1632 in
905 1591 1109 1632 Domino
1140 1598 1186 1632 et
1213 1592 1380 1644 spiritu
1407 1590 1655 1633 Societatis
1680 1592 1925 1644 proficere,

277 1669 338 1724 sit
358 1668 589 1709 Dominus
610 1668 898 1708 benedictus.

359 1740 587 1791 Magister
617 1740 692 1779 ille
721 1738 734 1757 ⁵
764 1738 949 1790 collegii
974 1738 1286 1778 Lovaniensis
1311 1737 1641 1788 Falconensis,
1676 1738 1924 1778 occasione

279 1810 412 1863 cujus
434 1823 581 1863 nuper
605 1810 771 1862 scripsi
792 1810 962 1850 fratres
984 1815 1171 1849 nostros
1192 1821 1250 1849 ex
1272 1809 1436 1850 eodem
1457 1809 1656 1860 collegio
1687 1810 1923 1861 expulsos,

273 1882 371 1934 jam
392 1884 527 1935 plene
550 1894 599 1922 se
621 1881 952 1922 determinavit
973 1880 1033 1921 ad
1054 1880 1339 1922 Societatem
1365 1886 1589 1921 nostram.
1612 1879 1665 1921 In
1686 1880 1924 1921 exercitiis

278 1955 416 1995 valde
439 1954 524 1995 fuit
546 1954 747 2005 diligens
769 1959 813 1993 et
836 1952 1049 2005 profecit3
1064 1951 1162 2004 jam
1181 1953 1280 2004 agit
1301 1953 1545 1994 nobiscum
1567 1958 1611 1993 et
1633 1965 1741 1993 ecce
1763 1952 1924 1992 scribit

278 2025 339 2065 ad
358 2025 407 2065 P.
431 2025 491 2066 V.

359 2096 554 2136 Fratres
574 2107 690 2135 vero
712 2095 894 2146 expulsi
915 2094 1052 2134 valde
1070 2093 1325 2134 honorifice
1346 2095 1532 2146 excepti
1553 2099 1661 2134 sunt
1677 2105 1704 2133 a
1721 2094 1924 2145 quodam

277 2168 471 2219 antiquo
492 2167 684 2207 doctore
706 2172 751 2206 et
767 2165 978 2216 Regente
997 2164 1194 2217 Collegii
1214 2165 1444 2217 Liliensis,
1467 2165 1526 2205 ad
1548 2176 1686 2217 quem
1707 2176 1814 2205 cum
1834 2164 1923 2204 hac

279 2240 336 2280 de
354 2250 500 2279 causa
517 2237 634 2278 duos
650 2238 783 2278 nobis
801 2236 1111 2278 amicissimos
1128 2237 1433 2287 misissemus,
1452 2237 1550 2289 ipse
1567 2236 1720 2277 dictus
1736 2235 1933 2287 Regens

278 2312 400 2351 ultro
436 2310 641 2362 incoepit
675 2309 807 2349 miris
840 2308 993 2348 modis
1026 2320 1112 2348 nos
1146 2306 1522 2360 Societatemque
1555 2313 1766 2348 nostram
1801 2318 1923 2348 com-

277 2382 516 2423 mendare.
542 2380 683 2432 Quid,
709 2380 878 2431 inquit,
902 2379 1076 2419 illudne
1098 2384 1167 2419 est
1184 2378 1382 2430 juvenes
1403 2379 1625 2419 seducere
1647 2390 1752 2419 cum
1774 2379 1833 2418 ad
1854 2389 1922 2418 re-

276 2453 499 2505 ligionem
529 2451 788 2492 ducuntur?
812 2450 1130 2502 Proptereane
1157 2450 1267 2490 boni
1288 2450 1353 2490 illi
1379 2449 1553 2491 domini
1582 2456 1713 2490 tanta
1743 2449 1922 2501 patiun-

275 2526 377 2566 tur?
397 2524 522 2576 Ego,
547 2523 715 2574 inquit,
739 2522 840 2562 istis
862 2522 1024 2562 diebus
1046 2521 1170 2573 apud
1195 2532 1396 2573 magnos
1426 2521 1653 2574 quosdam
1679 2521 1817 2561 valde
1848 2521 1921 2561 de-

275 2597 405 2638 fendi
424 2607 504 2636 eos
521 2601 565 2635 et
583 2594 826 2646 increpavi
843 2594 958 2634 dure
974 2605 1137 2634 eorum
1153 2593 1470 2634 adversarios.
1490 2592 1711 2644 Veniant,
1730 2593 1922 2633 veniant

332 2783 342 2801 ¹
384 2781 636 2816 Autographae
653 2779 790 2807 litterae
808 2778 841 2805 in
856 2778 936 2805 solio
953 2778 1089 2812 duplici,
1105 2785 1159 2805 nn.
1176 2778 1224 2805 1111
1241 2782 1274 2805 et
1292 2777 1351 2805 142.

333 2831 347 2848 ²
383 2829 600 2856 Licentiatus
616 2827 795 2860 Quintinus
808 2825 982 2852 Charlart.

331 2878 344 2897 ³
382 2877 506 2903 Petrus
522 2875 671 2912 Sylvius,
688 2878 725 2901 ut
739 2873 828 2901 infra
842 2875 940 2907 patet
955 2872 987 2899 in
1004 2871 1057 2900 his
1072 2872 1153 2907 ipsis
1168 2873 1305 2901 litteris.
1322 2873 1372 2900 Dc
1388 2881 1427 2901 eo
1441 2873 1490 2901 ita
1506 2873 1686 2908 Delplace:
1702 2872 1835 2899 “pierre
1854 2879 1924 2898 van>

276 2924 342 2951 den
358 2924 507 2951 Bossche
523 2922 688 2956 (Silvius),
713 2923 753 2948 ne
779 2921 798 2947 a
822 2918 1031 2947 Houthen-S.
1049 2919 1171 2947 Lievin
1192 2928 1272 2948 vers
1294 2921 1371 2954 1535,
1387 2921 1495 2949 admis
1520 2923 1540 2948 a
1563 2920 1712 2955 Cologne
1737 2920 1814 2951 1552,
1833 2923 1924 2947 mort

281 2973 302 2999 a
317 2971 479 3007 Mayencc
495 2971 525 2997 le
543 2970 575 2997 10
591 2969 706 3003 juillet
724 2968 820 3001 1571„,
836 2968 856 2994 Ι.
873 2974 901 2995 c.
