2074 3179
878 148 961 185 AN.
993 149 1083 186 1552
1728 151 1801 186 073

169 246 241 286 die
263 247 531 287 concionari
553 259 644 287 non
667 248 811 299 potui.
836 246 1027 287 Plurimi
1047 252 1264 298 parentes
1285 257 1394 286 suos
1410 246 1523 286 mihi
1541 247 1797 288 offerebant

170 317 306 368 filios,
332 323 379 357 ut
399 329 581 358 mecum
601 330 681 358 eos
702 317 941 368 ducerem3
965 317 1046 358 sed
1067 317 1174 368 quia
1207 317 1349 368 aliqui
1377 328 1549 356 annum
1574 317 1695 357 llum
1718 324 1797 358 aut

173 389 295 428 15.ῑ1Ῐ11
316 394 495 428 tantum
515 389 737 439 agebant,
763 399 841 429 eos
864 388 987 440 apud
1013 394 1231 440 parentes
1258 388 1409 428 adhuc
1437 389 1483 428 in
1511 388 1676 429 studiis
1696 390 1797 429 reli-

169 460 262 511 qui.
286 458 375 499 Sed
402 459 548 499 tribus
573 459 942 500 adolescentibus
963 459 1085 499 bona
1115 464 1312 499 naturae
1332 459 1567 510 praesidia
1589 460 1795 499 habenti-

168 531 274 580 bus,
313 530 418 570 dedi
448 530 683 570 licentiam
717 530 776 570 ad
810 542 895 570 nos
928 530 1145 570 veniendi
1180 530 1306 570 circa
1339 529 1555 570 Natalem
1589 530 1795 575 Domini,

167 601 276 652 quia
298 601 432 641 aliter
452 601 551 641 fieri
573 601 813 641 commode
834 613 926 641 non
942 606 1139 652 poterat.
1159 600 1303 640 Multa
1320 601 1460 641 etiam
1475 612 1581 641 cum
1602 600 1799 641 Pastore

168 671 304 724 hujus
325 672 436 724 pagi
457 672 551 723 egi,
575 672 652 724 qui
673 672 854 724 publice
876 683 981 712 cum
1002 683 1086 712 sua
1103 671 1363 711 concubina
1381 672 1613 712 manebat.
1636 672 1799 712 Liben-

173 748 243 782 ter
264 755 350 783 nos
371 743 570 794 audivit,
594 743 899 795 promisitque
920 742 1295 782 emendationem
1315 742 1362 782 in
1383 743 1612 782 omnibus.

249 814 359 854 Post
381 814 501 854 diem
524 825 635 853 vero
657 825 799 854 unum
826 820 905 854 aut
936 814 1156 863 alterum,
1188 825 1293 853 cum
1320 825 1423 853 mea
1444 814 1635 864 negotia
1663 826 1797 865 expe—

168 885 411 935 divissem‚
449 884 506 924 ad
542 885 782 925 civitatem
817 885 1087 936 quamdam,
1131 884 1249 924 Tielt
1285 882 1295 902 ¹
1331 885 1524 935 dictam,
1562 885 1800 936 profectus

167 967 289 1006 sum,
313 956 390 995 ubi
417 955 681 995 humaniter
712 967 737 995 a
765 955 967 1006 quodam
994 955 1198 1007 primatu
1231 955 1435 995 civitatis
1463 961 1686 1007 acceptus
1714 956 1797 996 fui:

164 1026 241 1077 qui
262 1026 404 1066 filium
425 1032 530 1078 post
551 1038 693 1066 unum
715 1038 887 1066 annum
910 1025 1172 1066 destinabat
1192 1026 1398 1075 mittere,
1423 1032 1466 1066 et
1487 1026 1576 1066 nisi
1592 1026 1801 1067 defectus

164 1108 394 1137 annorum
416 1097 691 1147 obstitisset,
712 1096 807 1148 jam
829 1108 1012 1136 mecum
1039 1096 1277 1148 profectus
1304 1097 1482 1137 fuisset.
1507 1097 1557 1137 In
1578 1098 1667 1137 hac
1689 1098 1799 1138 civi-

163 1173 257 1208 tate
279 1168 409 1208 multi
437 1168 767 1208 desiderabant
796 1168 976 1219 aliquos
1005 1168 1060 1208 de
1087 1166 1320 1208 Societate
1348 1168 1473 1221 Jesu.

242 1239 405 1279 Altera
426 1238 498 1278 die
518 1239 719 1289 negotiis
741 1238 989 1290 expeditis,
1014 1238 1249 1290 profectus
1276 1238 1640 1289 Noviomagum,
1665 1240 1742 1279 ubi
1770 1252 1796 1279 a

162 1310 364 1361 quodam
384 1310 613 1350 canonico
634 1310 771 1350 valde
803 1311 951 1350 amice
983 1316 1202 1361 acceptus
1233 1322 1355 1360 sum,
1388 1310 1464 1361 qui
1500 1310 1560 1350 ad
1590 1309 1794 1351 Societa—

163 1388 256 1421 tem
291 1386 360 1421 est
389 1381 526 1420 valde
562 1379 771 1420 affectus.
811 1380 929 1421 Cum
958 1381 1033 1420 hic
1069 1392 1239 1431 essem,
1278 1381 1415 1421 amici
1448 1381 1502 1421 R.
1537 1380 1584 1421 P.
1621 1381 1798 1422 Canisii

164 1452 359 1492 multum
381 1451 602 1502 orabant,
626 1456 675 1491 ut
697 1452 838 1491 semel
859 1451 917 1491 ad
939 1463 1019 1492 eos
1040 1452 1272 1492 venirem:
1302 1452 1383 1492 sed
1410 1452 1518 1503 quia
1539 1452 1703 1492 eodem
1723 1452 1797 1493 die

164 1523 276 1562 mihi
303 1522 689 1574 proficiscendum
723 1529 822 1562 erat
853 1522 1044 1573 navigio
1080 1522 1344 1573 Coloniam,
1373 1534 1468 1562 non
1498 1522 1577 1563 diu
1604 1524 1799 1564 haerere

163 1593 307 1644 potui.
330 1593 445 1634 Cum
463 1592 561 1645 jam
582 1592 640 1632 ad
661 1604 742 1632 eos
767 1593 1023 1643 venissem,
1054 1593 1211 1633 inveni
1238 1593 1431 1633 fratrem
1452 1593 1506 1633 R.
1530 1594 1579 1633 P.
1604 1594 1794 1643 Canisii,

166 1664 243 1716 qui
263 1671 452 1715 propter
472 1663 810 1713 infirmitatem,
834 1663 1010 1703 relictis
1039 1662 1097 1703 ad
1123 1669 1306 1715 tempus
1336 1664 1519 1715 studiis,
1545 1676 1599 1704 eo
1621 1677 1670 1705 se
1693 1677 1798 1705 con-

164 1736 356 1785 tulerat;
389 1735 470 1776 sed
495 1734 591 1786 jam
616 1735 734 1774 bene
763 1734 978 1774 habebat.
1008 1734 1159 1774 Valde
1189 1734 1248 1774 ad
1277 1733 1562 1792 Societatem
1588 1735 1699 1788 Jesu
1728 1744 1799 1777 est

165 1806 373 1846 affectus.
398 1806 652 1858 Postquam
672 1806 794 1846 bona
816 1806 973 1857 aliqua
992 1806 1112 1846 inter
1137 1818 1224 1846 nos
1251 1807 1630 1858 contulissemus,
1657 1820 1796 1859 quan-

164 1884 261 1918 tum
282 1883 463 1928 tempus
484 1877 768 1928 patiebatur,
793 1877 981 1917 tandem
1002 1878 1106 1917 vale
1134 1877 1231 1917 dixi
1258 1878 1299 1917 ei
1329 1878 1375 1917 in
1405 1880 1562 1918 osculo
1592 1879 1724 1930 pacis
1753 1886 1796 1919 et

164 1947 427 1999 charitatiS,
452 1954 495 1988 et
515 1948 625 2001 Jesu
646 1948 988 1988 commendavi.
1023 1948 1126 1999 Ipse
1146 1960 1261 1988 vero
1289 1960 1394 1988 cum
1417 1950 1668 1997 canonico,
1693 1961 1798 1990 meo

165 2020 367 2071 hospite,
392 2020 438 2058 in
459 2030 613 2069 genua
634 2020 929 2070 provolutuS‚
953 2019 1326 2059 benedictionem
1342 2020 1526 2070 petivit,
1552 2021 1709 2061 tunica
1726 2033 1799 2060 me

165 2099 327 2131 tenens
355 2101 412 2130 ne
441 2089 714 2134 evaderem.
746 2089 801 2129 ob
837 2101 976 2140 quam
998 2101 1158 2129 eorum
1192 2089 1502 2131 humilitatem
1527 2093 1723 2148 multum
1752 2093 1799 2132 in

165 2174 238 2202 me
274 2160 496 2202 confusus
535 2160 619 2200 fui:
668 2160 857 2200 tandem
901 2165 1078 2200 certam
1117 2160 1230 2211 ipsis
1269 2161 1641 2202 benedictionem
1686 2163 1797 2204 dare

166 2233 318 2273 debui.

245 2303 447 2354 Deinde,
476 2302 589 2342 navi
626 2301 869 2342 Coloniam
896 2301 1221 2353 proficiscens,
1254 2303 1607 2344 exhortationes
1639 2304 1795 2353 habui,

165 2375 330 2426 quibus
351 2380 476 2414 certe
498 2372 711 2413 effectum
733 2379 801 2412 est
828 2378 876 2412 ut
906 2374 1050 2413 multa
1077 2373 1348 2413 audirentur
1377 2375 1601 2426 suspiria,
1627 2376 1800 2415 multae

164 2445 468 2485 funderentur
487 2444 726 2495 lacrymae
749 2454 853 2483 cum
874 2444 1081 2484 melioris
1107 2444 1233 2484 vitae
1254 2445 1512 2497 proposito.
1544 2446 1800 2486 Lutherani

165 2521 437 2566 praesentes
459 2526 485 2554 a
509 2513 604 2553 suis
626 2514 872 2555 calumniis
903 2513 1202 2554 desistebant.
1237 2514 1435 2565 Quidam
1462 2517 1604 2556 etiam
1625 2517 1796 2557 studio-

164 2598 242 2626 sus
277 2585 577 2638 promittebat
612 2595 661 2625 se
695 2584 983 2636 frequentius
1018 2584 1077 2625 ad
1112 2597 1198 2625 nos
1234 2591 1503 2637 venturum,
1546 2586 1795 2628 confitendi

163 2657 332 2707 gratia.

244 2727 483 2768 Habemus
504 2737 679 2766 novum
700 2737 883 2777 cocum,
908 2726 960 2766 24
980 2738 1230 2777 annorum,
1256 2728 1331 2779 qui
1359 2739 1408 2768 se
1436 2729 1481 2768 in
1514 2730 1730 2770 omnibus
1752 2736 1796 2770 et

164 2799 223 2839 ad
247 2798 402 2838 omnia
425 2796 601 2838 Christi
620 2796 730 2849 Jesu
752 2808 912 2837 amore
934 2797 1175 2848 resignare
1197 2798 1364 2838 studet.

220 2958 228 2978 ¹
273 2957 359 2984 Vide
376 2965 490 2992 supra,
506 2966 584 2993 pag.
599 2958 667 2993 403,
684 2962 752 2986 not.
770 2959 795 2986 1.

401 3016 450 3053 Ἰ“.
481 3029 507 3055 ].
1512 3031 1559 3065 43
