2074 3179
850 162 890 198 A
897 173 932 198 x.
963 160 1054 197 1552
1691 156 1762 194 593

212 258 281 297 En
303 256 501 307 Gaudia,
520 264 732 307 postrero
750 258 806 298 (16
824 257 959 297 Abril
978 256 1033 296 de
1059 254 1173 294 1552.

215 328 305 368 Por
327 327 555 368 comision
577 328 632 368 de
654 333 844 368 nuestro
867 327 916 367 Ρ.
946 326 1173 376 Bautista,

220 399 291 439 De
312 398 370 439 V.
394 398 444 438 P.
468 398 662 448 indigno
684 397 777 449 hijo
799 412 828 450 y
846 399 1013 447 sicrvo,

1386 606 1417 627 ,1.

1258 661 1491 734 NAVpLRRO
1522 659 1553 710 †

1397 735 1404 765 1

219 929 570 980 Superscrz'ptz'o
600 930 649 969 in
677 934 851 981 quarta
875 929 1088 980 pagina:
1115 928 1177 969 Al
1203 928 1316 979 Muy
1341 927 1442 968 R.d0
1469 939 1527 967 en
1551 927 1690 968 Chro.
1714 926 1764 966 Ρ.

139 1000 180 1040 61
197 999 246 1039 P.
272 998 477 1039 Mae-stro
499 999 691 1050 Ignacio
714 1000 769 1040 de
786 999 982 1052 Loyola,
1006 999 1246 1051 Preposito
1277 998 1479 1039 General
1497 999 1553 1039 de
1574 999 1618 1038 la
1637 997 1767 1038 Com-

139 1072 278 1122 pafiia
300 1069 356 1109 de
376 1069 526 1122 Jesus,
551 1077 655 1122 etc.‚
680 1083 737 1111 en
753 1071 915 1111 Roma.

221 1139 332 1180 Alia
354 1152 517 1181 manu:
548 1141 661 1181 1552.
686 1142 917 1182 Navarro.

566 1492 847 1519 Praecedentium
861 1492 1055 1519 litterarum
1075 1491 1184 1519 latina
1200 1491 1314 1519 versio
1332 1491 1352 1518 ¹.

225 1917 491 1958 Admodum
513 1918 559 1958 in
581 1917 766 1958 Christo
786 1917 886 1959 R.de
907 1918 1063 1959 Pater.

225 1988 391 2030 Gratia
412 1994 457 2028 et
476 2000 571 2040 pax
591 1988 781 2028 Domini
802 1989 962 2029 Nostri
980 1989 1092 2042 Jesu
1114 1988 1290 2029 Christi
1311 1989 1368 2029 sit
1395 2000 1578 2040 semper
1604 1989 1651 2029 in
1679 1989 1773 2029 ani-

146 2060 233 2100 mis
253 2059 440 2099 nostris.
459 2058 625 2098 Amen.

225 2130 402 2170 Partim
421 2129 530 2180 quia
550 2128 599 2169 Ρ.
622 2128 679 2168 Ν.
701 2141 795 2169 non
821 2135 948 2170 recte
974 2130 1154 2181 valeat,
1187 2131 1359 2182 partim
1387 2136 1579 2182 propter
1606 2132 1777 2171 multas

146 2201 244 2254 ejus
267 2200 623 2252 occupationeS‚
643 2199 801 2251 Jussus
822 2212 925 2240 sum
946 2200 1003 2240 ab
1025 2212 1079 2241 eo
1101 2200 1160 2241 ad
1180 2207 1226 2241 te
1246 2201 1411 2242 litteris
1433 2201 1657 2241 mandare
1681 2202 1773 2252 illa,

147 2273 203 2313 de
224 2272 390 2324 quibus
411 2271 584 2311 certior
603 2270 702 2310 fieri
724 2270 931 2321 deberes,
957 2283 1075 2323 quae
1095 2272 1315 2312 nimirum
1335 2272 1425 2312 hoc
1447 2273 1779 2324 quadrimestri

147 2343 378 2383 Dominus
400 2342 523 2393 apud
543 2353 629 2381 nos
652 2343 837 2393 operari
858 2341 1079 2394 dignatus
1100 2348 1169 2383 est
1189 2355 1272 2395 per
1287 2343 1487 2384 famulos
1509 2355 1634 2384 suos.

227 2414 459 2464 Egressus
480 2419 548 2452 est
569 2412 618 2452 P.
642 2418 803 2452 noster
823 2413 1034 2465 Baptista
1055 2414 1280 2464 natalitiis
1301 2415 1481 2465 diebus,
1505 2421 1554 2455 ut
1574 2415 1780 2466 peregri-

148 2491 339 2525 naretur
373 2489 417 2523 et
451 2483 675 2523 inviseret
708 2483 938 2534 quaedam
968 2485 1139 2536 oppida
1165 2491 1210 2525 et
1234 2486 1362 2536 loca,
1393 2497 1512 2537 quae
1534 2485 1668 2537 juxta
1694 2497 1782 2525 nos

149 2556 238 2596 sita
254 2561 375 2605 sunt3
396 2553 616 2606 quoniam
637 2559 794 2594 tamen
809 2555 997 2606 scripsit
1013 2553 1111 2606 jam
1127 2554 1266 2596 Pater
1288 2556 1347 2596 ad
1367 2562 1412 2596 te
1429 2556 1484 2596 (16
1502 2556 1574 2596 his
1591 2556 1782 2607 copiose

203 2700 212 2720 ¹
253 2699 366 2726 Tei-na
388 2699 553 2726 habemus
578 2699 677 2734 hujus
699 2701 828 2728 latinae
854 2701 1021 2728 versionis
1045 2703 1266 2737 exemplaria.
1292 2703 1442 2731 Primum
1466 2704 1724 2738 autographum
1749 2704 1783 2731 in

150 2747 206 2774 fol.
222 2754 253 2773 n.
268 2746 329 2779 202,
346 2746 379 2773 in
399 2753 462 2780 quo
485 2750 596 2773 tamen
617 2748 725 2774 solum
746 2749 851 2775 verba
873 2748 932 2776 illa
955 2752 1144 2782 postrema:
1161 2752 1409 2778 commissione
1426 2752 1545 2785 patris
1562 2752 1629 2778 nri.
1652 2751 1777 2786 Bapti-

149 2795 238 2825 stae,
252 2795 335 2820 tuus
350 2793 748 2829 indignissimusfilius,
771 2794 948 2828 Navarro,
972 2800 1049 2823 sunt
1073 2804 1173 2823 manu
1198 2797 1303 2832 ipsius
1326 2797 1496 2826 Navarro.
1517 2799 1554 2826 In
1579 2807 1618 2826 eo
1642 2804 1691 2826 tot
1706 2804 1785 2827 sunt

150 2841 319 2868 vocabula
334 2839 432 2868 lineis
447 2846 506 2868 aut
522 2841 647 2868 circum
663 2842 781 2869 clausa
796 2847 855 2870 aut
870 2847 991 2876 operta
1012 2847 1044 2870 et
1065 2843 1171 2871 etiam
1191 2848 1387 2872 atramento
1409 2853 1547 2874 corrosa
1560 2868 1566 2880 ,
1581 2851 1618 2874 ut
1633 2847 1785 2881 impossi-

150 2888 216 2916 bile
241 2888 310 2915 fere
337 2887 381 2914 sit
404 2888 552 2921 litteras,
577 2893 676 2922 prout
699 2889 808 2923 primo
833 2890 982 2923 scriptae
1006 2889 1120 2924 suere,
1145 2892 1387 2919 transcribere.
1412 2893 1491 2920 Ideo
1516 2902 1575 2921 nos
1602 2895 1783 2922 seeundum

154 2935 370 2962 emendatum
385 2936 571 2970 exemplar,
587 2943 607 2963 a
621 2935 649 2969 J.
666 2935 726 2964 Ph.
742 2936 825 2964 Vito
841 2937 1041 2971 consectum,
1059 2937 1092 2964 in
1108 2938 1164 2965 fol.
1179 2938 1241 2973 203,
1258 2939 1311 2966 hic
1324 2941 1602 2969 transcribemus.
1618 2941 1770 2969 Tertium
1781 2963 1787 2973 .

152 2983 228 3010 huic
245 2983 277 3009 in
293 2981 445 3009 omnibus
461 2983 580 3017 simile,
600 2987 651 3010 est
666 2982 699 3010 in
715 2984 769 3011 sol.
782 2984 817 3011 54
833 2984 913 3011 Cod.
930 2983 1010 3010 1551.

341 3029 375 3038 ⁷,-

356 3045 389 3063 ι.
422 3042 444 3064 ι.
1547 3036 1591 3081 38
