2074 3179
883 170 964 205 Ax.
998 167 1088 205 1552
1727 166 1793 201 (111

170 268 357 308 Patrem
378 267 682 306 Franciscum
705 266 764 305 ad
785 264 1004 316 suosjam
1028 263 1297 304 redeuntem
1315 262 1549 309 coniitari3
1576 273 1664 312 quo
1687 273 1792 300 con-

170 344 379 390 sequuto,
405 337 451 376 in
471 337 702 376 internam
731 342 940 376 nostram
962 333 1216 374 amicitiam
1238 344 1286 372 se
1314 332 1583 381 insinuavit,
1609 332 1723 371 dixit
1746 344 1794 371 sc

172 409 411 449 Granatae
446 407 674 459 quasdam
708 406 982 457 magnificas
1018 405 1190 444 habere
1227 403 1380 453 aedes,
1423 414 1540 454 quas
1575 401 1795 442 Societati

170 487 356 520 nostrae
379 478 646 518 adscribere
668 485 711 517 et
734 477 936 517 tribuere
964 474 1274 515 desiderabat.
1300 474 1432 514 Unde
1460 473 1634 513 factum
1656 478 1726 512 cst
1749 481 1796 512 ut

171 549 322 590 medio
345 550 390 588 in
411 549 576 588 itinere
599 549 749 599 magis
770 559 825 587 ac
847 547 997 597 magis
1015 546 1249 594 incitatus,
1269 544 1427 584 habita
1446 544 1652 583 omnium
1668 543 1797 595 prius

172 621 396 670 oratione,
422 619 536 659 dixit
568 619 613 659 id
635 619 835 658 maxime
857 618 975 658 velle
996 617 1184 656 Patrem
1209 616 1516 655 Franciscum
1545 626 1799 665 numquam

171 691 386 732 deserere
421 702 505 730 nec
541 689 875 730 Salmanticam
910 688 1079 737 redire3
1110 699 1199 738 quo
1236 686 1409 736 audito,
1451 686 1620 725 scitum
1655 692 1793 736 atquc

171 763 431 802 consultum
451 761 578 801 Patri
601 761 856 800 Francisco
879 765 922 798 et
944 758 1072 798 Patri
1093 757 1287 797 Doctori
1308 757 1461 796 visum
1489 762 1559 796 est
1579 763 1628 795 ut
1661 756 1800 796 Pater

171 834 268 885 ipse
299 832 579 872 Franciscus
606 832 729 870 hunc
760 842 918 870 secum
949 830 1153 878 duceret,
1183 835 1226 868 et
1255 828 1301 868 in
1337 827 1520 868 Onnate
1558 827 1800 867 doctrinae

171 903 589 953 familiaritatisque
610 908 797 942 nostrae
820 901 1077 952 periculum
1098 899 1288 946 faceret,
1308 899 1445 939 simul
1469 905 1607 949 atque
1626 898 1800 937 nostris

172 974 583 1015 exercitationibus
603 973 735 1013 daret
756 984 961 1024 operam,
985 984 1076 1023 quo
1100 971 1390 1011 commodius
1412 981 1525 1009 suae
1547 969 1731 1009 animae
1756 976 1799 1008 et

172 1046 431 1085 consuleret
461 1051 503 1084 et
525 1044 806 1091 subveniret,
831 1050 889 1092 et,
919 1043 1134 1082 Patribus
1165 1042 1338 1082 nostris
1368 1042 1545 1081 interea
1576 1052 1675 1080 rem
1702 1039 1800 1091 ejus

174 1116 450 1156 familiarem
470 1122 514 1155 et
535 1115 726 1165 negotia
748 1114 1114 1165 expedientibus,
1137 1113 1182 1152 id
1211 1114 1570 1164 amplecteretur
1598 1118 1642 1151 et
1662 1111 1797 1162 elige-

175 1194 260 1227 ret.
282 1187 481 1227 Demum
497 1198 589 1225 non
606 1186 739 1225 aliter
756 1197 830 1225 res
846 1185 928 1224 fuit
946 1185 1186 1236 disposita,
1206 1196 1345 1235 quam
1363 1184 1459 1234 ipsc
1475 1195 1624 1234 aequo
1644 1183 1798 1222 animo

176 1258 417 1310 amplexus
439 1264 523 1297 est.
1144 1244 1147 1248 ยน

254 1328 391 1368 Pater
418 1339 530 1367 vero
560 1327 740 1367 Doctor
771 1339 915 1378 usque
950 1327 1271 1378 Methymnam
1301 1325 1430 1366 Patri
1464 1326 1718 1366 Francisco
1751 1338 1800 1365 se

175 1400 391 1440 comitem
411 1398 632 1448 exhibuit,
667 1410 772 1437 cum
792 1404 840 1438 ut
862 1397 959 1448 ejus
981 1398 1195 1448 angelica
1225 1397 1558 1447 familiaritate,
1591 1409 1680 1448 quo
1703 1397 1800 1437 fieri

175 1471 339 1522 possit,
362 1469 608 1517 frueretur,
628 1476 725 1508 tum
746 1469 887 1508 etiam
909 1476 957 1508 ut
980 1469 1075 1508 suis
1092 1467 1189 1519 jam
1211 1469 1532 1519 acquiesceret
1548 1468 1797 1513 mandatis,

176 1555 224 1582 se
243 1541 393 1592 magis
415 1553 469 1580 ac
499 1540 651 1590 magis
671 1540 858 1580 vinculo
881 1540 1185 1591 professionis
1215 1539 1530 1590 adstringens,
1561 1546 1605 1579 et
1636 1551 1692 1578 ne
1722 1544 1799 1579 tua

172 1612 301 1664 jussa
327 1613 429 1663 plus
463 1623 611 1662 aequo
638 1611 891 1662 adimplere
922 1610 1147 1661 differrem
1178 1622 1263 1650 nec
1297 1611 1566 1662 capillatam
1598 1610 1803 1650 occasio-

177 1696 295 1734 nem,
321 1693 439 1735 quae
456 1694 556 1722 sese
579 1683 824 1732 obtulerat,
844 1682 1044 1722 transire
1060 1681 1284 1733 permisit,
1305 1681 1415 1733 quin
1433 1681 1573 1720 immo
1591 1692 1646 1720 ea
1664 1691 1803 1720 manu

180 1755 493 1806 apprehensa,
531 1755 578 1794 in
610 1754 823 1794 manibus
858 1752 1011 1793 Patris
1046 1752 1289 1792 Francisci
1317 1752 1418 1792 Deo
1446 1763 1548 1792 sese
1581 1758 1805 1803 perpetuo

182 1826 475 1866 consecravit
509 1832 552 1865 et
585 1824 868 1865 Societatem
902 1829 1115 1863 nostram
1149 1823 1455 1863 christianam
1489 1833 1663 1873 magno
1699 1834 1805 1862 cum

183 1898 455 1948 angelorum
475 1896 662 1945 gaudio,
688 1902 737 1935 ut
760 1906 848 1946 ego
867 1895 1022 1941 credo,
1047 1894 1286 1946 professus
1303 1900 1386 1934 est.

262 1966 504 2018 Reliquum
525 1973 608 2015 est,
631 1966 770 2006 Pater
789 1965 1070 2015 venerande,
1094 1971 1143 2004 ut
1164 1964 1265 2004 Deo
1282 1964 1487 2004 Maximo
1510 1964 1806 2015 omniumque

183 2037 311 2077 Patri
331 2048 417 2076 nos
439 2048 598 2076 omnes
625 2036 789 2076 Patres
809 2042 853 2076 et
873 2036 1064 2075 Fratres
1092 2048 1149 2075 ex
1171 2036 1325 2075 animo
1353 2035 1666 2085 commendes,
1699 2047 1806 2086 quo-

183 2120 286 2148 rum
305 2108 490 2148 nomine
507 2120 593 2147 vos
610 2119 770 2147 omnes
785 2108 895 2147 item
911 2107 1075 2147 Patres
1092 2112 1136 2146 et
1151 2107 1342 2146 Fratres
1358 2108 1574 2146 salutato.
1596 2105 1809 2146 Gaudete

184 2179 306 2219 enim
326 2179 374 2218 in
393 2178 579 2218 nomine
601 2178 724 2230 Jesu,
747 2189 888 2228 quum
909 2177 988 2217 filii
1008 2178 1090 2227 tui,
1115 2177 1234 2217 sicut
1260 2178 1472 2217 novellae
1495 2177 1740 2225 olivarum,
1763 2177 1811 2216 in

185 2250 380 2290 circuitu
399 2261 588 2288 mensae
610 2247 705 2299 ejus
727 2249 831 2300 sint,
856 2255 1018 2288 euntes
1040 2249 1095 2288 de
1112 2248 1284 2289 virtute
1302 2248 1349 2288 in
1364 2249 1600 2298 virtutem,
1622 2254 1809 2300 portan-

185 2328 254 2361 tes
275 2321 537 2372 manipulos
557 2331 680 2370 suos,
705 2319 870 2371 quibus
890 2326 1027 2359 vetus
1043 2319 1196 2370 homo,
1221 2331 1311 2371 quo
1332 2319 1432 2360 fieri
1453 2325 1621 2371 potest,
1645 2319 1811 2359 moria-

186 2398 274 2439 tur,
296 2398 343 2431 ut
359 2402 463 2430 cum
475 2390 660 2430 Christo
673 2389 873 2430 Domino
883 2390 995 2443 Jesu
1007 2396 1319 2441 resurgentes,
1334 2390 1446 2430 novi
1454 2389 1550 2441 jam
1566 2390 1814 2430 videamur

186 2463 420 2512 homines,
444 2467 491 2500 ut
511 2472 647 2500 nemo
670 2460 728 2500 sit
749 2461 827 2512 qui
847 2466 1029 2512 patrem
1050 2467 1261 2501 nostrum
1282 2473 1376 2501 non
1402 2461 1645 2511 glorificet,
1669 2461 1746 2511 qui
1766 2460 1814 2500 in

188 2534 330 2573 coelis
351 2538 434 2572 est.
464 2532 581 2583 Ipse,
613 2543 695 2583 per
723 2532 908 2571 viscera
937 2532 1008 2571 sui
1038 2532 1266 2583 unigeniti
1293 2532 1467 2572 Christi
1493 2532 1619 2585 Jesu,
1649 2537 1814 2571 nostra

189 2604 367 2656 aperiat
390 2603 534 2643 corda
554 2609 598 2642 et
620 2614 784 2642 sensus
815 2608 1001 2642 nostros
1030 2603 1269 2653 illuminet,
1293 2609 1342 2643 ut
1371 2603 1567 2643 candide
1598 2603 1816 2642 vivamus

189 2681 233 2714 et
254 2685 359 2714 cum
380 2674 665 2714 exultatione
686 2673 733 2712 in
749 2673 995 2714 dilectione
1018 2673 1115 2724 ejus
1138 2674 1441 2714 ambulemus.
1469 2673 1635 2714 Amen.

268 2745 403 2785 Datis
424 2743 737 2785 Salmanticae
757 2744 905 2796 pridie
927 2744 1147 2784 calendas
1169 2743 1278 2795 Maji
1300 2745 1412 2785 1552.

271 2816 352 2855 Ex
371 2815 696 2855 commissione
716 2814 868 2855 Patris
889 2815 1125 2861 Doctoris,

271 2887 396 2926 Tuus
419 2886 536 2925 filius
558 2886 790 2935 indignus,

1155 2957 1427 2997 :xiffloxsrs
1450 2958 1654 2998 mium..
