2074 3179
171 157 246 194 432
687 158 914 195 LirrERAE
942 168 1300 200 QUADRmOEsTREs

170 256 435 305 visitarunt,
461 260 510 295 ut
530 255 757 295 foetorem
779 255 907 294 illum
928 255 1232 306 sustinentes,
1256 257 1396 297 etiam
1418 258 1507 298 illis
1528 259 1804 310 assiderent,

171 326 282 366 dum
303 332 347 365 et
368 337 557 366 muscas
580 326 636 366 ab
660 325 725 365 eis
745 326 984 377 pellerent,
1009 331 1053 366 et
1075 338 1155 365 eos
1177 326 1317 367 etiam
1333 328 1392 368 ad
1407 329 1681 379 patientiam
1698 330 1804 370 hor-

169 403 395 437 tarentur.
420 397 712 458 Aliquivero
734 408 793 436 ex
815 396 881 436 eis
901 395 1089 436 fuerunt
1110 396 1182 447 (de
1203 397 1319 437 viris
1339 399 1519 450 loquor)
1541 400 1661 441 inter
1688 413 1805 453 quos

167 468 359 520 quidam
380 474 481 508 erat
502 468 712 508 medicus
734 478 936 518 magnae
961 467 1149 519 pietatis
1178 474 1303 509 certe
1331 475 1376 509 et
1403 469 1691 524 devotionis,
1724 473 1803 524 qui

168 539 238 579 bis
260 540 466 592 quotidie
488 551 567 579 eos
588 539 803 589 visitanS,
828 538 891 578 ita
913 539 1066 590 plagis
1087 550 1250 579 eorum
1272 540 1566 593 medebatur,
1592 549 1642 583 ut
1663 543 1804 584 etiam

167 611 383 652 manibus
404 611 500 651 suis
521 616 565 650 et
585 611 768 650 lavaret
790 615 834 650 et
856 610 963 650 inde
984 622 1169 651 vermes
1196 611 1485 663 extraheret,
1515 619 1559 653 et
1587 615 1803 664 quamvis

164 688 290 723 esset
310 683 400 722 illis
421 681 545 734 quod
567 690 776 732 agerent,
799 693 893 721 non
914 682 1240 732 gravabantur
1260 688 1417 723 tamen
1435 684 1609 735 aliquid
1630 691 1801 737 tempo—

168 755 233 794 ris
254 766 313 794 ex
335 754 430 794 suis
452 753 655 804 negotiis
678 753 899 803 adimere,
919 758 969 793 ut
989 753 1102 793 illud
1122 754 1343 794 membris
1365 754 1539 795 Christi
1559 756 1804 796 sublevan-

165 826 236 866 dis
263 825 637 877 impartirentur,
669 823 800 876 cujus
829 824 1034 876 pretioso
1062 825 1293 876 sanguine
1319 836 1368 865 se
1402 826 1669 878 redemptos
1699 839 1802 868 esse

165 897 499 937 meminissent.
523 896 596 936 Ex
616 895 811 947 triginta
834 901 990 936 autem
1011 896 1149 947 pauci
1166 896 1544 948 supervixerunt3
1563 899 1718 938 nullus
1738 904 1802 939 ta-

164 980 270 1009 men
291 969 387 1008 fere
408 974 623 1008 mortuus
644 973 728 1015 est,
753 965 883 1017 cujus
905 967 1250 1007 confessionem
1271 967 1319 1008 P.
1344 967 1577 1009 Antonius
1606 981 1702 1009 non
1723 982 1799 1010 au-

164 1039 355 1090 divesit,
392 1040 543 1079 laetus
571 1039 758 1091 quidem
785 1038 909 1090 quod
943 1050 1023 1078 eos
1050 1039 1232 1079 videret
1267 1039 1441 1080 Christi
1475 1041 1800 1081 misericordia

165 1122 274 1151 vere
295 1110 452 1151 animo
475 1110 702 1150 contritos
726 1110 835 1150 hinc
856 1109 1113 1161 discedere3
1137 1123 1195 1150 ex
1216 1110 1288 1150 his
1309 1123 1438 1161 vero,
1464 1113 1542 1162 qui
1562 1112 1799 1164 vixerunt,

163 1194 269 1222 cum
289 1194 460 1222 novem
481 1187 637 1221 essent
654 1181 842 1221 omnino
860 1181 987 1231 nudi,
1007 1182 1320 1233 eleemosynis
1335 1188 1492 1222 tamen
1509 1183 1706 1223 istorum
1727 1183 1800 1224 de-

163 1259 381 1293 votorum
417 1259 556 1305 atque
591 1253 774 1305 piorum
802 1252 1014 1293 virorum
1044 1259 1088 1292 et
1115 1253 1382 1304 mulierum,
1414 1254 1528 1294 satis
1557 1254 1799 1295 commode

163 1325 319 1365 vestiti
352 1324 555 1364 fuerunt.
585 1324 674 1364 Die
708 1336 822 1364 vero
850 1323 1012 1364 Sancti
1046 1324 1308 1375 Laurentii,
1347 1336 1453 1365 cum
1488 1325 1547 1365 ab
1581 1325 1798 1377 hospitali

161 1396 355 1447 egressi,
379 1396 426 1436 in
446 1401 610 1436 nostra
632 1395 833 1435 ecclesia
853 1394 1071 1435 Patribus
1093 1396 1264 1436 nostris
1293 1396 1495 1436 confessi
1527 1396 1724 1437 fuissent
1754 1403 1799 1437 et

156 1468 603 1518 communicassent,
629 1467 938 1519 concionique
959 1466 1294 1517 interfuissent,
1319 1478 1399 1507 eos
1421 1468 1467 1507 in
1496 1468 1684 1508 nomine
1704 1467 1800 1508 Do-

161 1539 271 1578 mini
294 1538 554 1579 dimisimus
577 1538 719 1578 etiam
738 1550 833 1578 non
854 1539 953 1578 sine
975 1537 1149 1578 viatico
1172 1539 1344 1590 aliquo,
1369 1539 1598 1590 siquidem
1619 1539 1710 1579 duo
1732 1545 1797 1579 ta-

159 1611 260 1650 reni
285 1609 291 1628 ¹
316 1610 503 1650 cuilibet
525 1621 687 1650 eorum
709 1610 805 1650 dati
824 1609 1011 1650 fuerunt
1028 1610 1194 1661 quibus
1210 1609 1347 1650 facile
1369 1609 1428 1649 ad
1450 1621 1581 1661 suos,
1606 1622 1712 1650 cum
1733 1611 1798 1650 vi-

159 1681 254 1721 cini
277 1687 446 1732 essent,
471 1681 708 1733 proficisci
729 1687 994 1733 potuerunt.

239 1751 310 1792 De
323 1752 646 1792 confitentium
658 1763 772 1792 vero
788 1752 1083 1793 multitudine
1100 1752 1213 1792 nihil
1230 1758 1299 1792 est
1315 1752 1439 1804 quod
1457 1752 1675 1804 scribam,
1695 1764 1800 1793 cum

156 1823 252 1874 jam
281 1824 469 1876 saepius
499 1823 549 1863 P.
580 1830 688 1864 tuae
717 1824 974 1864 indicatum
1002 1824 1177 1864 nostris
1205 1824 1373 1864 litteris
1402 1829 1540 1875 atque
1568 1824 1798 1875 significa-

155 1902 255 1935 tum
284 1895 449 1936 fuerit:
478 1895 591 1935 illud
623 1901 779 1935 tamen
807 1907 902 1935 non
927 1895 1111 1945 tacebO,
1142 1895 1267 1947 quod
1298 1895 1487 1935 omnino
1514 1906 1691 1936 novum
1713 1901 1797 1935 est.

157 1967 271 2006 Erat
292 1967 368 2007 hic
390 1967 623 2018 quaedam
641 1965 917 2018 juvencula,
947 1978 1066 2018 quae
1095 1966 1371 2018 turpitudini
1393 1972 1533 2018 atque
1562 1965 1798 2018 impudici-

157 2038 250 2078 tiae
284 2038 432 2078 Vitam
468 2050 602 2078 suam
631 2038 899 2078 addixerat:
930 2050 1034 2078 eam
1068 2044 1226 2078 tamen
1260 2037 1475 2078 Christus
1505 2038 1679 2089 pietate
1715 2049 1798 2078 sua

158 2115 394 2157 moverat,
418 2116 468 2150 ut
491 2121 516 2149 a
540 2115 736 2161 peccato
758 2109 818 2149 ad
839 2110 1003 2149 melius
1030 2109 1155 2149 vitae
1182 2109 1446 2149 institutum
1474 2120 1576 2149 sese
1605 2120 1796 2150 conver-

159 2187 298 2231 teret;
322 2192 489 2221 verum
511 2181 677 2232 nuptui
698 2180 872 2220 tradita
895 2191 1001 2220 cum
1023 2192 1049 2220 a
1071 2180 1174 2220 viro
1198 2180 1492 2231 recessisset,
1516 2185 1566 2220 ut
1587 2180 1718 2220 canis
1741 2179 1798 2219 ad

159 2252 388 2292 vomitum
422 2263 617 2292 reversa
652 2251 824 2292 fuerat:
862 2251 1035 2291 revixit
1069 2257 1227 2292 tamen
1261 2263 1385 2291 nunc
1416 2251 1621 2302 demum,
1660 2262 1799 2303 quam

157 2323 354 2363 deliciae
377 2324 534 2363 carnis
555 2323 760 2375 pessime
778 2323 1093 2375 perdiderant;
1118 2330 1162 2363 et
1183 2323 1248 2363 ita
1271 2323 1463 2374 revixit,
1487 2328 1536 2363 ut
1557 2322 1797 2374 peccatrix

160 2395 474 2446 peccatricem
496 2395 625 2434 illam
646 2400 880 2445 sanctam,
906 2406 1046 2446 quam
1066 2394 1112 2434 in
1134 2394 1394 2446 Evangelio
1415 2394 1635 2445 legimus,
1670 2394 1797 2444 Mag·

159 2465 377 2505 dalenam
397 2465 517 2515 dico,
543 2465 716 2505 imitari
737 2465 971 2514 Videatur;
994 2465 1164 2506 etenim
1186 2477 1326 2517 saepe
1348 2465 1594 2506 confitetur
1610 2471 1654 2505 et
1674 2477 1795 2505 com-

159 2537 388 2587 municat,
413 2537 547 2576 brevi
569 2536 734 2587 etiam,
759 2548 897 2588 quem
918 2537 1078 2577 dicunt
1105 2537 1317 2577 habitum
1343 2537 1468 2577 tertii
1496 2537 1672 2577 ordinis
1702 2535 1797 2577 divi

159 2607 423 2658 Francisci,
454 2608 629 2647 induet.
662 2607 783 2658 Quid
810 2607 965 2648 dicam
990 2607 1047 2648 de
1077 2608 1256 2648 duobus
1286 2608 1653 2659 concubinariiS,
1689 2619 1798 2659 quo-

160 2690 263 2719 rum
295 2680 412 2719 alter
434 2678 746 2719 concubinam
778 2690 862 2730 per
893 2679 1140 2720 duodecim
1170 2691 1318 2720 annos
1348 2680 1412 2719 ita
1440 2679 1642 2728 aluerat,
1666 2684 1715 2719 ut
1738 2679 1794 2719 ab

160 2762 214 2790 ea
241 2761 328 2790 nec
356 2750 574 2801 precibus
603 2762 689 2790 nec
723 2750 862 2790 minis
895 2756 995 2790 toto
1031 2750 1108 2790 illo
1143 2757 1351 2803 tempore
1387 2750 1545 2791 divelli
1578 2751 1795 2803 potuerit,

157 2821 277 2861 alter
299 2832 412 2861 vero
436 2821 562 2861 domi
584 2821 744 2872 aliam,
778 2832 925 2861 uxore
953 2827 1244 2873 contempta,
1269 2822 1599 2862 charissimam
1629 2822 1798 2862 habue-

215 2981 223 2999 2
267 2980 353 3007 Vide
370 2988 473 3016 supra
490 2989 567 3016 pag.
585 2982 652 3015 232,
670 2986 737 3009 not.
755 2989 776 3010 1.
