2074 3179
257 94 326 130 (308
770 93 997 131 LITTERAE
1024 103 1383 137 QUADRIMESTRES

258 189 463 229 breviori
484 201 622 241 quam
640 201 724 241 pro
742 189 969 240 dignitate
986 198 1202 236 numero,
1216 189 1446 230 Doctores
1466 190 1752 241 gravissimi,
1777 189 1893 241 ejus-

258 261 363 300 dcm
391 261 500 300 item
532 259 867 301 Universitatis
902 259 1208 311 cathedrarii,
1239 261 1318 312 qui
1345 273 1530 311 omnes,
1559 267 1609 301 ut
1631 261 1719 301 Dei
1751 263 1893 302 omni-

257 331 459 382 potentis
504 331 902 382 magnificentiam
947 332 1216 381 laudemus,
1266 343 1408 384 supra
1450 333 1576 372 vires
1630 333 1897 373 exultantes

258 403 564 454 admirantur,
603 410 742 454 atque
781 403 895 443 satis
929 409 1194 454 agnoscunt
1230 410 1405 455 quanto
1440 403 1619 454 majora
1647 404 1694 444 in
1728 405 1897 456 seipsis

257 474 409 524 magis
443 486 499 514 ac
534 474 686 525 magis
719 474 766 514 in
802 474 901 514 dies
936 480 1154 526 operetur
1185 474 1429 515 Dominus.
1467 474 1601 515 Unde
1628 476 1771 527 vulgo
1797 475 1894 527 jam

258 545 349 585 dici
371 546 487 585 solet
507 545 651 597 quod,
677 545 813 586 simul
833 551 973 597 atque
996 546 1113 586 haec
1134 554 1298 586 nostra
1324 546 1514 587 Domini
1542 547 1653 600 Jesu
1681 546 1898 588 Societas

257 617 346 656 huc
368 628 417 656 se
439 616 634 656 contulit
660 623 704 657 et
736 617 783 657 in
811 617 1202 657 scholasticorum
1229 617 1549 658 familiaritate
1581 619 1765 658 versari
1794 631 1893 659 coe—

257 688 343 739 pit,
367 693 465 728 tota
486 699 649 727 eorum
669 688 956 729 universitas
977 688 1362 729 reformationem
1378 690 1481 729 visa
1506 695 1575 729 est
1599 689 1685 729 sibi
1707 701 1894 742 compa-

257 771 402 799 rasse.
440 759 576 809 Quod
612 759 657 798 in
693 771 748 799 eo
777 759 999 800 nimirum
1033 760 1237 800 maxime
1271 761 1468 810 relucet,
1506 760 1629 812 quod
1665 760 1896 802 diabolica

258 830 490 882 quaedam
519 830 620 870 sine
656 829 839 871 delectu
862 829 1050 881 jurandi
1078 831 1382 879 consuetudo,
1414 843 1532 883 quae
1560 832 1769 872 omnium
1799 832 1898 873 fere

259 902 440 942 animos
461 901 851 942 scholasticorum
882 902 1123 943 invaserat
1150 909 1193 943 et
1224 902 1499 953 infestabat,
1530 903 1703 944 abolita
1726 902 1823 955 jam
1853 910 1898 944 et

258 973 466 1013 funditus
487 973 637 1013 ruisse
659 973 890 1013 Videatur.
930 973 1017 1014 Cui
1050 980 1182 1014 tanto
1210 974 1372 1014 morbo
1393 974 1507 1014 nihil
1529 981 1717 1025 praeter
1745 974 1897 1015 Deum

259 1044 436 1084 mederi
456 1055 594 1095 posse
617 1044 790 1095 optime
819 1045 962 1084 noris.

339 1115 456 1156 Sunt
477 1115 667 1167 insuper
689 1116 766 1156 alli
787 1128 881 1156 non
905 1117 1056 1167 pauci,
1080 1116 1206 1156 haud
1229 1116 1414 1157 infimae
1431 1117 1585 1168 sortis,
1610 1118 1687 1169 qui
1706 1124 1899 1158 nostrae

259 1187 652 1228 exercitationum
686 1187 927 1227 solitudini
961 1187 1189 1228 dederunt
1225 1200 1438 1240 operam,
1476 1189 1595 1229 inter
1631 1201 1748 1241 quos
1778 1201 1900 1229 unus

259 1265 329 1299 est
350 1259 532 1310 collega
558 1259 734 1310 pariter
762 1265 807 1300 et
839 1259 1165 1299 cathedrarius
1197 1260 1413 1311 celebris,
1449 1261 1564 1301 alter
1595 1260 1899 1312 Augustinia-

258 1342 346 1370 nus
376 1330 659 1381 monachus;
696 1330 806 1370 item
837 1336 881 1371 et
910 1330 1077 1371 nobilis
1104 1331 1335 1383 quaedam
1366 1332 1602 1379 monialis,
1637 1344 1820 1372 necnon
1854 1342 1899 1372 et

258 1402 379 1442 aliae
399 1401 632 1442 foeminae
654 1402 859 1442 civitatis
880 1401 1031 1454 hujus,
1057 1414 1191 1454 quae,
1214 1414 1389 1454 genere
1410 1404 1583 1455 alioqui
1603 1409 1900 1455 praestantes

259 1480 303 1513 et
324 1473 523 1525 nobiles,
548 1473 720 1514 divinis
741 1474 980 1514 exercitiis
1001 1474 1158 1514 animo
1180 1475 1551 1526 praestantiores
1577 1475 1717 1527 longe
1745 1481 1789 1516 et
1819 1487 1899 1516 no-

260 1545 453 1585 biliores
475 1544 694 1585 redactae
717 1550 838 1585 sunt.

338 1615 455 1657 Sunt
481 1622 527 1657 et
553 1617 631 1657 alii
658 1616 861 1657 Domino
888 1617 1089 1667 nobiles,
1122 1629 1322 1670 quorum
1352 1619 1483 1669 alter,
1508 1618 1586 1659 ubi
1614 1625 1777 1660 sancta
1808 1619 1898 1660 hac

260 1675 554 1728 hebdomada
575 1688 967 1731 exercitationum
995 1688 1233 1729 solitudini
1260 1689 1484 1740 incubuit,
1515 1689 1617 1730 Deo
1645 1701 1746 1730 sese
1774 1691 1897 1742 peni-

260 1765 333 1799 tus
367 1759 581 1810 tradenS,
620 1765 810 1800 nostrae
845 1759 1069 1800 Societati
1097 1772 1146 1800 se
1175 1760 1412 1801 dedicavit
1439 1767 1484 1801 et
1511 1760 1743 1813 adjunxit;
1779 1763 1898 1802 alter

258 1842 388 1882 vero,
412 1831 499 1871 etsi
519 1831 566 1871 in
586 1831 827 1883 propriam
849 1831 1038 1872 domurn
1059 1843 1300 1882 reversus,
1325 1832 1546 1884 religiose
1572 1838 1730 1873 tamen
1750 1833 1898 1873 Vitam

258 1912 407 1953 agens
428 1908 473 1942 et
494 1902 771 1942 lectionibus
793 1903 931 1943 simul
951 1908 996 1943 et
1017 1903 1220 1943 orationi
1248 1903 1435 1943 assidue
1466 1910 1622 1944 vacat.
1652 1904 1784 1945 Illum
1813 1903 1896 1945 Pa-

258 1979 328 2014 ter
362 1973 541 2014 Doctor
572 1972 581 1992 ¹
609 1974 736 2014 misit
764 1973 998 2014 Onnatem
1026 1980 1098 2025 ut,
1132 1973 1243 2014 dum
1276 1975 1500 2015 molestas
1526 1981 1571 2015 et
1605 1975 1900 2027 importunas

258 2045 383 2097 apud
403 2057 489 2086 nos
518 2052 768 2098 parentum
794 2057 938 2086 voces
965 2045 1334 2098 subterfugeret,
1366 2047 1656 2088 commodius
1685 2047 1747 2088 ibi
1772 2048 1896 2088 theo-

257 2117 410 2168 logiae
440 2117 662 2158 studeret.
686 2116 803 2158 Sunt
823 2124 869 2158 et
890 2123 985 2158 tres
1015 2118 1113 2169 alii,
1145 2130 1344 2170 quorum
1376 2130 1512 2169 unuS,
1542 2119 1898 2171 praemeditatis

259 2189 493 2239 omnibus,
525 2189 643 2229 adeo
672 2188 806 2229 firmo
837 2195 976 2241 atque
1005 2188 1205 2229 infracto
1235 2190 1390 2232 animo
1418 2189 1609 2231 effectus
1639 2196 1732 2242 est,
1766 2197 1816 2231 ut
1851 2191 1897 2230 in

258 2266 421 2301 nostra
448 2259 684 2301 Societate
719 2261 778 2301 ad
805 2259 943 2301 finem
969 2272 1116 2313 usque
1142 2262 1256 2301 velit
1281 2273 1582 2313 permanere,
1607 2262 1709 2313 qui,
1735 2262 1822 2302 etsi
1852 2262 1898 2301 in

259 2331 496 2382 theologia
519 2330 616 2382 jam
645 2331 1068 2388 bacchalaureatus
1094 2344 1287 2373 munere
1317 2332 1454 2373 datus
1489 2333 1567 2383 sit,
1599 2339 1643 2373 et
1672 2333 1898 2373 dissertus

260 2402 532 2452 admodum,
569 2414 663 2442 non
698 2408 855 2443 tamen
890 2403 989 2444 sine
1020 2414 1195 2455 magna
1230 2403 1471 2444 hominum
1499 2403 1823 2444 aedificatione
1851 2403 1896 2443 in

259 2473 422 2514 officiis
442 2474 695 2514 humilibus
715 2480 984 2526 exercetur3
1011 2475 1176 2526 reliqui
1196 2475 1338 2515 etiam
1359 2475 1451 2516 duo
1471 2486 1727 2526 numquam
1744 2474 1896 2515 Socie-

259 2551 404 2586 tatem
424 2545 640 2586 deserere
660 2545 993 2598 decreverunt,
1018 2547 1066 2586 in
1093 2558 1293 2598 quorum
1314 2547 1461 2587 altero
1484 2547 1656 2586 bonam
1683 2546 1799 2586 satis
1820 2557 1895 2598 po-

259 2617 372 2657 teris
393 2617 701 2669 contemplari
721 2617 944 2668 indolem,
968 2623 1017 2658 ut
1038 2617 1136 2669 qui,
1161 2618 1248 2658 etsi
1276 2629 1304 2658 a
1330 2617 1643 2669 grammatica
1670 2617 1730 2657 ad
1757 2617 1897 2657 aliam

259 2688 532 2729 facultatem
560 2688 762 2740 gradum
794 2701 890 2730 non
922 2689 1115 2740 fecerit,
1152 2701 1375 2740 magnam
1413 2695 1570 2729 tamen
1601 2688 1672 2728 sui
1708 2688 1896 2740 promit-

261 2761 314 2801 tit
349 2772 502 2812 spem;
544 2762 662 2801 alter
697 2766 766 2801 est
800 2761 1002 2811 logicus,
1040 2772 1175 2813 quem
1205 2766 1249 2800 et
1276 2761 1402 2801 misit
1428 2759 1568 2800 Pater
1599 2759 1779 2800 Doctor
1806 2758 1894 2799 Me-

316 2922 322 2940 ¹
366 2920 399 2948 Ρ.
418 2920 561 2948 Μίςὴῑιὲῐ
578 2922 617 2948 de
634 2921 771 2949 Torres.
