2074 3179
264 192 333 227 0413
770 193 996 229 L1TTERAE
1023 205 1380 236 QUADRIMESTRES

259 287 445 338 jusdam
466 283 731 339 matronae,
766 290 839 329 cui
862 288 1283 331 Donataenomen
1311 298 1400 342 est,
1431 293 1596 333 domus
1627 299 1732 333 cum
1759 301 1900 336 noctu

265 359 434 411 diuque
487 361 775 411 quibusdam,
813 360 1095 401 daemonum
1139 362 1533 403 terriculamentis
1582 364 1896 416 infestaretur,

263 431 481 471 adhibitis
510 432 639 483 prius
669 432 771 471 aliis
802 432 1020 472 remediis
1069 433 1150 473 sed
1197 445 1363 485 parum
1402 433 1791 487 proficientibus,
1820 449 1898 476 vo-

260 509 393 542 catus
415 510 483 542 est
505 515 624 542 unus
647 515 704 543 ex
728 502 837 543 Κῶς
868 502 1086 544 Patribus
1107 503 1241 555 hujus
1269 504 1479 557 Collegii,
1504 506 1583 557 qui
1605 518 1709 546 cum
1731 507 1795 547 illi
1823 507 1898 548 do-

260 574 355 613 mui
384 573 722 621 benedixisset,
753 574 923 615 additis
953 575 1094 615 etiam
1129 576 1425 627 exorcismis,
1453 577 1567 616 nihil
1596 579 1718 617 ultra
1747 590 1897 619 sense-

258 651 365 684 runt
400 646 656 693 molestiae,
694 646 773 685 sed
810 647 967 697 quieta
1005 647 1068 686 ibi
1106 647 1261 686 omnia
1297 647 1517 699 deinceps
1553 648 1630 688 diu
1666 655 1899 701 noctuque

259 716 400 756 fuere.

338 787 516 828 Videor
532 788 645 828 mihi
662 788 868 828 maxima
884 788 1079 840 hujusce
1098 789 1304 841 suscepti
1322 791 1528 830 muneris
1543 787 1678 842 parte
1696 792 1893 838 levatus,

256 865 304 899 ut
326 860 402 910 qui
425 871 518 899 non
535 858 760 910 majorem
776 860 913 899 modo
930 859 1011 900 sed
1029 860 1341 912 spinosiorem
1358 867 1539 912 partem
1558 860 1892 912 percurrerim,

255 931 301 969 in
323 941 414 981 qua
442 930 555 970 nihil
584 931 674 970 nisi
704 930 954 981 adulteria,
985 931 1343 982 fornicationes,
1375 932 1740 984 concubinatus,
1773 933 1892 980 odia,

254 1001 459 1041 breviter
480 1002 762 1041 daemonum
784 1013 928 1053 opera
950 1002 1112 1042 audire
1132 1002 1274 1042 licuit.
1296 1002 1427 1043 Nunc
1446 1004 1484 1043 si
1501 1005 1578 1055 qui
1600 1005 1734 1044 nobis
1755 1005 1895 1045 flores

254 1073 342 1112 hoc
364 1073 592 1113 innostro
615 1074 767 1125 agello
791 1073 1041 1120 creverint,
1067 1074 1106 1113 si
1127 1074 1205 1125 qui
1227 1074 1367 1114 etiam
1390 1074 1568 1115 fructus
1593 1088 1650 1116 ex
1669 1075 1765 1127 jam
1787 1077 1894 1117 olim

251 1140 445 1184 consitis
468 1145 715 1185 arboribus
742 1145 831 1185 orti
859 1145 1051 1195 fuerint,
1088 1145 1187 1193 hos,
1226 1146 1371 1197 spinis
1403 1147 1593 1197 ablatis,
1628 1148 1732 1198 tibi,
1758 1147 1896 1188 Pater

250 1211 443 1267 optime,
478 1217 741 1268 carpendos
769 1216 987 1267 offeram;
1025 1218 1091 1257 tui
1121 1217 1244 1256 enim
1271 1224 1392 1257 sunt.
1423 1217 1601 1270 Accipe
1635 1219 1778 1269 igitur
1806 1221 1895 1271 pri-

250 1299 396 1338 mum,
436 1299 572 1339 quem
600 1287 683 1328 tibi
713 1288 852 1328 credo
887 1300 981 1328 non
1017 1288 1255 1338 ingratum
1290 1287 1402 1328 fore.
1441 1287 1628 1340 Septem
1665 1291 1893 1341 virgines,

247 1355 368 1410 Quae
405 1371 538 1399 suam
574 1359 896 1409 virginitatem
940 1358 1142 1399 Domino
1178 1366 1531 1400 consecrarunt.
1570 1360 1748 1412 Accipe
1786 1362 1894 1402 alte-

248 1442 367 1470 rum.
391 1430 606 1471 Totidem
627 1431 798 1471 viduae
821 1431 1174 1480 continentiam,
1199 1437 1311 1470 voto
1334 1431 1519 1481 emisso,
1544 1431 1696 1472 eidem
1721 1432 1891 1473 obtule—

249 1508 370 1542 runt.
396 1503 573 1554 Accipe
595 1508 640 1542 et
660 1503 863 1542 tertium:
884 1503 1087 1554 quinque
1104 1502 1431 1543 monachalem
1450 1503 1661 1544 habitum
1683 1503 1889 1555 induere,

249 1586 336 1613 nec
371 1574 579 1614 habitum
611 1580 793 1614 tantum
828 1573 908 1614 sed
944 1580 988 1614 et
1018 1574 1209 1614 vivendi
1238 1586 1430 1614 morem.
1463 1574 1534 1615 Ex
1563 1575 1635 1614 his
1656 1581 1752 1615 tres
1786 1581 1893 1616 sunt

247 1646 458 1696 masculi,
490 1644 828 1695 adolescentes,
866 1645 943 1697 qui
976 1645 1191 1693 fratrum,
1230 1657 1345 1696 quos
1381 1646 1666 1697 capuccinos
1698 1653 1886 1697 vocant,

247 1717 525 1767 religionem
543 1723 651 1756 sunt
668 1717 884 1767 ingressi;
905 1717 1024 1756 duae
1041 1716 1289 1766 foeminae,
1310 1717 1457 1756 altera
1479 1717 1631 1768 virgo,
1656 1718 1803 1757 altera
1826 1719 1889 1757 vi-

247 1788 353 1828 dua.
390 1788 569 1828 Harum
604 1788 842 1838 virginum
877 1787 995 1828 duae
1030 1788 1210 1828 maritis
1245 1800 1389 1839 prope
1426 1788 1609 1828 ablatae
1649 1795 1770 1836 sunt;
1795 1787 1890 1840 jam

246 1860 369 1900 enim
391 1860 703 1911 desponsatae
724 1858 924 1909 fuerant,
949 1870 1044 1898 non
1060 1865 1218 1899 tamen
1235 1871 1289 1899 eo
1311 1870 1470 1899 rerum
1487 1859 1638 1899 adhuc
1662 1859 1889 1900 deductae

240 1937 295 1971 ut
312 1932 399 1972 rite
417 1930 620 1982 disjungi
636 1942 731 1970 non
746 1936 952 1981 possent.
971 1930 1203 1979 Dominus
1221 1931 1375 1981 itaque
1396 1930 1642 1971 Cornelius
1665 1930 1690 1981 ¹,
1710 1931 1788 1982 qui
1809 1931 1890 1971 hu-

243 2002 318 2054 jus
339 2002 545 2055 praedae
567 2009 637 2042 est
658 2002 704 2042 in
725 2001 928 2041 Domino
951 2001 1268 2053 avidissimus,
1294 2013 1375 2041 eas
1401 2002 1459 2042 ad
1480 2002 1694 2042 altiorem
1716 2008 1891 2042 statum

245 2085 474 2114 revocare
510 2079 708 2113 conatus
743 2079 827 2123 est,
865 2072 989 2123 quod
1019 2078 1063 2112 et
1094 2072 1306 2112 obtinuit.
1345 2072 1496 2113 Habet
1532 2078 1576 2113 et
1607 2073 1748 2113 aliam
1777 2085 1889 2125 prae

244 2145 460 2185 manibus
479 2145 642 2185 eodem
664 2145 804 2184 modo
832 2144 1187 2195 desponsatam,
1219 2142 1350 2195 cujus
1381 2150 1540 2184 tamen
1568 2145 1773 2184 animum
1792 2143 1888 2195 jam

245 2217 305 2257 ad
327 2218 601 2268 religionem
624 2216 797 2257 inflecti
820 2216 978 2256 sensit.
1004 2217 1087 2256 Est
1106 2215 1244 2267 hujus
1265 2215 1381 2256 artis
1402 2216 1727 2267 peritissimus,
1754 2216 1817 2256 ita
1839 2222 1889 2256 ut

242 2289 333 2329 hoc
353 2289 541 2329 nomine
562 2289 620 2329 sit
642 2289 688 2328 in
712 2289 800 2328 hac
822 2288 936 2328 urbe
959 2287 1176 2337 celebris,
1202 2287 1325 2339 quod
1348 2288 1475 2327 nulla
1494 2288 1647 2338 virgo,
1671 2288 1798 2327 nulla
1822 2288 1887 2327 vi-

245 2361 351 2411 dua,
376 2360 475 2412 ejus
496 2371 663 2400 manus
685 2359 892 2411 effugere
917 2359 1089 2411 possit,
1121 2359 1231 2410 quin
1260 2370 1364 2398 eam
1391 2358 1594 2398 Domino
1625 2364 1886 2410 aucupetur

245 2438 290 2471 et
311 2431 597 2481 lucrifaciat,
623 2432 662 2471 si
683 2442 731 2471 se
752 2431 817 2470 illi
839 2430 1105 2470 crediderit.

325 2503 375 2543 In
398 2503 486 2543 hoc
509 2503 671 2542 lubens
694 2501 894 2542 referam
913 2502 1050 2553 quod,
1075 2508 1124 2541 ut
1146 2512 1297 2552 spero,
1322 2512 1415 2540 non
1437 2500 1685 2552 injucunde
1707 2501 1884 2541 audies.

244 2575 360 2615 Tres
386 2575 597 2626 virgines
628 2585 734 2614 cum
765 2573 811 2613 id
838 2574 1012 2613 vellent
1039 2573 1243 2624 experiri
1264 2584 1490 2612 verumne
1518 2578 1661 2623 esset,
1685 2571 1809 2624 quod
1830 2573 1886 2613 de

245 2646 299 2685 R.
329 2646 377 2686 Ρ.
402 2645 619 2686 Cornelio
642 2645 889 2694 diceretur,
919 2644 1209 2684 certissimae
1241 2643 1363 2695 apud
1392 2654 1439 2683 se
1470 2644 1596 2682 nulla
1624 2655 1673 2683 se
1702 2644 1885 2684 ratione

250 2717 372 2756 vinci
401 2717 458 2757 ab
487 2728 542 2757 eo
571 2716 738 2767 cogive
768 2727 906 2767 posse
940 2721 990 2755 ut
1019 2715 1194 2755 invitae
1227 2714 1434 2754 animum
1471 2714 1529 2754 ad
1565 2715 1885 2765 virginitatem

246 2789 547 2839 appellerent,
584 2787 823 2839 praesenti
851 2787 1007 2827 animo
1038 2786 1320 2838 structisque
1355 2785 1514 2826 verbis
1549 2785 1816 2826 confessum
1844 2786 1886 2826 ei

250 2860 438 2898 veniunt
457 2859 593 2899 simul
611 2870 786 2899 omnes.
807 2857 924 2898 Cum
938 2858 1117 2909 primae
1134 2858 1254 2897 inter
1277 2852 1590 2897 confitendum
1613 2858 1676 2897 ita
1697 2868 1884 2909 persua-

305 3020 311 3037 ¹
354 3020 388 3046 P.
406 3019 583 3046 Cornelius
602 3020 803 3047 &Vishavt—n.
