2074 3179
836 139 920 177 AN.
951 139 1042 177 1552
1681 141 1754 177 (587

112 237 498 286 saluberrimam,
530 242 580 276 ut
616 247 880 287 speramus,
905 242 1101 277 mortem
1132 237 1311 277 obierit.
1344 235 1456 287 Ejus
1484 248 1627 287 uxor,
1648 236 1751 287 jux-

115 314 163 347 ta
184 313 427 358 receptam
453 305 858 357 consuetudinem,
885 307 1108 359 postridie
1125 306 1252 347 Patri
1282 307 1497 347 confessa
1527 313 1597 347 est
1629 319 1751 347 com-

118 378 451 429 mendavitque
471 377 627 417 mariti
643 377 739 429 jam
760 377 965 418 defuncti
985 378 1188 417 animam
1210 378 1427 428 precibus
1453 377 1573 418 forte
1604 378 1752 418 suble-

120 448 348 498 vandam,
373 460 512 499 quam
533 449 802 488 consolatus
823 454 892 488 est
912 447 1050 488 Pater
1069 448 1205 488 fidem
1227 449 1344 489 dans
1366 448 1411 488 id
1433 460 1535 488 sese
1556 449 1754 500 praesti-

121 525 276 559 turum
309 524 589 570 posteroque
625 519 697 558 die
730 519 923 559 Missam
957 518 1054 570 ejus
1080 519 1266 559 nomine
1292 520 1537 559 lecturum.
1567 519 1755 559 Accidit

121 596 276 630 autem
296 596 366 641 ut,
391 602 496 630 cum
518 590 836 630 celebraturus
858 596 1144 640 accesserat,
1169 602 1223 630 eo
1245 590 1413 630 adduci
1434 602 1527 630 non
1550 591 1756 642 potuerit

121 667 170 701 ut
198 661 257 701 ob
293 661 418 713 quod
447 669 643 701 venerat
678 666 1000 712 exequeretur,
1029 661 1243 701 nesciens
1270 662 1407 713 plane
1436 661 1757 713 impedimenti

118 744 328 772 causam.
359 731 562 772 Domum
587 743 779 772 reverso
807 731 1103 782 indagandae
1130 732 1384 772 voluntatis
1416 732 1596 783 gratia,
1627 731 1759 784 cujus

119 803 293 843 certior
314 803 361 842 in
381 803 552 854 templo
573 802 724 842 factus
745 814 840 842 non
866 801 1037 853 fuerat,
1071 809 1347 853 suggestum
1374 809 1444 842 est
1472 802 1758 843 sacrificium

120 885 204 925 pro
227 875 303 913 illo
324 874 427 913 viro
449 873 749 923 offerendum;
769 879 906 925 atque
926 873 990 913 ita
1012 873 1262 913 immensas
1283 873 1384 913 Deo
1404 874 1586 924 gratias
1608 885 1759 925 agens

118 946 245 996 quod
272 951 452 985 tantam
486 945 633 985 nostri
666 951 802 996 gerat
836 956 1018 994 curam,
1048 945 1257 985 modesta
1287 945 1489 996 quadam
1518 944 1758 985 hilaritate

122 1015 259 1056 fidem
280 1016 518 1066 liberavit;
543 1015 682 1055 immo
705 1023 890 1055 centum
911 1014 1079 1055 Missas
1110 1016 1261 1056 audiri
1289 1015 1424 1067 hujus
1452 1027 1596 1056 causa
1624 1027 1756 1056 cura—

124 1086 211 1137 vit,
245 1092 289 1126 et
310 1087 408 1137 ipse
430 1093 525 1126 tres
546 1092 789 1138 praeterea
810 1087 936 1138 legit.
970 1086 1137 1127 Omnia
1164 1086 1300 1138 hujus
1328 1087 1481 1127 Patris
1509 1088 1757 1139 praeclara

123 1163 259 1205 gesta
281 1163 555 1196 narrantem
577 1163 758 1208 tempus
780 1157 1010 1197 deficeret.

205 1227 266 1267 M.
291 1227 533 1267 Cornelius
555 1228 719 1267 studiis
739 1228 1037 1279 theologicis,
1062 1235 1111 1268 ut
1132 1240 1224 1268 uno
1254 1229 1398 1268 verbo
1427 1229 1607 1269 infinita
1638 1241 1761 1269 com·

127 1299 319 1349 plectar,
343 1298 622 1349 immoritur,
652 1311 809 1350 quem,
840 1305 1065 1351 quantum
1090 1311 1173 1351 per
1200 1300 1412 1351 corporis
1440 1300 1760 1340 infirmitatem

126 1369 254 1419 licet,
280 1369 485 1409 imitatur
504 1368 669 1409 Petrus
692 1369 851 1420 Spiga.
881 1369 1119 1410 Arnoldus
1149 1376 1193 1410 et
1218 1370 1424 1423 Joannes
1453 1370 1762 1422 Conspeanus

126 1440 292 1479 diurna
327 1446 648 1492 nocturnaque
682 1452 823 1480 manu
857 1447 1048 1480 versant
1082 1440 1408 1492 Aristotelem,
1444 1453 1620 1493 magna
1656 1453 1763 1482 cum

127 1511 333 1550 omnium
369 1518 562 1563 uterque
597 1512 962 1563 exspectatione.
1001 1512 1122 1562 Ego,
1160 1518 1397 1563 spectator
1432 1513 1587 1564 potius
1622 1524 1764 1564 quam

126 1582 401 1632 commilito,
426 1583 646 1634 incipiam
667 1589 838 1633 tamen,
864 1583 955 1622 mei
976 1583 1225 1623 exercendi
1246 1584 1417 1634 gratia,
1443 1584 1500 1624 ab
1521 1583 1764 1624 humanio-

128 1654 254 1693 ribus
283 1654 450 1693 litteris
487 1653 766 1704 abhorrens,
804 1661 853 1694 ut
886 1654 1016 1693 multi
1050 1660 1236 1705 putant,
1267 1655 1628 1705 grammaticam
1666 1655 1763 1695 Cle-

130 1724 265 1764 nardi
298 1735 520 1775 graecam
555 1725 837 1776 expendere,
876 1725 922 1765 in
961 1725 1175 1765 hebraeis
1215 1725 1509 1766 addiscendis
1548 1726 1765 1766 nonnihil

131 1796 274 1835 etiam
297 1807 466 1846 operae
488 1797 681 1847 colloco,
705 1797 901 1836 multum
927 1796 1112 1836 interim
1139 1796 1318 1837 distans
1348 1809 1374 1837 a
1402 1797 1767 1848 vigilantissima

133 1866 516 1906 charissimorum
538 1866 737 1907 fratrum
758 1866 1012 1918 diligentia.

216 1936 442 1987 Quamvis
471 1937 606 1988 plura
636 1949 737 1977 esse
763 1949 857 1977 non
884 1938 1110 1988 dubitem,
1142 1939 1459 1990 superioribus
1487 1951 1581 1979 non
1614 1939 1768 1979 minus

137 2013 398 2047 memoratu
427 2007 566 2058 digna
598 2013 676 2047 aut
703 2007 917 2048 fortassis
944 2008 1181 2059 digniora,
1205 2021 1263 2049 ne
1296 2009 1349 2049 R.
1380 2008 1428 2049 P.
1461 2009 1513 2049 T.
1545 2010 1770 2050 molestus

137 2078 238 2125 sim,
264 2090 317 2118 ea
340 2078 496 2118 omnia
517 2090 693 2130 nosque
713 2084 838 2118 totos
858 2079 949 2118 tuis
970 2079 1277 2120 sanctissimis
1305 2080 1597 2120 orationibus
1628 2092 1771 2132 quam

136 2148 389 2189 humillime
412 2149 806 2189 commendamus.

218 2219 434 2271 Lovanii,
463 2219 510 2258 10
530 2220 655 2272 Junii
676 2232 717 2260 a.
746 2220 859 2260 1552.

220 2290 289 2330 De
312 2291 533 2330 mandato
554 2290 706 2330 Patris
727 2290 940 2342 Adriani,

1140 2433 1322 2474 PETRUS
1352 2433 1552 2474 SILVIUS.

224 2646 575 2697 Superscm‘ptz'o
616 2658 760 2686 manu
796 2648 965 2688 Patris
998 2647 1207 2688 Adriani
1237 2647 1622 2687 Adrz'aenssens:
1659 2612 1773 2689 IITIS.

142 2714 244 2757 R.d0
267 2718 313 2757 in
334 2716 418 2757 X.⁰
438 2716 565 2757 Patri
585 2717 735 2769 Mgro..
757 2718 938 2769 Ignatio
959 2719 1015 2759 de
1035 2719 1236 2770 Loyola,
1268 2718 1542 2770 Praeposito
1569 2717 1776 2760 Societa-

144 2788 203 2828 tis
223 2788 347 2841 Jesu,
372 2786 562 2828 Romae.

229 2859 341 2899 Alia
363 2871 531 2900 manu:
553 2860 703 2911 Quad.
726 2860 875 2902 Lova.
907 2861 1020 2901 1552.
1044 2873 1088 2902 x.
1111 2860 1250 2914 Junii.
