2074 3179
244 120 317 157 512
775 121 1000 156 Li‘r‘rERAE
1028 131 1386 163 QUADNJMESTRES

248 218 464 268 precibus
477 218 622 258 variis
639 217 858 269 quotidie,
875 217 953 257 alii
968 228 1170 269 namque
1187 230 1351 269 preces
1363 219 1595 270 horarias,
1611 220 1689 259 alii
1706 226 1885 270 septem

246 290 473 340 psalmos,
499 289 576 329 alii
595 288 809 340 Virginis
839 289 1089 339 rosarium,
1114 295 1162 328 ut
1194 290 1283 329 illis
1315 288 1574 340 injunctum
1594 297 1685 341 est,
1709 291 1884 341 persol-

249 367 374 411 vunt,
399 362 735 409 auscultantes,
760 360 1091 412 religionisque
1114 360 1401 401 christianae
1423 373 1516 401 non
1537 362 1773 401 mediocre
1791 369 1883 402 stu-

245 432 372 472 dium
401 443 514 483 prae
537 444 587 472 se
608 431 825 471 ferentes.
849 431 970 472 Nam
989 443 1080 482 quo
1103 432 1149 471 in
1172 444 1225 471 ca
1247 440 1558 483 promoveant
1590 445 1683 472 non
1705 440 1881 484 praetc-

245 503 302 542 rit
324 503 422 542 dies
443 503 608 553 festus,
632 503 679 542 in
700 514 790 553 quo
812 503 947 542 verbi
977 502 1065 542 Dei
1087 514 1188 542 sese
1211 503 1451 543 auditores
1483 515 1578 543 non
1609 504 1881 554 praebeant.

245 574 413 614 Mirum
436 574 645 625 profecto
667 574 791 625 quod
813 574 868 614 de
890 574 1095 625 quodam
1117 574 1250 614 nobis
1278 574 1491 614 narravit
1523 574 1575 614 R.
1608 574 1747 615 Pater
1776 575 1882 614 Pro-

243 645 460 685 vincialis
484 644 509 694 ¹,
532 657 711 696 nempe,
734 646 855 685 hunc
879 646 952 685 vel
972 645 1301 685 infestissimas
1325 646 1606 686 tentationes
1628 646 1674 685 in
1695 647 1883 686 nornine

240 716 353 768 Jesu
375 728 638 768 superasse.
664 717 706 757 Is
728 717 852 756 enim
879 717 958 768 qui
990 716 1114 768 apud
1144 728 1230 756 nos
1259 717 1582 757 ecclesiastem
1610 718 1727 767 agit,
1761 718 1884 757 nosti

179 804 184 811 ·
243 800 379 839 quem
400 788 505 828 dico
523 787 551 839 ²,
572 800 677 828 cum
698 788 899 828 nominis
920 788 1203 828 venerabilis
1219 789 1330 841 Jesu
1347 789 1589 839 energiam
1610 788 1885 828 efficaciam-

241 871 329 911 que
351 860 494 900 semel
516 861 773 910 extolleret,
798 859 858 899 ad
879 871 1029 911 genus
1052 860 1205 900 omnis
1229 860 1499 900 certaminis
1522 860 1721 911 clipeum
1738 872 1792 898 ac
1816 868 1883 900 tu-

240 937 398 971 tamen
420 943 521 971 esse
543 937 845 971 monstrarat.

319 1002 416 1042 Nec
451 1015 565 1043 vero
596 1004 783 1043 interim
813 1003 1078 1043 doctrinam
1112 1003 1419 1043 christianam
1448 1003 1495 1042 in
1523 1004 1774 1054 postremis
1806 1004 1883 1044 ha-

241 1074 369 1123 bent,
394 1073 525 1125 cujus
547 1073 825 1114 ediscendae
847 1086 1029 1114 summo
1052 1080 1270 1114 tenentur
1301 1074 1555 1125 desiderio,
1589 1087 1699 1115 nam
1727 1075 1883 1126 piacu-

239 1146 333 1185 lum
372 1146 552 1196 grande
592 1146 817 1186 ducerent
864 1146 903 1185 si
942 1146 1162 1186 serotinis
1203 1146 1491 1197 temporibus
1527 1136 1878 1197 egrederentur,

238 1217 359 1256 illius
379 1218 580 1257 lectione
597 1218 828 1268 neglecta.
853 1217 998 1268 Quid?
1020 1225 1181 1257 mutuo
1198 1229 1301 1257 sese
1324 1217 1383 1257 ad
1404 1224 1740 1269 praeceptores
1762 1217 1882 1258 defe-

240 1295 368 1339 runt,
403 1289 442 1328 si
477 1289 554 1340 qui
580 1300 663 1340 per
690 1289 1053 1340 imprudentiam
1088 1289 1209 1329 illius
1245 1301 1477 1329 memores
1512 1301 1605 1328 non
1641 1289 1880 1329 fuerimus.

240 1359 377 1410 Quod
397 1359 520 1400 idem
541 1367 800 1412 praestant,
821 1360 932 1400 dum
952 1372 1070 1412 quos
1091 1361 1322 1400 tantillam
1345 1360 1571 1400 offensam
1593 1366 1782 1412 patrare
1805 1361 1881 1400 ad*

236 1437 441 1483 vertunt,
464 1443 647 1483 nempe,
672 1432 711 1472 si
727 1431 943 1484 jurarint,
967 1438 1101 1484 turpe
1123 1432 1235 1484 quid
1255 1432 1558 1483 protulerint,
1583 1443 1749 1483 preces
1772 1443 1880 1484 quo-

237 1503 440 1543 tidianas
462 1504 776 1554 neglexerint,
802 1509 961 1544 mutuo
983 1504 1302 1544 concertarint
1325 1509 1404 1543 aut
1432 1503 1682 1555 ejusmodi,
1716 1503 1882 1554 quibus

238 1575 350 1615 olim
372 1575 562 1615 obnoxii
583 1581 731 1626 erant,
755 1575 1029 1615 admiserint
1049 1575 1302 1626 quidpiam.
1326 1575 1551 1625 Magnum
1575 1575 1715 1614 etiam
1737 1574 1879 1614 humi-

239 1647 383 1686 litatis
404 1647 591 1686 futurae
611 1647 897 1698 portendunt
923 1647 1130 1698 signum,
1164 1646 1274 1697 quin
1303 1653 1347 1686 et
1376 1646 1716 1686 emendationis
1744 1657 1882 1696 argu-

238 1724 468 1767 mentum;
492 1717 611 1758 adde
633 1724 677 1758 et
698 1718 907 1769 priorum
927 1730 1159 1758 noxarum
1181 1718 1356 1757 doloris
1377 1717 1623 1767 indicium,
1657 1728 1763 1757 cum
1793 1717 1881 1756 sin-

233 1789 358 1840 gulis
379 1789 616 1829 mensibus
638 1791 781 1829 semel
802 1790 967 1829 saltem
994 1788 1275 1829 confitentur
1305 1795 1464 1840 atque,
1497 1789 1545 1828 in
1576 1788 1827 1839 collegium
1857 1800 1882 1827 e

234 1860 386 1900 sacris
412 1860 606 1900 aedibus
633 1861 833 1910 reversi,
864 1861 1022 1911 palam
1049 1861 1096 1900 in
1125 1860 1347 1900 classium
1379 1860 1532 1900 medio
1560 1860 1692 1900 multi
1720 1871 1881 1899 eorum

234 1943 397 1971 coram
423 1932 807 1983 praeceptoribus
843 1932 1092 1983 procidunt
1124 1933 1452 1983 supplicesque
1486 1932 1543 1971 ab
1578 1931 1645 1970 eis
1679 1931 1878 1981 ignosci,

231 2003 405 2054 junctis
426 2003 642 2043 manibus
664 2011 919 2055 opertoque
941 2004 1094 2054 capite
1112 2003 1258 2054 (sic),
1281 2004 1536 2055 postulant.
1569 2003 1629 2043 Ut
1656 2003 1881 2042 brevibus

234 2074 494 2123 absolvam,
518 2074 597 2126 qui
619 2080 687 2115 est
708 2075 798 2114 illis
820 2088 845 2115 a
869 2075 1240 2115 confessionibus
1262 2075 1378 2115 satis
1396 2074 1560 2114 mirari
1581 2074 1741 2124 nequit
1769 2085 1880 2125 quo-

235 2145 374 2186 modo
393 2145 510 2185 adeo
528 2146 693 2186 tenella
706 2146 784 2186 illa
798 2153 928 2186 aetas
941 2146 1156 2198 spiritum
1168 2146 1256 2186 Dei
1268 2146 1476 2186 imbibat.
1492 2145 1584 2186 Sed
1601 2146 1675 2185 ille
1687 2145 1764 2184 ubi
1780 2146 1880 2185 vult

235 2217 397 2267 spirat,
417 2223 461 2256 et
481 2228 582 2268 nos,
602 2217 642 2257 si
658 2218 874 2257 volumus
893 2217 1214 2268 audimusque,
1235 2217 1448 2268 suggerit
1471 2223 1514 2257 et
1536 2216 1672 2257 docet
1689 2216 1878 2267 quando

238 2289 417 2338 vult,‘et
438 2287 630 2337 dociles,
655 2288 693 2327 si
715 2289 946 2339 volumus,
970 2300 1057 2328 nos
1078 2288 1206 2340 ipsos
1227 2288 1488 2338 reddimus3
1512 2287 1571 2327 ad
1593 2287 1763 2327 ostium
1786 2293 1879 2326 stat

233 2366 279 2398 ct
300 2359 469 2410 pulsat,
497 2365 540 2398 et
562 2370 661 2410 nos,
685 2360 723 2398 si
745 2359 975 2411 audimus,
1000 2360 1255 2411 aperimus.

314 2430 610 2482 Quamquam
638 2436 682 2470 et
708 2437 928 2482 parentes
957 2432 1187 2482 nonnulli,
1221 2432 1453 2472 laudabile
1484 2436 1874 2478 commemoratu,

234 2501 384 2551 ipsum
405 2502 546 2541 etiam
567 2500 792 2553 Spiritum
809 2501 977 2552 juvant
993 2503 1127 2554 eique
1145 2509 1474 2554 cooperantur,
1499 2502 1625 2552 dum,
1644 2501 1692 2540 in
1713 2511 1876 2551 regen-

231 2572 303 2611 dis
323 2572 710 2624 instituendisque
739 2572 868 2623 filiis,
901 2573 1174 2625 diligentem
1205 2585 1368 2614 curam
1395 2579 1565 2625 gerunt
1593 2572 1788 2623 gerique
1819 2572 1877 2611 ab

235 2643 337 2683 aliis
357 2643 555 2684 sollicite
576 2650 763 2694 curant,
788 2645 826 2684 si
847 2644 958 2696 quid
978 2645 1026 2685 in
1047 2645 1114 2685 eis
1136 2645 1314 2685 sinistri
1343 2644 1750 2694 animadvertunt,
1783 2654 1878 2682 non

235 2715 419 2766 impune
440 2715 563 2755 ferre
584 2715 846 2767 patiuntur:
870 2716 1056 2768 ipsimet
1078 2717 1202 2756 enim
1230 2716 1285 2756 dc
1316 2717 1426 2766 illis,
1458 2715 1637 2755 meritis
1666 2715 1874 2765 dignum,

287 2898 295 2917 ¹
335 2898 371 2924 P.
383 2898 599 2926 Paschasius.
614 2899 665 2926 Ita
682 2900 770 2927 inter
783 2901 890 2928 lineas
906 2901 1083 2934 Polancus,
1100 2903 1195 2938 cujus
1211 2903 1285 2930 vide
1304 2902 1438 2934 Clzron„
1454 2907 1476 2929 t.
1495 2909 1533 2934 Η,
1555 2909 1631 2936 pag.
1648 2902 1711 2931 217,
1728 2909 1758 2927 n.
1777 2901 1838 2927 116.

285 2946 298 2964 ’ὲ
336 2945 367 2972 Is
383 2946 518 2973 videtur
534 2954 606 2973 esse
622 2947 692 2981 ipse
708 2947 921 2977 Pelletarius.
937 2949 1025 2977 Vide
1041 2950 1208 2984 Pomm-10,
1228 2952 1246 2977 l.
1264 2958 1400 2984 c.,p:1g.
1420 2951 1479 2983 187,
1497 2958 1526 2977 n.
1542 2950 1586 2976 43.
