2074 3179
195 146 266 184 436
712 152 933 189 LITTERAE
961 165 1316 196 QUADmffl-:smsss

952 608 1085 662 CXI

265 830 422 868 Petrus
443 832 694 871 Scorichius

311 897 431 935 Patri
450 898 620 946 Ignatio
640 901 692 938 de
712 902 894 949 Loyola.

358 962 542 1011 Vienna,
564 965 611 1002 29
629 966 887 1005 Decembris
910 969 995 1006 1551
1019 970 1028 989 ¹

955 1144 1061 1233 Jifis

268 1317 367 1357 Rde
390 1319 435 1358 in
457 1319 644 1361 Christo
666 1323 1186 1377 observandissimeque
1207 1325 1368 1366 Pater:

268 1388 432 1431 Gratia
455 1397 499 1431 et
520 1404 613 1443 pax
629 1393 820 1435 Domini
840 1395 999 1436 Nostri
1019 1396 1131 1448 Jesu
1152 1396 1227 1437 X.i
1256 1397 1314 1437 sit
1331 1410 1385 1437 ac
1408 1403 1591 1438 crescat
1608 1398 1655 1438 in
1677 1398 1821 1438 cordi-

188 1461 272 1501 bus
292 1464 468 1503 nostris
490 1475 689 1517 semper.
713 1466 880 1507 Amen.

263 1533 428 1586 Jussus
450 1535 510 1575 ad
530 1535 670 1576 tham
699 1536 1037 1579 Paternitatem
1059 1539 1119 1580 V.
1141 1552 1196 1580 ea
1217 1540 1437 1591 scribere,
1461 1552 1582 1592 quae
1597 1540 1698 1580 istis
1716 1552 1822 1592 qua-

187 1610 292 1644 tuor
312 1606 551 1646 mensibus
571 1609 784 1659 proxime
807 1610 979 1661 elapsis
1000 1621 1082 1661 per
1114 1610 1236 1650 RdOS
1257 1610 1421 1651 Patres
1451 1618 1495 1651 et
1522 1611 1825 1651 charissimos

185 1676 355 1716 fratres
371 1683 560 1718 nostros
581 1678 669 1719 Dei
690 1680 846 1731 gratia
867 1680 943 1721 hic
965 1687 1071 1721 sunt
1091 1688 1241 1733 gesta,
1268 1682 1376 1722 licet
1397 1682 1516 1722 alios
1537 1682 1597 1722 ad
1618 1682 1664 1722 id
1684 1682 1824 1733 longe

184 1747 389 1798 aptiores
412 1748 623 1789 viderem
644 1751 691 1790 in
713 1751 800 1791 hoc
821 1752 1040 1804 collegio,
1064 1753 1325 1804 parendum
1347 1758 1504 1793 tamen
1525 1764 1627 1793 esse
1647 1753 1818 1804 potiuS,

183 1830 323 1870 quam
348 1821 654 1861 excusatione
675 1822 721 1861 in
744 1823 885 1863 alium
908 1823 997 1864 hoc
1014 1824 1221 1864 muneris
1241 1824 1619 1865 transferendum
1635 1824 1812 1876 putavi.

182 1890 336 1942 Atque
358 1897 408 1931 ut
428 1891 536 1932 hinc
566 1893 803 1945 incipiam,
828 1894 950 1934 Rdus
978 1894 1027 1934 P.
1053 1895 1290 1947 Claudius,
1321 1901 1370 1936 ut
1391 1901 1461 1936 est
1491 1896 1538 1936 in
1559 1895 1819 1936 tractandis

182 1961 421 2003 hominum
443 1964 611 2004 animis
632 1965 802 2005 mirum
820 1965 868 2005 in
888 1966 1079 2007 modum
1099 1966 1210 2007 felix
1232 1973 1276 2007 et
1299 1967 1477 2015 deXter‚
1503 1967 1753 2019 quemdam
1774 1967 1820 2006 in

182 2034 268 2074 hac
296 2034 616 2076 Universitate
647 2038 808 2088 magni
835 2038 1038 2078 nominis
1066 2044 1205 2090 atque
1232 2038 1508 2079 eruditionis
1537 2038 1713 2089 virum,
1744 2037 1821 2089 qui

182 2106 239 2145 ob
269 2106 448 2147 illatam
479 2107 715 2160 injuriam,
748 2109 795 2148 in
827 2109 1169 2161 adversarium,
1207 2109 1277 2150 ira
1306 2109 1526 2162 percitus,
1567 2109 1821 2149 vindictam

187 2189 370 2218 sumere
392 2179 698 2229 pertinaciter
719 2179 1027 2231 decrevisset,
1052 2186 1095 2221 et
1111 2181 1397 2221 invectivam
1415 2192 1597 2233 quoque
1614 2186 1817 2232 pararet,

183 2248 269 2289 Dei
295 2250 451 2300 gratia
484 2262 578 2290 non
606 2252 756 2291 solum
787 2252 1008 2303 placavit,
1038 2264 1200 2293 verum
1236 2253 1375 2292 etiam
1403 2264 1457 2292 eo
1485 2251 1724 2303 perduxit,
1754 2257 1817 2301 ut,

183 2320 449 2361 condonata
479 2321 676 2362 libenter
697 2323 823 2362 omni
846 2322 1041 2374 offensa,
1065 2323 1409 2364 confessionem
1430 2328 1735 2375 peccatorum
1756 2321 1818 2361 fa—

185 2397 324 2443 ceret,
349 2393 740 2445 sanctissimoque
761 2394 1088 2435 Eucharistiae
1110 2400 1407 2435 sacramento
1427 2394 1595 2434 devote
1617 2404 1817 2434 commu-

182 2463 375 2503 nicaret.
400 2463 526 2504 Idem
552 2463 674 2504 Rdus
696 2464 764 2516 P.‚
790 2466 1008 2516 quamvis
1026 2465 1128 2506 aliis
1143 2465 1442 2516 gravissimis
1458 2465 1663 2516 negotiis
1680 2464 1816 2515 pluri-

185 2546 310 2574 mum
332 2541 602 2586 occupetur,
626 2536 837 2576 solicitus
857 2542 1013 2577 tamen
1036 2542 1120 2588 est,
1145 2542 1195 2577 ut
1217 2536 1539 2578 adolescentes
1555 2535 1817 2587 provincia-

184 2607 265 2657 les,
289 2618 427 2646 sacro
450 2607 717 2658 theologiae
739 2607 891 2648 studio
915 2608 1130 2658 dedicati,
1156 2608 1216 2648 ad
1235 2608 1459 2660 pietatem
1487 2607 1734 2658 diligenter
1755 2606 1817 2646 in-

184 2677 449 2718 stituantur.
472 2677 614 2730 Cujus
635 2679 702 2718 rei
723 2679 878 2729 gratia
901 2691 1040 2731 saepe
1062 2690 1167 2720 cum
1188 2679 1396 2731 ipsorum
1416 2677 1816 2730 praeceptoribus,

187 2750 257 2788 vel
286 2749 537 2800 praefectis
559 2750 625 2800 (ut
654 2750 866 2801 vocant),
891 2750 1147 2790 consultat:
1176 2751 1301 2802 ipsos
1331 2750 1472 2790 etiam
1500 2749 1820 2790 adolescentes

241 2933 249 2952 ¹
289 2932 375 2960 Bina
389 2933 485 2960 nobis
500 2938 577 2960 sunt
592 2934 715 2962 harum
730 2934 926 2961 litterarum
941 2934 1152 2968 apographa;
1169 2935 1273 2962 alium
1296 2935 1328 2961 in
1349 2934 1471 2961 Codice
1495 2934 1572 2966 1551,
1596 2933 1652 2960 sol.
1679 2932 1711 2959 15
1725 2936 1757 2959 et
1775 2932 1818 2965 16;

185 2981 288 3008 alium
304 2981 335 3008 in
355 2980 513 3008 Historia
526 2982 643 3013 varia,
657 2982 724 3010 vol.
742 2989 760 3015 1.
777 2981 833 3010 fol.
850 2981 911 3016 240,
927 2981 977 3009 ‘241
993 2985 1025 3008 et
1039 2981 1100 3009 2112.
