2074 3179
282 113 352 149 (fl—l
794 114 1025 152 LITTERAE
1052 124 1410 155 QUADRlMESTREs

281 209 437 249 Facile
465 216 621 250 tamen
647 211 804 250 animo
831 211 1110 262 persuadeo,
1146 212 1185 252 si
1211 212 1542 263 indIgenarum
1574 214 1755 254 animos
1787 216 1922 256 nobis

281 281 533 321 conciliare
563 282 752 321 tandem
778 293 1043 333 possemus,
1075 289 1119 323 et
1146 283 1299 324 Patris
1332 284 1572 336 Baptistae
1603 286 1823 326 valetudo
1854 287 1918 326 la-

281 352 381 392 bori
403 353 677 403 evangelico
698 354 1027 405 responderet,
1053 360 1132 394 aut
1155 355 1294 406 alter,
1326 355 1368 395 ei
1396 355 1443 395 in
1472 356 1563 396 hoc
1592 367 1783 396 munere
1802 369 1917 398 ‘suc-

281 424 473 474 cedens,
511 430 639 463 tanto
674 425 805 475 operi
838 437 925 476 par
960 432 1104 477 esset,
1143 425 1240 466 fere
1274 432 1323 466 ut
1361 438 1465 467 cum
1500 427 1619 467 lucri
1661 428 1918 479 spiritualis

283 506 422 534 usura
457 495 608 534 bonus
643 496 757 535 odor
791 496 901 549 Jesu
937 496 1110 537 Christi
1135 498 1274 548 longe
1305 498 1489 550 lateque
1528 510 1609 549 per
1646 499 1919 539 universam

282 566 487 605 Galliam
508 573 774 617 spargatur.

362 636 508 677 Vides
542 649 626 689 pro
661 638 804 678 animi
838 639 905 678 tui
935 639 1163 690 singulari
1196 640 1465 691 prudentia,
1504 640 1603 680 R.de
1632 641 1709 691 P.,
1749 652 1839 692 quo
1873 641 1918 680 in

279 714 405 748 statu
426 720 502 748 res
523 720 683 749 omnes
704 716 895 750 nostrae
917 710 1034 750 sitae
1064 711 1175 762 sint,
1209 717 1255 751 et
1276 723 1417 763 quam
1445 712 1642 762 exiguus
1674 711 1857 752 fructus
1892 724 1918 751 a

282 790 476 819 numero
507 786 667 820 nostro
696 781 903 820 ternario
932 780 957 832 ¹,
991 782 1144 834 capite
1168 782 1269 833 ipso
1297 782 1498 833 infirmo,
1534 782 1716 833 sperari
1736 782 1916 822 debeat.

282 851 411 891 Tuae
432 851 619 891 interim
645 851 768 891 Rflae
795 851 929 892 Pat.ti
957 864 1092 892 omne
1110 852 1336 904 judicium
1366 859 1410 893 et
1439 853 1682 893 arbitrium
1710 859 1921 893 nostrum

283 923 446 963 humili
473 922 735 963 obedientia
772 923 1029 974 offerimus,
1067 930 1116 964 ut
1143 936 1227 976 pro
1258 930 1338 964 tuo
1368 924 1660 975 beneplacito
1693 924 1920 965 decernas

285 993 408 1045 quod
431 994 565 1034 vobis
584 994 786 1046 placebit
808 995 1053 1047 imperare.
1078 995 1126 1035 P.
1151 995 1365 1046 Baptista
1386 1007 1456 1046 se,
1487 996 1812 1047 perseveranti
1843 1008 1918 1047 pa-

238 1091 240 1094 ·
282 1065 445 1105 tientia
469 1065 527 1105 ad
549 1071 748 1105 mortem
770 1077 916 1117 usque
939 1066 1262 1117 confirmatus,
1287 1066 1414 1107 Tuae
1435 1066 1738 1106 Paternitatis
1760 1068 1918 1106 volun-

283 1137 369 1176 tati
391 1136 717 1185 conformans,
742 1143 985 1189 exspecta-t
1006 1137 1188 1178 arbitrii
1214 1138 1279 1178 tui
1308 1138 1556 1178 consilium
1583 1144 1628 1178 et
1656 1138 1917 1190 imperium.

366 1208 560 1248 Tradita
582 1215 689 1248 sunt
709 1209 934 1249 exercitia
963 1210 1148 1250 cuidam
1171 1210 1273 1250 viro
1304 1210 1466 1261 probo,
1497 1215 1649 1250 aetate
1677 1215 1918 1260 provecto,

284 1292 379 1320 non
400 1280 499 1320 sine
519 1279 674 1320 fructu
695 1281 880 1320 animae
902 1281 1068 1332 ipsius,
1091 1281 1200 1322 licet
1233 1288 1344 1321 voto
1371 1281 1610 1332 religionis
1639 1293 1689 1321 se
1720 1293 1814 1321 non
1844 1281 1919 1321 ad—

283 1351 540 1391 strinxerit.
565 1350 780 1392 Alterum
806 1350 1027 1403 juvenem
1057 1363 1258 1403 magnae
1288 1352 1389 1404 spei
1415 1352 1548 1393 brevi
1576 1352 1919 1403 exercebimus,

284 1434 421 1474 quem
444 1423 735 1463 orationibus
757 1423 964 1464 omnium
987 1424 1364 1464 commendatum
1386 1423 1721 1482 desideramus,

365 1494 413 1534 P.
439 1495 650 1546 Baptista
672 1494 719 1534 P.
745 1495 796 1535 T.
822 1496 1175 1546 responsionem
1203 1501 1384 1536 mature
1417 1495 1656 1547 efflagitat.
1692 1496 1923 1536 Veremur

287 1566 410 1606 enim
432 1578 489 1606 ne
510 1566 792 1618 Episcopus,
824 1578 1071 1607 numerum
1099 1573 1311 1607 nostrum
1342 1566 1458 1606 adeo
1491 1567 1713 1618 exiguum
1743 1567 1922 1618 conspi-

284 1643 440 1686 catus,
479 1637 667 1677 domum
701 1637 929 1677 hactenus
964 1638 1098 1678 nobis
1132 1649 1408 1678 concessam
1440 1638 1497 1678 ob
1530 1636 1628 1689 ejus
1663 1638 1921 1689 amplitudi-

285 1720 392 1748 nem
413 1708 546 1748 nobis
567 1708 678 1748 solis
702 1707 839 1760 [non]
863 1709 1118 1761 relinquat,
1142 1709 1436 1761 potissimum
1464 1720 1559 1749 non
1589 1710 1819 1749 allucente
1846 1721 1923 1749 no-

287 1779 356 1820 bis
377 1791 459 1831 spe
481 1779 737 1831 probabilis
759 1780 1036 1820 incrementi
1057 1792 1112 1820 ac
1132 1780 1315 1820 numeri
1341 1779 1533 1832 majorIs
1562 1780 1730 1831 futuri,
1766 1792 1921 1832 quam—

284 1863 426 1903 quam
463 1851 568 1890 belli
609 1857 885 1902 tempestate
921 1863 1142 1891 numerus
1176 1862 1438 1903 paucorum
1472 1852 1756 1891 multitudini
1790 1863 1921 1903 prae-

284 1928 389 1963 stet.
415 1921 648 1973 Quocirca
670 1922 928 1963 voluntatis
952 1928 1057 1963 tuae
1078 1928 1303 1974 paternae
1321 1921 1546 1974 judicium
1574 1928 1618 1962 et
1649 1923 1922 1963 mandatum

284 1995 629 2046 praestolamur
651 1994 943 2045 propediem,
968 2000 1017 2034 ut
1038 1995 1193 2034 securi
1214 1994 1379 2045 simus,
1404 1994 1698 2046 potissimum
1726 2000 1923 2045 urgente

288 2066 555 2106 infirmitate
578 2065 729 2105 Patris
750 2066 913 2106 nostri.

364 2137 632 2188 Reliquum,
657 2137 783 2189 quod
805 2137 1082 2187 scribamus,
1106 2149 1200 2177 non
1221 2137 1449 2188 occurrit,
1474 2136 1563 2177 nisi
1586 2136 1708 2188 quod
1729 2148 1821 2176 uno
1843 2148 1922 2176 ore

285 2216 330 2249 et
370 2209 525 2249 animo
569 2220 730 2249 omnes
770 2209 920 2249 sacris
956 2209 1248 2249 orationibus
1282 2209 1374 2249 tuis
1413 2215 1457 2249 et
1492 2208 1698 2248 omnium
1730 2207 1922 2248 Patrum

287 2288 427 2332 atque
448 2280 647 2321 fratrum
667 2280 885 2332 precibus
907 2280 1160 2320 humillime
1177 2292 1264 2320 nos
1281 2280 1680 2330 commendamus,
1699 2286 1749 2319 ut
1765 2278 1922 2319 Domi-

286 2364 373 2392 nus
407 2352 544 2405 Jesus
579 2351 815 2402 Christus,
845 2352 1099 2403 patientiae
1127 2357 1172 2391 et
1203 2350 1493 2391 obedientiae
1527 2350 1670 2390 armis
1701 2350 1918 2401 munitos,

286 2423 493 2463 victores
513 2434 599 2463 nos
620 2429 813 2463 coronet
834 2423 881 2462 in
902 2423 1059 2463 coelis.
1084 2422 1251 2463 Gratia
1271 2422 1462 2462 Domini
1480 2422 1591 2475 Jesu
1612 2428 1781 2461 tecum.

368 2494 508 2542 Vale,
532 2494 669 2534 Pater
693 2493 1001 2534 observande.

369 2566 547 2617 Quarto
568 2564 679 2616 Maji
703 2565 818 2605 1552.
842 2565 1055 2606 Lutetiae
1076 2577 1100 2605 e
1122 2565 1259 2606 domo
1283 2564 1631 2605 Clarmontana.

367 2637 420 2677 R.
446 2637 493 2677 P.
519 2637 556 2677 T
561 2649 648 2677 uae
669 2637 887 2677 mini-mus
917 2637 964 2677 in
990 2636 1176 2677 Christo
1207 2636 1327 2676 filius
1355 2641 1399 2676 et
1427 2635 1710 2676 humillimus
1740 2646 1922 2684 servus,

1145 2781 1392 2821 ROBERTUs
1423 2780 1756 2829 CLAYssomus,

1350 2849 1545 2884 Bru'gensis.

346 2941 354 2959 ¹
395 2941 531 2967 Tertius
546 2945 620 2967 crat
635 2940 782 2973 Jacobus
798 2940 974 2968 Morellus.
