2074 3179
254 209 322 249 186
560 218 566 221 ·
769 211 994 248 LITTERAE
1022 221 1378 253 QUADRnffisrREs

249 314 491 358 queretur,
512 306 676 358 julium
708 314 818 348 tunc
848 307 987 357 dedit,
1012 313 1057 347 et
1086 308 1278 358 rogavit
1307 315 1357 348 ut
1386 307 1575 348 domum
1597 319 1751 357 suam,
1776 320 1893 360 quae

248 384 318 419 est
351 378 610 429 VoIsenae,
651 379 904 429 adiremus,
940 390 997 418 ac
1032 389 1088 418 eo
1123 377 1218 429 die,
1257 390 1348 429 quo
1383 391 1436 419 eo
1472 379 1658 419 venturi
1690 391 1890 429 eramus,

250 450 495 501 praemisit
534 450 612 502 qui
650 462 737 490 nos
772 450 961 490 domum
1000 460 1134 489 suam
1175 449 1484 501 adducerent,
1528 450 1719 502 ipseque
1753 450 1893 491 etiam

248 521 436 561 obviam
471 521 715 572 processit.
755 518 847 560 Sed
882 526 1135 572 antequam
1165 532 1250 560 nos
1284 521 1557 572 reperisset,
1588 521 1815 572 Baptista,
1848 522 1891 561 in

248 593 404 643 platea
426 592 652 644 quadam,
676 592 797 643 quae
819 597 887 631 est
904 591 1039 643 juxta
1061 591 1202 632 aedes
1224 590 1345 643 ejus,
1366 593 1674 632 concionatus
1704 600 1794 644 est,
1819 594 1891 633 cui

247 669 292 704 et
313 664 412 715 ipse
434 663 595 704 adfuit.
620 662 835 703 Perfecta
858 663 1109 713 concione,
1131 662 1320 703 domum
1339 663 1493 714 duxit,
1514 663 1669 715 ibique
1686 676 1740 704 ea
1756 671 1893 704 nocte

247 734 441 785 fuimus;
473 746 611 786 quem
632 745 845 774 amorem
874 746 1108 786 quamque
1139 734 1517 774 benevolentiam
1537 734 1670 774 nobis
1700 747 1812 786 prae
1843 747 1891 775 se

248 806 426 857 tulerit,
451 805 587 846 vobis
607 805 913 857 cogitandum
934 805 1162 857 relinquo.
1196 805 1333 846 Certe
1363 806 1552 846 domum
1580 817 1713 846 suam
1743 805 1893 846 Socie-

247 877 332 917 tati
350 877 463 930 Jesu
485 888 672 928 semper
695 883 909 929 apertam
928 876 1030 917 fore
1060 877 1288 928 promisit.
1323 877 1440 917 Cum
1461 877 1559 928 ipse
1590 884 1633 917 et
1656 889 1775 917 uxor
1796 876 1896 928 ejus

248 949 594 999 accubuissent,
620 949 848 1000 Magister
864 947 1088 988 Nicolaus
1101 947 1240 999 jussit
1257 948 1427 1002 Joanni
1445 955 1494 988 ut
1512 949 1580 988 eis
1598 948 1896 989 concionare-

252 1026 340 1060 tur.
366 1018 589 1072 Sequenti
619 1019 714 1071 die,
746 1031 851 1060 cum
880 1031 966 1059 nos
998 1020 1201 1059 retinere
1231 1031 1327 1060 non
1357 1026 1537 1070 posset,
1567 1018 1695 1070 jubet
1726 1031 1895 1071 equum

252 1091 411 1142 parari
441 1102 581 1142 quem
599 1091 808 1145 Joannes
837 1090 1308 1142 Aquampendentem
1331 1102 1477 1143 usque
1505 1091 1750 1142 equitavit.
1776 1090 1895 1130 Huic

247 1162 351 1202 viro
370 1162 546 1213 optimo
558 1161 842 1202 Vincentius
856 1161 1078 1202 Mandula
1094 1173 1267 1202 nomen
1284 1168 1367 1211 est,
1392 1168 1435 1201 et
1452 1161 1690 1201 Volsenae
1708 1162 1888 1202 habitat

251 1233 391 1273 aedes
418 1233 522 1273 illas
561 1244 678 1285 quas
706 1233 846 1274 habet
873 1232 1034 1273 Rmus.
1065 1232 1332 1273 Cardinalis
1363 1232 1580 1273 Tiberius
1612 1233 1821 1284 Crispus.
1847 1233 1894 1272 In

252 1305 456 1356 quodam
478 1304 569 1344 alio
593 1304 813 1357 oppidulo
843 1304 1055 1356 Baptista
1088 1304 1397 1345 concionatus
1428 1311 1517 1354 est,
1548 1304 1594 1344 in
1626 1304 1716 1343 alio
1745 1303 1894 1344 Thad-

249 1375 408 1416 daeus.
441 1375 609 1416 Sienae
639 1382 776 1416 nocte
804 1376 881 1416 illa
903 1387 995 1427 qua
1016 1387 1071 1416 eo
1102 1375 1377 1416 devenimus
1410 1375 1687 1415 commorati
1717 1386 1894 1426 sumus,

247 1459 339 1499 qua
352 1447 637 1487 Thaddaeus
653 1459 748 1488 una
762 1459 870 1487 cum
884 1447 1043 1488 Aillon
1056 1447 1103 1487 in
1124 1448 1262 1487 domo
1280 1447 1444 1487 matris
1458 1458 1571 1486 suae
1584 1446 1685 1486 fuit.
1700 1446 1893 1486 Postera

247 1518 322 1559 die
338 1519 455 1559 satis
471 1520 653 1559 lautum
672 1519 923 1571 prandium
943 1518 1089 1559 frater
1112 1517 1211 1569 ejus
1235 1518 1367 1558 nobis
1405 1518 1614 1558 exhibuit
1646 1530 1701 1557 ac
1732 1523 1894 1569 postea

247 1588 386 1630 Siena
417 1590 734 1631 discessimus.
764 1590 1055 1639 Florentiae,
1081 1601 1172 1641 quo
1193 1601 1365 1629 novem
1387 1589 1549 1629 diebus
1570 1588 1720 1628 Roma
1754 1587 1889 1628 deve-

247 1662 417 1712 nimus,
449 1662 586 1702 solita
615 1661 870 1712 charitate,
901 1661 1141 1701 hilaritate
1172 1667 1217 1700 et
1245 1660 1573 1700 benevolentia
1611 1671 1635 1699 a
1667 1659 1895 1710 Magistro

245 1733 427 1786 Joanne
446 1732 457 1752 ¹
479 1733 657 1785 recepti
676 1732 865 1783 fuimus,
889 1732 967 1784 qui
988 1732 1105 1772 duos
1126 1732 1235 1782 ,dies
1263 1743 1350 1771 nos
1380 1732 1555 1771 invitos
1581 1731 1785 1770 retinuit.
1812 1731 1896 1770 Ba-

248 1804 388 1856 ptista
402 1804 448 1844 in
460 1805 616 1856 platea
627 1804 790 1854 Ducis,
806 1803 964 1844 Aillon
981 1804 1029 1843 in
1040 1803 1061 1843 f
1060 1815 1142 1844 oro
1156 1803 1355 1854 olitorio,
1375 1803 1644 1843 concionati
1661 1809 1782 1852 sunt,
1802 1802 1895 1853 qui-

246 1875 332 1916 bus
355 1883 481 1916 certe
501 1876 618 1916 satis
638 1875 857 1927 frequens
885 1876 1052 1915 concio
1082 1875 1181 1915 fuit.
1214 1874 1519 1914 Reverendus
1546 1873 1593 1913 in
1624 1873 1810 1914 Christo
1844 1872 1892 1913 P.

246 1946 535 1997 Alexander,
559 1947 747 1999 quicum
766 1946 903 1987 hodie
920 1947 967 1986 in
989 1946 1202 1986 cubiculo
1220 1957 1304 1985 suo
1322 1945 1400 1985 diu
1415 1946 1597 1985 locutus
1614 1956 1716 1984 sum
1734 1976 1741 1994 ,
1761 1944 1825 1984 ita
1848 1956 1896 1984 se

246 2019 536 2059 orationibus
553 2019 646 2059 tuis
664 2018 975 2069 commendat,
995 2024 1044 2058 ut
1063 2018 1140 2069 qui
1158 2018 1361 2057 maxime
1379 2016 1699 2056 commendari
1718 2015 1891 2067 cupiat.

327 2089 469 2140 Vale,
501 2095 546 2130 et
567 2089 713 2130 filium
743 2089 987 2140 indignum
1017 2089 1109 2128 tuis
1138 2088 1428 2128 orationibus
1450 2086 1646 2138 adjuva,
1681 2092 1724 2126 et
1757 2086 1891 2126 simul

246 2159 525 2201 Reverendo
548 2161 594 2200 in
617 2160 804 2201 Christo
825 2160 873 2200 P.
900 2160 1102 2210 Ignatio,
1129 2159 1167 2198 si
1187 2159 1318 2207 libet,
1343 2158 1634 2198 commenda.

328 2231 506 2272 Datum
525 2231 816 2279 Florentiae,
846 2231 893 2271 lo
915 2231 1111 2271 Kalend.
1138 2230 1315 2281 Aprilis
1341 2230 1455 2268 {55st

330 2303 557 2354 Indignus
578 2303 700 2343 filius

1034 2444 1333 2483 LAL'RENTIL'S
1366 2444 1659 2483 BQSNARDUS.

332 2657 1040 2710 Superscrz'ptio.-Revcrendo
1063 2658 1108 2697 in
1131 2658 1319 2698 Christo
1343 2656 1471 2697 Patri
1492 2656 1711 2706 Polaneo,
1738 2654 1891 2695 Socie-

249 2729 360 2770 tatis
396 2729 508 2782 Jesu
547 2727 791 2769 Sacerdoti
828 2729 1119 2780 dignissimo.
1158 2728 1297 2780 Apud
1336 2727 1561 2768 Sanctum
1595 2725 1808 2766 Marcum
1843 2726 1887 2766 in

250 2800 444 2840 aedibus·
465 2812 585 2851 quae
607 2799 822 2851 adjacent
845 2800 995 2840 Divae
1018 2799 1196 2839 Mariae
1218 2801 1273 2840 de
1295 2799 1473 2849 Strata,
1498 2798 1689 2838 Rom-ae.

304 2961 314 2981 ¹
354 2960 503 2994 Joannes
518 2961 557 2987 de
576 2960 702 2988 Rossis.
