2074 3179
238 131 313 169 586
756 132 985 170 anmz
1012 144 1369 176 QUADRtMESTREs

903 621 1234 675 CXXXVII

310 885 358 920 l).
381 884 706 921 Maximilianus
727 896 752 922 a
773 884 956 932 Capella

359 949 480 987 Patri
498 949 669 997 ignatio
691 950 743 987 de
764 950 952 998 Loyola.

405 1014 664 1062 Methymna
685 1015 854 1063 Campi,
876 1015 922 1052 ‘29
941 1015 1110 1064 Aprilis
1140 1016 1231 1054 1552
1250 1017 1274 1053 ¹.

1012 1188 1110 1265 ulis

318 1368 585 1409 Admodum
607 1369 707 1410 Κάθ-
734 1370 780 1410 in
801 1370 942 1411 Chro.
966 1370 1128 1411 Pater:

320 1440 486 1480 Gratia
508 1447 553 1480 et
572 1453 668 1492 pax
687 1442 800 1495 Jesu
830 1442 1005 1483 Christi
1032 1441 1223 1482 Domini
1250 1440 1410 1481 Nostri
1437 1446 1481 1480 et
1512 1439 1881 1480 communicatio

237 1510 400 1551 Sancti
421 1511 623 1564 Spiritus
644 1514 704 1554 sit
726 1526 911 1566 semper
931 1514 1190 1554 nobiscum.
1215 1513 1382 1553 Amen.

317 1582 413 1633 Illa,
439 1595 559 1634 quae
586 1585 678 1624 hoc
710 1591 911 1636 quatuor
942 1585 1174 1625 mensium
1201 1584 1450 1624 intervallo
1476 1583 1691 1635 proxime
1719 1582 1879 1633 elapso

237 1653 467 1704 benignus
489 1653 721 1695 Dominus
741 1668 825 1707 per
846 1656 1159 1696 ministerium
1177 1657 1345 1696 horum
1363 1655 1663 1695 minimorum
1680 1653 1879 1693 filiorum

235 1731 420 1765 tuorum
445 1725 666 1776 dignatus
687 1734 757 1767 est
781 1728 983 1779 operari,
1007 1733 1115 1767 sunt
1131 1739 1186 1766 ea
1209 1738 1329 1778 quae
1349 1738 1473 1766 nunc
1487 1725 1584 1777 jam
1605 1724 1874 1765 recensebo.

315 1795 548 1848 Imprimis
570 1797 727 1850 itaque
750 1804 799 1838 ut
829 1811 856 1839 a
878 1799 1183 1839 concionibus
1211 1798 1365 1838 Patris
1392 1796 1610 1848 Magistri
1639 1795 1879 1847 Baptistae

234 1879 419 1907 sumam
454 1868 653 1921 initium,
687 1870 745 1909 ab
773 1882 827 1910 eo
857 1876 1069 1922 tempore
1105 1881 1197 1922 quo
1226 1870 1325 1921 ipse
1354 1869 1400 1908 in
1429 1868 1518 1908 hac
1553 1867 1666 1907 urbe
1700 1866 1877 1918 Methy-

233 1939 418 1979 mnensi
440 1940 713 1980 concionari
735 1941 902 1992 coepit,
928 1947 998 1981 est
1015 1941 1193 1993 fuitque
1214 1952 1399 1991 semper
1416 1939 1498 1980 toti
1519 1938 1690 1990 populo
1711 1937 1878 1989 gratis-

232 2010 382 2050 simus
413 2016 457 2050 et
487 2011 535 2051 in
567 2023 742 2063 magna
778 2013 1050 2053 reverentia
1085 2024 1268 2052 summo
1299 2023 1406 2051 cum
1438 2022 1599 2051 amore
1629 2009 1879 2061 conjuncta

237 2081 363 2133 apud
398 2093 560 2122 omnes
594 2082 797 2135 habitus,
835 2084 1074 2135 ipsiusque
1102 2084 1386 2124 documenta
1414 2088 1553 2134 atque
1581 2081 1797 2131 consilia,
1830 2087 1880 2120 ut

234 2153 522 2194 suavissima
545 2166 600 2194 ac
622 2155 948 2206 saluberrima,
967 2155 1156 2207 plurimi
1178 2160 1437 2206 sequuntur
1458 2160 1503 2194 et
1534 2154 1876 2204 amplexantur.

236 2224 453 2276 Hincque
474 2225 652 2266 factum
674 2233 744 2266 est
765 2232 814 2267 ut
840 2239 925 2278 per
946 2226 1046 2279 ejus
1074 2226 1326 2266 conciones
1357 2231 1497 2277 atque
1526 2224 1880 2265 exhortationes

236 2308 328 2336 non
350 2296 489 2348 pauci
511 2297 813 2338 immodicum
831 2298 1034 2338 vestium
1053 2299 1229 2338 cultum
1249 2303 1293 2337 et
1311 2297 1587 2337 dissolutam
1603 2296 1729 2336 vitae
1746 2295 1877 2335 lasci-

235 2367 383 2418 viam,
415 2367 583 2419 quibus
611 2374 751 2409 antea
780 2369 1073 2419 diffluebant,
1105 2381 1210 2409 eum
1237 2379 1412 2419 magna
1447 2367 1653 2407 omnium
1680 2366 1878 2406 admira-

234 2439 359 2478 tione
380 2445 425 2478 et
447 2437 777 2480 aedificatione
806 2440 1099 2480 deseruerint
1121 2452 1176 2479 ac
1207 2439 1253 2479 in
1274 2439 1533 2480 modestiae
1555 2444 1599 2478 et
1619 2444 1877 2489 temperan-

234 2510 326 2550 tiae
348 2510 573 2551 virtutem
594 2512 733 2562 longe
755 2511 942 2551 felicius
963 2512 1311 2552 commutarint.
1344 2511 1401 2551 Et
1423 2510 1545 2550 hane
1567 2509 1754 2561 quidem
1783 2519 1878 2548 mu-

234 2582 461 2622 tationem
482 2582 706 2623 dexterae
728 2583 918 2623 Excelsi
946 2582 1246 2635 peculiariter
1266 2582 1442 2622 factam
1469 2580 1686 2620 novimus
1714 2580 1761 2619 in
1783 2580 1877 2631 qui-

234 2653 430 2693 busdam
464 2655 710 2706 matronis,
751 2655 940 2706 generis
969 2646 1214 2694 nobilitate
1243 2659 1288 2693 et
1328 2652 1602 2693 divitiarum
1641 2651 1879 2703 opulentia

234 2725 390 2776 claris,
423 2737 542 2777 quae
578 2738 671 2766 non
703 2732 891 2766 tantum
920 2726 979 2765 ob
1008 2725 1238 2777 ejusmodi
1275 2724 1549 2764 deliciarum
1576 2729 1620 2763 et
1654 2722 1879 2763 mollioris

290 2862 299 2880 ¹
338 2862 587 2897 Autographae
604 2865 745 2892 litterae
764 2865 796 2892 in
812 2865 892 2891 folio
909 2863 1114 2891 198.—A1iud
1130 2870 1196 2890 non
1212 2865 1301 2894 sunt.
1317 2867 1354 2888 ut
1368 2848 1494 2895 leg'cnti
1510 2864 1606 2895 patet
1618 2881 1624 2893 ,
1638 2867 1739 2894 quam
1755 2863 1877 2886 ornata

234 2914 267 2935 et
287 2910 426 2944 elegans
450 2912 559 2939 latina
583 2913 695 2939 versio
720 2913 918 2940 litterarum
942 2911 1063 2939 fratris
1087 2911 1181 2938 Petri
1208 2909 1399 2943 Sevillano,
1426 2916 1510 2943 quas
1532 2915 1634 2942 supra
1649 2915 1679 2934 n.
1707 2906 1876 2939 CXXXV,

236 2965 313 2992 pag.
329 2958 380 2984 577
395 2959 557 2986 dedimus.
