2074 3179
190 112 261 148 404
701 112 927 150 LITTERAE
954 123 1311 156 QUADRIMESTRns

193 215 300 249 sunt
319 208 518 260 physici,
542 209 621 248 alii
640 208 804 259 logici,
827 208 1003 259 primas
1027 214 1235 249 tenentes
1252 209 1372 249 inter
1388 209 1565 249 Bursae
1589 210 1678 258 (sic
1699 208 1819 250 Aca-

191 280 393 320 demiam
414 279 609 330 vocant)
632 285 820 319 nostrae
839 279 1087 319 studiosos.

270 351 428 391 Bonus
449 351 564 391 odor
585 350 834 391 Societatis
856 351 902 390 in
924 350 1022 391 dies
1041 351 1195 401 magis
1215 351 1437 392 Coloniae
1459 353 1717 404 spargitur:
1742 365 1817 392 ve-

191 428 360 462 nerunt
382 423 506 462 enim
527 422 593 462 ad.
607 434 686 461 eos
707 422 847 462 libelli
867 422 1056 473 quidam
1078 423 1294 474 impressi
1321 423 1376 462 de
1403 424 1542 463 rebus
1569 422 1817 464 Societatis

190 501 233 533 ct
268 493 324 533 de
359 493 586 545 martyrio
621 492 775 532 Patris
810 492 1004 533 Antonii
1044 492 1069 542 ¹,
1104 504 1303 544 quorum
1336 494 1533 534 lectione
1567 495 1819 546 plurimum

190 576 352 605 omnes
373 564 697 605 aedificantur.
721 564 822 615 Ego
851 565 964 604 istos
995 564 1176 604 libellos
1204 563 1356 605 adhuc
1384 577 1477 605 non
1503 565 1614 605 vidi.
1647 565 1819 606 Omnes

190 637 235 676 in
258 636 356 676 dies
377 636 542 676 melius
564 647 679 686 erga
699 635 982 676 Societatem
1004 635 1288 676 afficiuntur:
1313 647 1474 676 omnes
1491 636 1651 676 favent
1668 637 1815 676 nobis.

269 707 446 747 Nobilis
468 707 545 746 illa
568 706 758 746 domina
779 706 1033 746 Abbatissa
1055 706 1068 724 ²¹
1090 707 1137 746 in
1159 718 1242 746 suo
1264 707 1385 746 bono
1402 707 1642 758 proposito
1659 708 1706 747 in
1722 707 1819 747 dies

190 779 359 819 crescit
380 779 555 829 magis,
579 778 643 818 ita
664 784 713 818 ut
736 779 950 818 omnibus
972 778 1031 818 sit
1053 779 1286 830 exemplo:
1311 790 1451 830 saepe
1474 779 1596 818 enim
1618 790 1818 819 commu—

189 851 315 890 nicat
334 851 381 890 in
402 857 563 890 nostra
591 850 733 889 Missa
762 861 935 900 magna
967 861 1073 889 cum.
1100 849 1350 890 devotione
1381 856 1425 889 et
1452 849 1731 901 humilitate3
1764 850 1819 890 de

189 934 281 973 qua
303 928 347 961 et
367 922 423 961 de
444 921 600 961 multis
623 921 725 961 aliis
746 921 954 961 maxima
975 921 1128 961 adhuc
1150 921 1384 973 speranda
1401 929 1521 961 sunt.

268 993 397 1033 Haec
421 1000 527 1032 sunt
549 1005 667 1044 quae
689 1004 772 1044 pro
789 993 877 1032 hoc
900 999 1108 1044 tempore
1130 991 1179 1032 Ρ.
1202 992 1262 1033 V.
1282 992 1529 1032 scribenda
1552 1000 1816 1044 occurrunt,

189 1064 262 1104 cui
284 1075 369 1104 nos
390 1064 527 1104 unice
545 1064 929 1104 commendamus
950 1075 1056 1104 cum
1076 1069 1174 1104 tota
1196 1070 1359 1104 nostra
1380 1063 1571 1104 familia.

270 1134 574 1175 Reverendos
596 1135 760 1175 Patres
781 1141 825 1175 et
846 1135 1038 1175 Fratres
1059 1136 1105 1175 in
1132 1134 1318 1175 Christo
1347 1136 1524 1176 salutes
1553 1135 1817 1187 plurimum:

191 1218 354 1246 corum
375 1206 516 1246 etiam
537 1206 826 1246 orationibus
847 1207 1050 1247 maxime
1068 1206 1226 1258 juvari
1247 1207 1475 1258 cupimus.
1503 1206 1657 1247 Etiam
1684 1206 1733 1246 P.
1758 1207 1815 1246 V.

190 1291 239 1318 se
261 1279 591 1318 commendant
611 1278 727 1319 Rev.
750 1278 890 1318 Pater
917 1277 1050 1318 Prior
1078 1278 1378 1329 Carthusiae,
1410 1278 1575 1319 Patres
1608 1278 1747 1318 etiam
1776 1284 1819 1317 et

189 1349 289 1400 ejus
325 1349 542 1390 Vicarius
572 1336 678 1390 cum
706 1349 929 1390 fratribus
957 1350 1190 1401 omnibus,
1222 1356 1267 1390 et
1293 1351 1433 1390 amici
1459 1350 1607 1390 nostri
1642 1361 1820 1390 omnes,

269 1422 353 1461 His
374 1421 490 1462 bene
511 1422 667 1462 valeat
687 1421 734 1461 Ρ.
759 1421 818 1461 V.
843 1422 889 1461 in
911 1421 1098 1462 Christo
1119 1422 1243 1475 Jesu.

271 1493 442 1534 Ultima
464 1493 739 1533 Decembris
765 1493 879 1533 1551.

270 1565 323 1605 R.
348 1565 407 1606 V.
428 1577 594 1605 servus
615 1565 849 1615 indignus.

1096 1710 1378 1749 LEONARDUS
1410 1708 1606 1748 KEssEL.

269 1924 636 1976 Superscmptso.
661 1924 822 1964 Rev d0
844 1925 891 1964 in
909 1924 1094 1965 Christo
1112 1923 1254 1975 Patri,
1274 1922 1477 1963 Domino
1493 1921 1674 1973 Ignatio
1693 1933 1719 1961 a
1735 1920 1830 1961 Loss

187 1997 315 2047 yola,
341 1996 561 2036 Generali
581 1995 855 2048 Praeposito
878 1995 1125 2036 Societatis
1141 1995 1272 2048 Jesu,

1369 2137 1551 2178 ROMAE.

242 2302 249 2320 ¹
293 2301 328 2328 P.
346 2301 486 2328 Antonii
507 2301 702 2328 Criminalis
717 2301 749 2328 in
764 2301 860 2328 IndIa
876 2301 988 2328 occisi.

239 2351 251 2367 2¹
291 2349 479 2376 Abbatissa
494 2348 691 2376 monasterii
708 2348 855 2376 Sanctae
870 2347 1014 2376 Ursulae
1032 2347 1253 2375 Coloniensis.
1270 2346 1357 2374 Vide
1372 2353 1485 2381 supra,
1502 2352 1580 2379 pag.
1595 2345 1646 2372 ‘287
1658 2366 1665 2373 .
