2074 3179
877 147 960 184 AN.
993 146 1083 185 1552
1729 145 1801 182 507

912 600 1066 653 CXX

240 827 285 864 P.
308 827 529 864 Adrianus
550 827 874 864 Adriaenssens

285 893 406 930 Patri
424 892 592 939 Ignatio
613 892 666 929 de
690 892 871 940 Loyola.

331 958 543 997 Lovanio.
566 957 588 992 ε)
607 958 804 1003 Januarii
822 958 912 995 1552
931 959 955 993 ¹.

937 1141 1036 1206 isis

244 1310 410 1351 Gratia
431 1317 475 1350 et
498 1323 589 1362 pax
611 1310 683 1350 X.i
713 1323 818 1351 cum
839 1311 1051 1351 omnibus
1072 1311 1221 1352 nobis.
1245 1311 1412 1351 Amen.

243 1381 344 1421 R.‹1e
364 1381 502 1422 Pater
519 1395 525 1422 :

244 1452 631 1504 Quandoquidem
653 1459 816 1493 sancta
836 1453 1099 1494 obedientia
1120 1453 1187 1493 sic
1204 1453 1446 1504 praecipit,
1467 1452 1671 1493 referam
1687 1465 1798 1504 pau—

165 1524 231 1563 cis
252 1535 371 1574 quae
391 1523 480 1564 hoc
502 1524 832 1575 quadrimestri
853 1524 977 1575 apud
996 1535 1082 1564 nos
1104 1529 1212 1564 acta
1233 1530 1356 1564 sunt.

244 1593 374 1635 Cha.i
399 1594 568 1634 fratres
588 1595 738 1635 nostri
758 1595 996 1635 Arnoldus
1018 1601 1062 1635 et
1088 1594 1323 1645 Rugerius
1351 1594 1579 1634 hactenus
1606 1605 1800 1645 operam

167 1666 393 1706 dederunt
413 1666 735 1717 philosophiae
756 1673 800 1707 et
820 1667 1071 1707 visitarunt
1092 1666 1339 1717 diligenter
1361 1665 1573 1717 publicas
1595 1665 1796 1716 scholas;

164 1748 251 1776 sua
271 1743 428 1777 autem
448 1738 806 1778 conversatione
827 1743 871 1778 et
891 1738 969 1790 pia
990 1737 1316 1777 exhortatione
1337 1738 1510 1777 multos
1531 1736 1718 1776 trahere
1739 1736 1801 1776 ad

168 1807 456 1859 frequentem
482 1809 824 1849 consessionem
854 1814 898 1849 et
927 1809 1304 1849 communionem
1333 1808 1406 1848 sui
1433 1819 1599 1848 cursus
1626 1807 1800 1847 studio-

167 1890 266 1929 sos;
289 1884 333 1918 et
353 1879 417 1919 ita
432 1879 661 1920 Dominus
682 1880 887 1931 providit
907 1880 1040 1920 nobis
1062 1879 1279 1931 deditque
1301 1879 1438 1919 simul
1459 1890 1625 1919 cocum
1646 1885 1690 1918 et
1708 1878 1800 1918 fra—

168 1956 286 1989 trem
316 1949 362 1989 in
392 1949 608 2000 Domino,
638 1950 730 2001 qui,
764 1962 870 1990 cum
899 1951 946 1990 in
976 1950 1139 1991 officiis
1168 1950 1350 1990 culinae
1382 1950 1441 1989 sit
1463 1949 1683 2000 diligens,
1707 1960 1801 1989 non

167 2026 325 2060 tamen
352 2021 504 2060 minus
533 2029 601 2060 est
631 2021 829 2072 diligens
864 2021 912 2060 in
938 2021 1102 2061 studiis
1131 2027 1175 2060 et
1203 2021 1393 2060 servitio
1425 2019 1637 2070 Domini,
1673 2027 1802 2060 totus

167 2091 366 2142 simplex
394 2098 437 2131 et
466 2100 644 2140 rectus,
674 2092 720 2131 in
748 2104 838 2143 quo
865 2091 998 2132 dolus
1032 2103 1126 2131 non
1155 2099 1246 2141 est,
1280 2091 1403 2131 intra
1430 2103 1573 2131 unum
1608 2102 1798 2139 annum,

167 2161 268 2202 Deo
290 2163 496 2211 volente,
520 2163 867 2213 promovendus
889 2174 970 2202 seu
991 2162 1343 2213 magistrandus
1364 2162 1411 2202 in
1437 2161 1647 2202 Artibus.
1677 2161 1802 2201 Non-

167 2233 277 2274 dum
309 2233 419 2273 fecit
444 2241 606 2274 votum
640 2245 726 2273 nec
760 2233 922 2274 habuit
948 2233 1193 2284 exercitia,
1223 2233 1306 2273 sed
1333 2233 1489 2273 animo
1516 2233 1801 2273 deliberatus

166 2311 236 2343 est
261 2311 311 2344 ut
328 2304 581 2344 ⁴nobiscum
614 2311 821 2355 maneat,
852 2310 896 2344 et
924 2316 1031 2344 cum
1058 2304 1408 2356 opportunitate
1436 2310 1630 2356 paratus
1658 2304 1801 2344 susci-

164 2386 275 2425 pere
297 2375 521 2415 exercitia
544 2384 588 2415 et
608 2382 769 2415 votum
791 2376 1017 2416 emittere.
1260 2379 1264 2382 ’

246 2446 329 2486 Est
351 2452 395 2486 et
417 2446 533 2486 alius
555 2445 761 2497 ejusdem
781 2447 919 2486 studii
935 2446 1121 2497 juvenis
1141 2447 1258 2487 bene
1279 2447 1609 2498 morigeratus,
1635 2445 1802 2486 doctus

165 2528 336 2567 graece
358 2523 402 2557 et
422 2518 563 2557 latine
585 2524 628 2557 et
658 2518 704 2557 in
732 2518 1082 2558 humanioribus
1109 2518 1298 2569 litteris;
1330 2518 1406 2558 hic
1434 2517 1544 2558 fecit
1573 2517 1802 2557 exercitia

167 2594 212 2627 et
253 2588 440 2628 omnino
477 2588 805 2628 determinavit
839 2600 888 2629 se
923 2589 983 2629 ad
1015 2587 1324 2639 Societatem,
1362 2595 1557 2640 paratus
1592 2588 1804 2628 emittere

167 2664 348 2709 votum,
378 2671 484 2699 cum
514 2659 646 2700 nobis
674 2660 921 2711 placuerit,
953 2666 1172 2712 parentes
1208 2659 1344 2711 hujus
1381 2659 1634 2711 provident
1669 2659 1711 2699 ei
1746 2659 1803 2699 de

167 2730 429 2781 sumptibus
449 2737 493 2770 et
515 2731 803 2771 collocarunt
823 2731 946 2782 apud
966 2743 1067 2772 nos.

222 2914 233 2934 ¹
272 2915 519 2949 Autographae
535 2916 670 2942 litterae
692 2915 724 2942 in
739 2915 818 2942 folio
834 2916 957 2950 duplici
973 2923 1003 2942 n.
1020 2915 1172 2943 ish—Ex
1187 2916 1236 2943 eis
1251 2916 1355 2943 etiam
1370 2919 1536 2950 excerpta
1557 2916 1726 2950 quaedam
1746 2915 1805 2942 ha-

168 2961 283 2989 bemus
297 2962 331 2989 in
344 2962 506 2990 Historia
525 2964 637 2994 varta,
651 2963 718 2989 vol.
735 2970 755 2995 ι,
771 2963 826 2989 fol.
842 2963 894 2989 298
908 2963 959 2990 v.⁰
976 2967 1007 2990 et
1022 2963 1056 2990 in
1071 2963 1194 2991 Codice
1211 2963 1291 2997 1551,
1309 2964 1365 2991 fol.
1381 2964 1410 2990 ι’).
