2074 3179
243 190 314 226 2534
757 188 984 226 LITTERAE
1011 198 1368 231 QUADRmmsrREs

933 726 1198 780 LXVIII

315 1026 362 1063 P.
383 1026 607 1063 Adrianus
626 1025 955 1065 Adriaenssens

363 1086 484 1124 Patri
503 1086 673 1134 Ignatio
694 1086 748 1124 de
770 1087 954 1135 Loyola.

407 1146 620 1193 Lovanio,
641 1146 664 1183 6
679 1146 942 1185 Decembris
959 1147 1051 1185 1550
1071 1147 1097 1182 ¹.

1043 1423 1140 1465 IHS

324 1637 424 1677 ΒΑΕ
452 1637 569 1679 Dne.
594 1638 892 1690 Praeposite:

326 1708 492 1750 Gratia
513 1709 704 1750 Domini
725 1709 885 1750 Nostri
903 1709 1015 1763 Jesu
1037 1708 1213 1750 Christi
1233 1709 1292 1749 sit
1308 1719 1491 1760 semper
1514 1718 1620 1747 cum
1640 1705 1690 1746 P.
1713 1706 1773 1747 V.

324 1780 598 1821 Reverende
634 1793 689 1821 ac
722 1781 1043 1821 amantissime
1078 1781 1125 1820 in
1156 1779 1344 1821 Christo
1366 1778 1529 1819 Pater:
1560 1778 1678 1818 Tres
1710 1777 1884 1818 fratres

244 1852 473 1892 hactenus
499 1852 673 1892 fuimus
699 1864 908 1893 numero.
940 1852 1045 1905 Jam
1073 1864 1188 1892 vero
1223 1856 1419 1904 quartus
1449 1849 1654 1901 advenit,
1686 1861 1713 1890 a
1740 1849 1790 1889 P.
1821 1849 1880 1890 V.

247 1923 438 1973 missus,
464 1923 705 1964 Arnoldus
726 1922 760 1974 ²,
793 1923 927 1963 nobis
958 1924 1006 1963 in
1032 1923 1235 1963 Domino
1262 1922 1575 1973 gratissimus.
1613 1920 1787 1961 Omnes
1815 1932 1883 1960 re-

245 2001 334 2045 cte,
358 1995 461 2034 laus
482 1994 599 2046 Deo,
621 1994 863 2035 habemus.

325 2065 465 2106 Pater
483 2065 727 2106 Cornelius
745 2072 789 2107 et
805 2066 866 2107 M.
885 2066 1104 2107 Andreas
1116 2065 1129 2084 ⁵
1143 2065 1331 2106 student
1347 2064 1627 2116 theologiae,
1647 2069 1691 2104 et
1708 2062 1768 2104 M.
1789 2062 1883 2104 An-

247 2137 385 2177 dreas
405 2137 614 2189 fungitur
637 2138 788 2178 officio
810 2138 927 2178 coci.
951 2137 1214 2178 Arnoldum
1235 2137 1483 2177 statuimus
1503 2141 1609 2188 post
1628 2135 1718 2176 ista
1747 2135 1882 2184 festa,

244 2208 465 2249 videlicet
477 2209 810 2260 Conceptionis
827 2210 1000 2249 Beatae
1012 2209 1240 2260 Virginis,
1261 2208 1444 2248 mittere
1461 2207 1522 2247 ad
1531 2206 1884 2258 Paedagogium

247 2286 296 2320 ut
316 2280 501 2321 studeat
522 2280 847 2332 philosophiae
862 2278 891 2318 4.

326 2350 459 2392 Multi
493 2351 569 2392 hic
605 2352 946 2392 concionantur
974 2358 1072 2392 tum
1105 2351 1250 2392 latine
1278 2356 1377 2391 tum
1404 2351 1689 2402 germanice,
1720 2356 1764 2391 et
1791 2361 1882 2390 ma-

251 2433 373 2473 gnus
393 2422 442 2463 fit
464 2435 723 2463 concursus
750 2423 862 2463 cleri
888 2423 947 2463 ad
969 2422 1273 2473 audiendum,
1302 2422 1384 2462 sed
1411 2432 1499 2473 ego
1532 2422 1801 2473 frequenter
1826 2421 1885 2461 ad

249 2492 503 2534 Dominum
525 2495 725 2546 suspiro,
751 2493 1025 2534 desiderans
1045 2499 1094 2534 ut
1116 2494 1319 2545 aliquem
1338 2493 1528 2533 Patrem
1553 2491 1771 2534 Stradam
1792 2491 1883 2532 huc

248 2564 401 2605 mittat
423 2564 452 2616 ⁵,
475 2577 570 2605 non
593 2565 812 2605 dubitans
842 2565 953 2617 quin
975 2576 1080 2605 cum
1102 2564 1308 2605 maximo
1329 2563 1418 2604 Dei
1438 2563 1616 2605 honore
1637 2569 1681 2604 et
1709 2563 1884 2603 anima·

303 2772 314 2792 ¹
351 2771 471 2800 Manus
486 2772 601 2799 Patris
619 2772 760 2799 Adriani
777 2772 1028 2799 Adriaenssens
1042 2772 1074 2798 in
1090 2771 1168 2799 folio
1185 2779 1215 2798 n.
1233 2770 1292 2798 109.

301 2821 315 2839 Ξ
353 2820 452 2847 Alius
467 2827 487 2847 a
502 2819 614 2846 Hezeo
627 2820 766 2847 videtur
780 2819 835 2847 hic
851 2827 936 2847 esse.

298 2868 312 2886 ³
349 2867 385 2895 P.
402 2867 579 2895 Cornelius
593 2867 785 2895 Wishaven
799 2872 831 2895 et
846 2867 887 2896 M.
906 2867 1066 2895 Andreas
1081 2866 1251 2895 Sidereus.

298 2917 312 2935 ⁴
350 2915 615 2950 paedagogium,
639 2915 796 2949 Lovanii,
822 2922 942 2942 nomen
965 2918 1041 2942 erat
1065 2914 1209 2949 collegii;
1234 2915 1284 2943 ita
1308 2914 1562 2950 Paedagogium
1588 2912 1685 2943 Liiii.
1712 2912 1884 2945 Falconis,

247 2963 437 2996 Pontificis,
454 2967 519 2990 etc.
1330 2956 1335 2961 ’

297 3010 311 3028 ³³
348 3009 456 3038 Notus
471 3011 584 3038 suerat
601 3011 746 3038 Lovanii
763 3011 797 3037 P.
815 3010 1020 3038 Franciscus
1034 3010 1073 3037 de
1091 3008 1218 3037 strada
1233 3018 1320 3037 anno
1338 3010 1416 3037 15:13.
