2074 3179
139 97 211 134 428
652 98 882 136 LITTERAE
909 111 1267 143 QUADRIMESTRES

138 195 325 245 pietatis
347 195 631 236 christianae
653 196 815 236 officiis
837 197 1080 248 sustineat,
1103 197 1298 238 libenter
1325 199 1502 251 omitt03
1531 212 1642 240 nam
1671 213 1778 242 cum

138 266 270 306 multi
290 266 382 306 sint
403 272 446 306 et
467 278 656 318 graves,
682 267 822 307 etiam
845 279 1005 308 omnes
1026 280 1120 308 non
1141 269 1374 310 novimus.

217 335 334 378 Cum
355 343 513 378 autem
534 339 731 378 multum
757 338 960 389 laboret,
990 339 1128 378 nullis
1156 344 1312 379 tamen
1344 340 1578 392 frangitur
1605 343 1776 383 labori-

137 408 237 459 bus3
261 420 371 449 nam
388 410 468 460 qui
495 410 793 459 occasionem
821 409 1069 450 laborandi
1091 410 1276 461 obtulit,
1306 411 1429 451 idem
1455 412 1774 454 fortitudinem

136 486 361 530 praestat.
385 480 559 520 Fidelis
580 481 809 521 Dominus
826 481 904 532 qui
922 492 1039 520 onus
1056 481 1169 521 nulli
1185 481 1380 533 imponit
1397 484 1509 534 quin
1524 484 1651 525 vires
1668 497 1775 526 con-

135 550 271 602 serat,
297 551 464 602 quibus
487 552 532 591 id
552 552 734 603 portari
756 557 800 592 et
822 551 1042 592 sustineri
1063 552 1227 603 possit.

214 621 285 662 De
306 622 363 662 iis
389 634 503 662 vero
532 622 540 641 ¹
564 623 642 674 qui
669 623 715 662 in
737 622 875 663 domo
906 623 1196 674 probationis
1224 624 1407 675 vivunt,
1436 625 1599 676 paucis
1627 627 1774 667 absol—

133 704 258 744 vam3
282 694 346 734 ita
368 694 491 734 enim
513 700 736 745 aratrum,
761 694 821 734 ad
842 694 967 746 quod
987 706 1169 745 manus,
1199 694 1386 735 Christo
1408 695 1610 744 favente,
1636 697 1775 738 mise-

134 771 256 815 runt,
280 777 441 805 omnes
463 771 635 816 tenent,
660 772 710 805 ut
730 777 987 817 numquam
1008 772 1135 806 retro
1156 766 1434 817 respiciant,
1465 767 1547 807 sed
1577 768 1777 809 viriliter

131 842 279 886 agunt
300 842 344 876 et
366 837 561 876 ulterius
582 848 767 888 semper
788 836 1169 888 progrediuntur.

211 907 273 947 At
301 908 376 948 hic
406 919 501 948 non
529 907 716 948 videtur
747 908 1070 957 omittendum,
1108 909 1232 960 quod
1260 909 1339 949 uni
1370 921 1534 950 eorum
1560 912 1772 962 contigit,

132 979 210 1029 qui
233 991 339 1019 cum
360 979 549 1019 domum
572 980 723 1032 patris
744 980 816 1020 sui
838 980 1006 1020 ductus
1027 979 1212 1031 fuisset,
1245 986 1294 1020 ut
1324 992 1467 1021 avum
1494 993 1672 1029 senem,
1698 984 1775 1033 qui

129 1051 269 1100 gravi
291 1051 500 1102 quodam
521 1051 684 1091 morbo
708 1051 773 1101 (ut
795 1051 1028 1101 dicebant)
1051 1051 1311 1102 tenebatur,
1336 1052 1524 1103 viseret,
1549 1054 1711 1094 obtulit
1733 1054 1776 1094 ei

131 1128 280 1161 mater
303 1122 630 1174 strophiolum3
657 1128 703 1163 at
725 1135 819 1163 non
840 1123 968 1173 licet,
993 1123 1142 1175 inquit
1166 1123 1257 1173 ille,
1286 1129 1451 1164 mater.
1483 1124 1614 1164 Tunc
1637 1123 1775 1176 jussit

129 1193 293 1233 eadem
314 1199 364 1233 ut
383 1193 577 1244 biberet,
602 1205 800 1246 cumque
827 1206 914 1234 nec
941 1195 988 1234 id
1016 1195 1101 1234 sibi
1128 1194 1269 1235 licere
1296 1194 1514 1246 dixisset,
1539 1196 1775 1236 exclamat

128 1264 220 1305 illa:
244 1276 355 1305 num
376 1277 425 1305 es
447 1264 568 1305 filius
588 1271 638 1305 tu
660 1266 817 1306 meus?
844 1277 956 1306 num
981 1266 1098 1306 haec
1129 1277 1234 1306 mea
1261 1266 1387 1306 sunt?
1416 1278 1442 1306 a
1474 1272 1621 1306 matre
1652 1278 1775 1316 quae

126 1342 170 1376 te
191 1337 375 1388 genuit,
400 1337 525 1389 quod
553 1337 708 1388 offert,
739 1338 862 1389 quod
891 1338 1083 1378 mandat
1105 1370 1112 1388 ,
1136 1350 1229 1378 non
1257 1344 1389 1388 potes
1416 1338 1655 1390 accipere?
1685 1338 1771 1379 Cui

127 1413 224 1448 tum
246 1408 322 1448 ille
345 1409 629 1449 verecunde:
652 1421 710 1449 ne
731 1409 939 1460 mireris,
964 1421 1160 1461 quaeso,
1184 1415 1349 1459 mater;
1372 1421 1430 1450 ne
1446 1410 1654 1461 lapillum
1675 1410 1769 1462 qui-

126 1479 231 1519 dem
254 1485 333 1519 aut
355 1479 588 1520 festucam
610 1481 710 1520 sine
733 1480 997 1521 obedientia
1017 1492 1210 1533 possum
1232 1480 1469 1532 accipere,
1500 1481 1574 1521 cui
1602 1492 1675 1521 me
1706 1487 1772 1521 to-

125 1558 224 1591 tum
243 1558 438 1603 propter
459 1551 699 1592 Christum
721 1553 850 1602 vovi,
875 1564 962 1593 nec
984 1553 1107 1592 enim
1129 1558 1231 1592 erat
1251 1552 1312 1593 ibi
1334 1564 1361 1592 a
1383 1564 1473 1604 quo
1499 1552 1771 1593 facultatem

124 1622 375 1674 acciperet,
401 1634 507 1663 cum
526 1623 604 1674 illi,
630 1636 656 1663 a
678 1623 845 1675 quibus
868 1623 1098 1664 deductus
1118 1623 1286 1674 fuerat,
1311 1624 1358 1664 in
1379 1624 1526 1664 altero
1555 1624 1769 1665 cubiculo

123 1705 228 1733 cum
249 1701 383 1745 patre
406 1695 529 1735 illius
550 1701 721 1745 essent,
746 1695 856 1735 dum
877 1695 953 1735 ille
977 1707 1119 1736 avum
1141 1696 1332 1745 viseret,
1359 1695 1483 1746 apud
1504 1707 1641 1747 quem
1671 1702 1769 1736 tum

122 1771 271 1806 mater
293 1778 401 1806 cum
420 1767 524 1806 aliis
546 1767 820 1806 mulieribus
843 1773 960 1807 erat.

200 1835 293 1877 Sed
311 1843 356 1877 et
376 1837 432 1878 de
452 1838 632 1878 duobus
650 1838 740 1878 illis
756 1837 981 1878 fratribus
997 1838 1172 1878 nostris
1188 1838 1235 1878 in
1251 1837 1438 1879 Christo
1456 1839 1764 1890 charissimis,

122 1908 200 1959 qui
220 1908 294 1949 his
316 1909 479 1950 diebus
500 1909 560 1950 ad
581 1909 835 1949 Dominum
858 1909 929 1960 (ut
950 1909 1208 1957 credimus)
1239 1910 1526 1960 migrarunt,
1559 1922 1653 1950 non
1680 1917 1764 1960 est,

119 1979 243 2031 quod
266 1985 466 2032 taceam,
490 1992 690 2032 quorum
712 1981 831 2020 alter
852 1992 911 2020 ex
932 1981 1144 2031 collegio,
1170 1981 1287 2020 alter
1305 1993 1363 2020 ex
1381 1980 1516 2020 domo
1535 1981 1766 2032 probatio-

118 2051 189 2091 nis
209 2050 310 2092 fuit.
336 2050 454 2092 Cum
474 2052 618 2103 igitur
641 2051 688 2092 Ρ.
712 2051 867 2092 Natali
889 2051 936 2092 in
958 2051 1172 2092 Africam
1193 2052 1397 2092 eundum
1418 2058 1554 2103 esset,
1575 2058 1619 2092 et
1637 2052 1763 2104 cogi-

119 2128 240 2163 taret
262 2135 400 2175 quem
424 2135 583 2164 secum
607 2125 780 2175 (neque
803 2123 926 2163 enim
951 2124 1078 2163 solus
1098 2123 1165 2163 ire
1186 2123 1397 2174 poterat)
1421 2123 1636 2174 duceret3
1669 2129 1765 2164 tum

118 2193 339 2246 Isidorus,
365 2195 443 2246 qui
463 2195 539 2234 hic
559 2195 743 2246 publice
764 2194 1112 2246 philosophiam
1128 2194 1264 2234 docte
1281 2201 1326 2234 et
1343 2195 1640 2235 laudabiliter
1656 2206 1758 2246 pro-

118 2264 350 2317 fitebatur,
376 2266 547 2306 obnixe
569 2266 759 2317 rogavit
780 2272 829 2306 ut
851 2266 960 2305 illuc
981 2266 1080 2317 ipse
1109 2265 1371 2306 duceretur.
1404 2265 1495 2306 Sed
1524 2278 1582 2306 ne
1608 2266 1764 2306 lectio-

116 2348 201 2376 nes
223 2337 520 2389 relinqueret,
536 2337 723 2378 Patrem
742 2337 993 2387 detinebat,
1011 2337 1260 2388 quominus
1274 2337 1455 2377 socium
1471 2338 1559 2377 sibi
1571 2349 1677 2377 eum
1689 2337 1763 2377 de-

117 2408 299 2459 ligeret.
325 2408 688 2459 Verumtamen,
715 2420 821 2448 cum
842 2420 895 2448 ea
921 2420 1066 2448 causa
1088 2420 1181 2448 non
1197 2408 1393 2448 multum
1418 2409 1558 2448 etiam
1575 2409 1763 2449 obstare

117 2479 374 2531 videretur,
399 2479 522 2531 quod
542 2480 849 2519 vacationum
871 2486 1053 2531 tempus
1075 2479 1275 2530 adesset,
1299 2479 1542 2520 mandavit
1562 2480 1758 2530 duobus,

116 2549 294 2591 Isidoro
315 2562 481 2602 nempe
510 2556 555 2590 et
577 2551 732 2601 alteri,
758 2557 806 2590 ut
828 2562 877 2590 se
900 2551 959 2591 ad
987 2550 1342 2600 navigationem
1371 2551 1496 2590 illam
1527 2551 1761 2602 quampri-

116 2632 243 2661 mum
263 2628 501 2673 pa1·arent;
526 2622 805 2662 alterutrum
826 2622 948 2661 enim
966 2632 1124 2661 secum
1143 2627 1419 2671 assumeret3
1438 2633 1603 2661 verum
1619 2621 1758 2661 Isido-

116 2704 196 2732 rus
217 2704 323 2733 cum
343 2699 559 2744 rogasset
580 2698 628 2732 ut
645 2692 753 2732 hinc
771 2691 1021 2732 duceretur
1038 2692 1085 2732 in
1101 2691 1330 2742 Africam,
1350 2692 1580 2743 cogitavit
1599 2703 1759 2732 secum

116 2764 189 2813 (ne
211 2764 433 2816 deceptus
454 2777 481 2804 a
499 2765 742 2814 daemone,
763 2763 840 2816 qui
857 2764 903 2804 in
921 2765 1139 2815 angelum
1157 2763 1273 2803 lucis
1289 2775 1392 2803 sese
1412 2762 1669 2804 transferre
1687 2776 1756 2803 so-

171 2878 176 2896 ¹
219 2877 345 2904 Verbis
361 2877 412 2904 De
427 2877 483 2904 Itis
498 2885 592 2909 vero,
606 2877 783 2905 substituit
799 2877 883 2904 haec
901 2877 1078 2904 Polancus:
1100 2876 1140 2903 Ut
1155 2879 1274 2903 aulem
1292 2876 1339 2903 ad
1351 2878 1488 2903 nostros
1503 2876 1756 2904 Messanenses

116 2925 275 2951 redeam.
