2074 3179
821 120 903 156 Ax.
936 120 1021 156 1551
1671 117 1741 155 ‘257

802 569 1066 624 LXXIII

192 800 238 838 P.
259 800 584 837 Maximilianus
606 798 815 845 Chapelle

238 865 358 902 Patri
379 865 545 911 Ignatio
567 863 619 899 de
640 863 822 909 Loyola.

285 929 563 967 Salmantica.
586 928 834 974 5ja11uarii,
859 928 945 965 1551
966 928 989 962 ¹.

927 1101 947 1133 ἢ

894 1136 991 1176 IHS

204 1278 470 1318 Admodum
491 1277 764 1318 Reverende
786 1279 832 1318 in
855 1278 1041 1318 Christo
1064 1279 1217 1319 Pater.

205 1349 371 1390 Gratia
393 1356 437 1389 et
457 1361 552 1401 pax
572 1350 760 1390 Domini
781 1352 890 1398 Jesu
912 1350 1084 1390 Christi
1106 1357 1148 1390 et
1170 1350 1532 1390 communicatio
1553 1348 1751 1400 Spiritus

122 1421 284 1462 Sancti
300 1432 484 1472 semper
504 1421 562 1461 sit
582 1421 838 1461 nobiscum.
864 1421 1029 1461 Amen.

201 1493 288 1532 Per
305 1498 592 1543 postremam
608 1492 853 1543 epistolam
870 1503 1051 1542 eorum,
1072 1504 1190 1543 quae
1209 1498 1375 1543 quarto
1393 1501 1576 1542 quoque
1593 1501 1751 1529 mense

124 1564 263 1604 scribi
284 1565 448 1613 solent,
472 1564 721 1603 certiorem
747 1563 926 1603 reddidi
947 1563 1283 1603 paternitatem
1309 1569 1436 1602 tuam
1458 1561 1513 1601 de
1534 1566 1752 1612 suscepta

124 1635 393 1675 visitatione
414 1634 668 1685 Burgensis
690 1634 931 1685 dioecesis,
951 1633 1139 1686 jamque
1151 1640 1395 1674 narratum
1411 1638 1481 1673 est
1497 1631 1605 1684 quid
1624 1632 1670 1671 in
1686 1632 1751 1671 iti-

122 1717 233 1746 nere
253 1705 581 1746 Vallisoletum
602 1717 761 1756 usque,
787 1705 972 1745 Christo
995 1705 1199 1757 auspice,
1223 1704 1491 1756 peregerint
1510 1702 1674 1743 Patres
1705 1703 1750 1752 ii,

126 1788 241 1828 quos
262 1776 348 1816 sibi
369 1776 564 1816 comites
586 1782 630 1816 et
650 1775 888 1827 adjutores
916 1775 1117 1816 adscivit
1144 1775 1193 1815 P.
1222 1775 1400 1816 Doctor
1421 1775 1608 1815 Torres.
1633 1773 1754 1825 Quid

128 1854 283 1888 autem
303 1852 466 1898 postea
488 1847 783 1897 successerit,
807 1858 931 1887 nunc
953 1847 1172 1887 narrabo.

206 1918 388 1958 Interea
415 1917 523 1957 dum
556 1917 727 1958 fratres
754 1918 902 1957 nostri
928 1917 1182 1957 Doctorem
1211 1917 1473 1957 Vallisoleti
1502 1917 1754 1968 praestola-

127 1995 301 2039 rentur,
324 1988 550 2038 Magister
571 1988 775 2028 Alvarez
791 1988 1066 2028 concionem
1083 1988 1242 2028 habuit
1256 1987 1390 2039 juxta
1406 1988 1574 2027 valvas
1591 1987 1757 2028 domus

128 2059 287 2110 regiae
307 2059 355 2099 in
377 2071 486 2099 area
517 2060 631 2099 satis
653 2060 832 2110 ampla,
858 2071 994 2111 quem
1020 2070 1191 2109 magna
1214 2058 1470 2099 attentione
1492 2056 1753 2109 audierunt,

130 2142 223 2170 non
256 2130 288 2170 ii
323 2130 472 2169 solum
501 2130 579 2180 qui
614 2130 720 2169 illuc
752 2130 993 2170 concionis
1027 2130 1182 2180 gratia
1219 2129 1555 2180 confluxerant,
1594 2141 1759 2169 verum

130 2201 272 2241 etiam
298 2201 438 2241 aulici
458 2213 551 2240 non
572 2201 709 2251 pauci
732 2213 786 2240 ac
807 2201 1054 2250 foeminae,
1087 2201 1303 2252 quamvis
1331 2200 1544 2240 claritate
1564 2200 1756 2251 nobiles,

131 2272 187 2311 de
207 2271 425 2312 fenestris
441 2272 795 2323 prospicientes:
818 2271 948 2311 finita
966 2271 1206 2322 concione,
1226 2277 1469 2312 matronae
1486 2272 1591 2312 illae
1608 2277 1653 2311 et
1669 2272 1759 2323 ple-

131 2343 262 2394 rique
282 2343 360 2382 alii
381 2342 705 2382 admirabundi
723 2342 1105 2394 colloquebantur
1122 2342 1177 2383 de
1194 2342 1342 2382 solida
1360 2341 1458 2394 ejus
1475 2343 1688 2383 doctrina
1706 2355 1761 2383 ac

132 2413 332 2454 fervoris
353 2413 662 2463 vehementia,
686 2414 872 2453 tametsi
893 2419 1045 2453 aetate
1062 2411 1250 2464 juvenis
1271 2418 1407 2453 esset.
1433 2413 1625 2465 Aliquot
1646 2413 1762 2454 alios

133 2495 372 2524 sermones
407 2484 567 2523 habuit
600 2483 713 2535 ipse,
745 2490 789 2523 et
819 2483 868 2523 Ρ.
906 2484 1131 2535 Baptista,
1169 2490 1265 2524 tarn
1295 2483 1342 2524 in
1369 2485 1537 2535 plateis
1565 2485 1763 2536 publicis

135 2565 275 2606 quam
295 2555 342 2594 in
358 2554 641 2603 carceribus,
659 2554 964 2595 xenodochiis
981 2566 1037 2594 ac
1054 2554 1367 2605 monasteriis,
1386 2555 1465 2595 ubi
1481 2566 1665 2607 semper
1679 2555 1764 2596 fuit

137 2625 401 2666 auditorum
421 2636 670 2665 numerosa
691 2625 951 2677 multitudo,
976 2631 1021 2665 et
1046 2626 1091 2666 in
1119 2626 1185 2665 eis
1212 2626 1378 2676 ingens
1406 2626 1593 2677 pietatis
1614 2638 1670 2667 ac
1691 2626 1763 2667 de-

136 2696 339 2737 votionis
361 2696 571 2737 affectus.

193 2830 203 2850 ¹
241 2831 470 2866 Autographa
484 2832 518 2859 in
534 2832 658 2866 duplici
673 2831 761 2865 folin,
779 2831 830 2858 cui
845 2832 925 2859 olim
940 2839 993 2859 nn.
1009 2832 1060 2859 234
1075 2836 1108 2858 et
1123 2832 1184 2865 435,
1202 2839 1287 2859 nune
1304 2839 1386 2859 vero
1400 2832 1435 2859 66
1449 2835 1482 2859 et
1496 2832 1690 2860 67.—A1iud
1704 2840 1770 2860 non

138 2882 201 2911 est,
217 2881 252 2905 ut
262 2879 389 2912 legenti
404 2878 503 2906 facile
518 2878 660 2913 patebit,
678 2885 779 2913 quam
793 2879 900 2906 latina
915 2879 1040 2911 versio,
1053 2879 1169 2913 paucis
1185 2878 1327 2906 mutatis
1350 2883 1384 2906 et
1406 2878 1541 2913 additis,
1564 2880 1771 2915 litterarum,

141 2931 223 2958 quas
238 2932 258 2952 a
272 2924 373 2953 Patre
390 2925 654 2953 Bartholomaeo
670 2925 871 2953 Hernandez
887 2926 1095 2960 subscriptas
1111 2926 1263 2953 dedimus
1278 2933 1392 2960 supra,
1409 2934 1439 2954 n.
1455 2934 1546 2961 Lux,
1562 2935 1640 2961 pag.
1656 2927 1717 2954 248.

331 2985 379 3020 T.
402 2999 427 3021 1.
1499 2994 1539 3028 ¹7
