2074 3179
856 173 938 210 AN.
970 174 1054 211 1551
1695 176 1765 213 ¹275

137 282 260 311 nunc
287 269 534 321 tranquilla
566 274 692 319 sunt,
723 270 949 309 moniales
977 275 1021 310 et
1051 269 1284 321 oppidum.
1317 269 1405 310 Per
1436 270 1616 310 litteras
1639 284 1664 311 a
1692 283 1764 311 mc

132 340 498 382 »constitutiones
525 351 632 379 cum
660 345 889 391 peterent,
915 340 1017 380 illas
1044 340 1168 391 misi,
1199 352 1316 392 quas
1337 340 1388 380 T.
1413 340 1461 381 Ρ.
1484 340 1539 380 R.
1563 340 1764 381 Sanctae

138 413 350 453 Marthae
378 411 660 451 monasterio
687 411 937 463 aliquando
966 411 1105 452 dedit.
1129 412 1298 452 Totum
1319 412 1408 451 hoc
1429 424 1545 463 opus
1566 425 1624 452 ex
1651 413 1763 452 elee-

137 483 346 535 mosynis
381 482 644 522 confectum
685 488 767 522 est.
805 482 900 523 Alii
933 483 1160 533 triticum,
1191 483 1269 523 alii
1288 483 1557 534 pecuniam,
1590 483 1667 523 alii
1687 495 1764 523 an-

136 555 294 604 nulos,
319 554 398 592 alii
419 542 608 604 operas,
634 553 713 593 alii
734 554 826 593 alia
848 553 1124 605 offerebant;
1148 559 1192 594 et
1213 565 1267 593 eo
1288 565 1433 605 usque
1451 554 1637 594 devotio
1660 553 1764 593 offe-

138 625 270 665 rendi
291 631 591 675 excreverat,
622 631 670 664 ut
698 636 756 664 ex
783 625 855 665 his
891 637 1008 677 quae
1041 631 1336 677 supererant,
1368 637 1508 676 opere
1534 625 1761 676 confecto,

138 696 386 748 pecuniam
409 695 589 735 restitui
612 696 890 747 quibusdam
916 697 1205 747 curaverim3
1235 708 1328 736 non
1357 696 1479 736 enim
1506 702 1689 737 tantum
1708 709 1765 736 ex

139 768 241 818 ipso
264 766 462 807 Casulae
484 766 676 817 oppido,
701 765 783 806 sed
803 767 943 807 etiam
963 779 1021 806 ex
1043 767 1389 807 circumvicinis
1406 767 1465 807 ad
1486 779 1620 807 suum
1641 768 1763 807 labo-

138 849 237 878 rem
259 837 622 889 impendendum
644 837 774 877 multi
796 838 1101 878 confluerunt.

216 908 315 948 Pax
336 909 413 947 illa
434 908 552 948 inter
574 909 742 948 multos
764 908 1013 948 conciliata
1034 909 1079 948 in
1103 909 1272 960 oppido
1291 909 1520 961 Caregine
1542 910 1692 961 (quae,
1717 915 1765 950 ut

141 979 324 1029 scripsi,
350 990 455 1018 cum
475 990 649 1029 magna
668 978 930 1019 animarum
949 980 1152 1019 motione
1173 979 1297 1020 facta
1319 980 1418 1031 est),
1443 981 1548 1020 licet
1569 980 1765 1032 quadra—

139 1051 269 1101 ginta
293 1057 337 1089 et
359 1056 557 1101 quatuor
578 1050 815 1090 hominum
845 1050 987 1091 caede
1013 1052 1281 1102 exasperati
1309 1052 1416 1092 hinc
1444 1052 1550 1093 inde
1577 1051 1762 1103 fuerint,

139 1122 290 1161 denuo
312 1121 585 1161 confirmata
607 1127 650 1160 et
671 1121 873 1161 stabilita
895 1127 977 1161 est.
1000 1122 1057 1162 Et
1078 1123 1210 1162 multi
1227 1122 1285 1162 ad
1301 1122 1591 1174 frequentem
1612 1134 1765 1163 sacra-

139 1198 402 1232 mentorum
423 1203 557 1231 usum
587 1191 764 1231 inducti
790 1197 918 1242 sunt,
951 1198 1001 1232 ut
1027 1204 1192 1243 pacem
1223 1194 1385 1234 melius
1413 1200 1763 1234 conservarent.

141 1263 369 1303 Curatum
390 1268 459 1302 est
487 1262 626 1302 6113111
656 1268 706 1302 111
735 1262 888 1302 11511115
910 1263 1096 1303 obviam
1118 1264 1282 1315 iretur,
1302 1270 1351 1304 ut
1372 1265 1571 1305 choreae
1594 1265 1653 1305 ad
1672 1277 1765 1305 mo-

135 1333 338 1373 destiam
365 1332 719 1383 reducerentur,
750 1339 799 1373 ut
829 1333 1127 1384 quotidianae
1155 1340 1200 1374 et
1231 1346 1500 1375 communes
1531 1336 1766 1376 orationes

140 1405 511 1454 instituerentur,
549 1416 690 1455 quae,
721 1411 769 1444 ut
805 1405 1077 1444 conservari
1111 1406 1314 1456 possint,
1348 1418 1508 1446 eorum
1528 1407 1650 1458 patri
1680 1407 1766 1458 spi-

137 1475 293 1515 rituali
315 1475 411 1526 (qui
432 1475 568 1515 Valde
590 1476 767 1516 amicus
789 1482 858 1515 est
881 1475 1144 1526 Societatis)
1177 1488 1283 1516 cum
1309 1477 1412 1517 aliis
1443 1478 1512 1517 sui
1542 1478 1767 1518 similibus

140 1546 463 1587 sacerdotibus
485 1558 647 1586 curam
668 1547 846 1598 reliqui.

218 1616 407 1668 Majani,
432 1617 511 1657 ubi
535 1617 790 1658 inimicitiis
810 1618 949 1658 etiam
974 1618 1225 1658 homicidia
1250 1624 1435 1670 patrata
1460 1619 1665 1669 fuerant,
1690 1620 1768 1660 110-

139 1688 287 1728 mines
308 1689 593 1740 principales
621 1689 679 1728 ad
707 1689 1009 1729 concordiam
1029 1689 1321 1741 reduximus;
1351 1691 1397 1730 in
1428 1690 1531 1730 aliis
1551 1691 1665 1731 locis
1686 1703 1769 1742 per

136 1759 224 1799 Dei
259 1760 462 1810 gratiam
497 1759 542 1799 id
569 1760 722 1811 ipsum
748 1760 962 1801 effectum
992 1767 1077 1801 est.
1109 1761 1160 1801 In
1194 1762 1508 1812 compluribus
1540 1762 1767 1813 ecclesiis,

140 1841 256 1881 quas
292 1829 351 1870 ad
386 1836 571 1870 centum
604 1836 715 1881 puto
744 1831 908 1883 fuisse,
937 1831 1014 1872 ubi
1040 1832 1388 1873 sanctissimum
1424 1839 1770 1873 sacramentum

138 1906 332 1955 εὐχαρισίας
374 1913 467 1941 11011
515 1903 818 1953 servabatur,
854 1914 936 1954 per
976 1902 1064 1943 Dei
1097 1904 1304 1954 gratiam
1345 1904 1557 1944 homines
1590 1904 1770 1945 induxi-

140 1989 243 2018 mus
265 1978 324 2018 ad
345 1973 390 2013 id
411 1973 626 2014 devotius
647 1980 691 2014 et
713 1986 818 2014 cum
839 1974 1011 2014 lumine
1033 1974 1250 2014 continue
1273 1974 1577 2025 servandum,
1599 1981 1642 2015 et
1658 1976 1770 2015 mul-

143 2054 218 2089 tae
253 2048 501 2088 societates
537 2047 596 2087 ad
630 2047 856 2086 honorem
884 2045 1191 2085 sacratissimi
1222 2046 1504 2086 sacramenti
1533 2046 1771 2086 institutae

143 2125 265 2159 sunt.
289 2118 516 2159 Ducentis
536 2118 632 2157 fere
653 2117 700 2157 in
720 2116 836 2156 locis
853 2116 908 2156 116
929 2115 1160 2167 frequenti
1181 2116 1521 2157 communionis
1538 2128 1622 2157 usu
1639 2129 1772 2168 prae-

140 2190 320 2241 dicavi,
358 2189 438 2229 sed
469 2188 566 2228 fere
597 2187 935 2240 quinquaginta
964 2188 1179 2239 amplexa
1208 2193 1314 2227 sunt
1342 2193 1554 2228 sanctam
1581 2199 1771 2228 consue-

141 2261 370 2311 tudinem3
393 2260 571 2311 reliqua
592 2271 706 2299 vero
746 2260 851 2299 loca
884 2258 1118 2299 interdum
1145 2258 1191 2298 id
1216 2258 1415 2307 faciunt,
1445 2259 1527 2299 sed
1552 2271 1646 2299 non
1672 2270 1771 2310 per-

142 2332 248 2372 inde
283 2331 564 2382 frequenter.
603 2329 928 2381 Compluribus
961 2329 1008 2369 in
1043 2329 1248 2380 oppidis,
1279 2329 1479 2380 singulis
1517 2329 1773 2381 quibusque

143 2402 302 2442 diebus
334 2401 600 2449 dominicis,
635 2401 963 2452 eleemosynae
990 2400 1172 2452 publice
1200 2399 1315 2440 fiunt
1342 2401 1389 2440 in
1429 2411 1564 2440 usum
1604 2412 1772 2452 paupe-

141 2484 258 2513 rum.
297 2472 459 2513 Oratio
489 2472 629 2512 etiam
657 2471 703 2511 in
729 2471 883 2511 multis
910 2470 1026 2511 locis
1060 2471 1107 2510 in
1138 2471 1372 2511 communi
1393 2470 1597 2522 quotidie
1618 2471 1668 2511 fit
1690 2471 1774 2511 sub

142 2549 342 2584 noctem.
365 2544 547 2584 Usurae
566 2542 817 2594 exstirpari
837 2547 1111 2593 coeperunt:
1130 2553 1222 2582 non
1238 2542 1377 2593 pauci
1399 2542 1539 2582 etiam
1561 2542 1776 2582 concubi·

141 2614 281 2666 narii,
305 2615 382 2666 qui
403 2614 482 2654 diu
506 2613 756 2653 admodum
776 2613 823 2652 in
852 2618 977 2653 statu
1004 2612 1319 2653 damnationis
1341 2613 1637 2664 exstiterant,
1658 2612 1772 2664 jam,

144 2691 338 2737 peccato
375 2684 557 2734 relictO,
604 2683 872 2735 frequenter
917 2682 1278 2723 communicant.
1326 2683 1460 2724 Multi
1505 2683 1776 2724 sacerdotes

144 2756 321 2797 inducti
341 2761 448 2796 sunt
468 2754 527 2795 ad
551 2754 814 2803 animarum
834 2754 1031 2794 salutem
1048 2753 1328 2805 juvandam,
1358 2760 1544 2805 praeter
1574 2755 1777 2806 quinque

144 2826 246 2867 illos
267 2832 346 2866 aut
373 2838 482 2877 sex,
517 2826 592 2877 qui
621 2825 668 2865 in
695 2824 1012 2876 spiritualibus
1034 2824 1272 2865 exercitiis
1292 2824 1606 2876 profecerunt.
1636 2825 1680 2866 A
1701 2825 1778 2866 tri-

143 2897 276 2948 ginta
305 2897 598 2946 milliaribus,
630 2901 674 2936 et
700 2895 909 2947 longius,
941 2895 1250 2935 confessionis
1279 2896 1456 2947 gratia,
1495 2895 1685 2947 quidam
1720 2896 1780 2937 ad

146 2978 218 3007 me
239 2967 447 3008 veniunt.
479 2967 530 3007 In
556 2967 645 3007 hac
675 2967 817 3007 etiarn
846 2966 1049 3007 dioecesi
1073 2966 1342 3017 mutinensi,
1373 2973 1562 3018 praeter
1583 2967 1629 3007 id
1658 2967 1780 3019 quod
