2074 3179
189 124 260 160 344
707 125 933 162 LITTERAE
961 137 1319 168 QUADMMEs‘rREs

192 220 293 260 Hoc
320 221 444 260 enim
471 221 576 262 1udi
600 222 753 262 medio
780 222 1033 273 plurimum
1066 224 1205 264 modo
1240 225 1524 267 fructificant
1551 227 1599 267 in
1626 227 1825 268 diversis

189 291 367 343 Indiae,
397 292 701 345 Aethiopiae,
737 299 842 344 etc.,
875 294 1101 345 partibus
1136 294 1524 349 Quandoquidem
1558 310 1672 350 ergo
1707 299 1826 339 haec

187 362 400 404 Societas
419 370 516 405 tam
538 370 608 404 est
635 369 800 404 sancta
828 370 873 405 et
894 366 1149 417 excellens,
1173 378 1267 407 non
1287 368 1457 409 mirum
1486 369 1526 409 si
1555 371 1727 410 multos
1747 371 1825 411 ha-

190 434 298 474 beat
319 434 634 476 adversarios.
653 435 887 476 Existimo
910 442 1067 477 autem
1088 438 1211 489 quod
1232 438 1421 490 plurimi
1440 441 1595 491 potius
1617 454 1676 482 ex
1697 442 1824 493 igno-

189 506 365 557 rantia,
391 518 530 558 quam
552 500 673 547 malo
705 507 861 559 aliquo
894 508 1050 549 animo
1073 520 1122 549 se
1150 516 1488 562 opposuerunt,
1521 512 1689 563 quibus
1719 525 1826 554 cum

188 577 306 617 haec
334 578 642 629 innotuerint,
673 590 812 630 spero
848 579 972 631 quod
1006 579 1132 620 aliud
1165 586 1211 620 et
1241 581 1406 621 melius
1433 581 1490 622 de
1517 583 1692 624 sanctis
1724 585 1826 625 istis

187 648 293 689 filiis
320 650 523 689 sentient
559 654 603 690 et
633 649 924 701 judicabunt.
963 649 1014 691 Si
1035 651 1113 703 qui
1139 663 1255 692 vero
1284 652 1357 692 his
1385 664 1435 693 se
1464 665 1700 705 opponere
1726 667 1827 707 per-

185 726 316 771 gant,
336 732 429 761 non
452 720 643 761 dubium
662 727 734 774 est
756 722 867 773 quin
886 723 1100 774 graviter
1117 723 1374 764 Dominum
1396 723 1549 765 Deum
1571 725 1824 778 offendant,

187 792 266 842 qui
285 792 370 832 hos
387 798 484 832 tam
500 793 804 844 singulariter
820 794 993 845 eligere
1012 793 1231 846 dignatus
1252 801 1336 836 est.
1357 795 1424 836 Sit
1441 796 1539 848 ipse
1556 797 1827 838 benedictus

184 863 231 903 in
252 864 548 904 saeculorum
568 865 773 904 saecula.
796 865 964 905 Amen.

264 935 401 979 Ecce.
425 934 565 975 Pater
586 934 702 987 R.de,
727 936 844 976 haec
865 943 935 977 est
956 948 1139 978 summa
1161 938 1314 979 dictae
1335 940 1591 991 concionis,
1616 953 1707 992 qua
1727 941 1823 981 fini·

184 1013 247 1057 ta,
265 1006 356 1047 feci
378 1007 599 1058 indignus
619 1008 964 1059 professionem
983 1021 1114 1050 more
1134 1009 1397 1052 Societatis.
1417 1011 1469 1052 In
1488 1013 1687 1064 prandio
1709 1012 1825 1064 ejus-

184 1078 290 1118 dem
321 1078 412 1119 diei
446 1078 585 1119 valde
619 1079 886 1120 humaniter
913 1081 1134 1122 invitavit
1163 1087 1208 1122 et
1240 1083 1444 1135 suscepit
1471 1096 1557 1124 nos
1589 1090 1634 1124 et
1664 1096 1826 1125 omnes

182 1150 354 1190 fratres
390 1150 447 1191 D.
479 1150 716 1191 Decanus.
746 1151 925 1192 Audivi
957 1153 1128 1204 omnia,
1153 1153 1200 1193 in
1227 1154 1518 1205 professione
1550 1153 1648 1206 jam
1682 1156 1822 1207 dicta,

182 1233 289 1262 cum
310 1222 428 1262 mira
451 1222 777 1263 aedificatione
798 1235 901 1264 esse
923 1230 1044 1264 acta.
1069 1224 1215 1266 Immo
1244 1225 1347 1266 istis
1374 1225 1536 1267 diebus
1564 1227 1682 1267 dixit
1710 1227 1825 1267 mihi

181 1293 480 1334 Licenciatus
497 1294 701 1346 quidam,
721 1295 859 1336 valde
880 1296 928 1336 in
948 1297 1269 1348 spiritualibus
1291 1299 1519 1350 curiosus,
1539 1299 1652 1339 nihil
1673 1311 1823 1351 neque

181 1366 284 1417 plus
311 1377 462 1417 neque
488 1366 642 1407 minus
674 1366 933 1407 desiderari
960 1379 1113 1420 posse.
1147 1368 1282 1420 Quod
1310 1381 1423 1410 sane
1450 1382 1544 1410 non
1578 1371 1820 1421 miramur,

181 1437 292 1489 quia
313 1437 413 1478 sine
434 1443 598 1479 nostra
619 1439 932 1479 sollicitudine
954 1440 1054 1492 ipse
1075 1439 1307 1481 Dominus
1328 1441 1458 1482 Deus
1485 1442 1642 1482 omnia
1670 1443 1822 1482 suavi-

180 1514 250 1549 ter
278 1509 508 1561 disposuit
536 1516 581 1550 et
611 1511 796 1551 direxit.
825 1511 919 1562 Ipsi
948 1512 1071 1563 lauS,
1101 1512 1252 1553 honor
1288 1518 1332 1553 et
1366 1513 1518 1564 gloria
1552 1513 1599 1553 in
1633 1514 1822 1554 saecula

181 1582 493 1622 saeculorum.
518 1581 687 1622 Amen.
712 1581 783 1622 De
804 1582 877 1622 his
898 1594 1013 1634 ergo
1035 1584 1164 1624 satis.

262 1652 471 1704 Contigit
492 1653 814 1705 superioribus
842 1654 1101 1706 mensibus,
1134 1655 1375 1705 videlicet,
1405 1662 1511 1707 post
1539 1657 1744 1708 pascha,
1778 1663 1828 1697 ut

182 1729 403 1775 parentes
424 1735 563 1765 senes
586 1723 595 1743 ¹
618 1726 771 1765 nostri
792 1725 1061 1767 charissimi
1080 1727 1127 1766 in
1148 1726 1232 1767 Χ.ὓ
1261 1727 1421 1768 fratris
1452 1727 1647 1781 Rugerii
1673 1729 1820 1769 mitte-

180 1803 284 1835 rent
305 1796 548 1836 lovanium
566 1796 683 1836 duos
705 1809 763 1837 ex
779 1796 1003 1838 fratribus
1019 1797 1229 1849 Rugerii,
1250 1799 1466 1839 omnibus
1481 1799 1633 1840 modis
1655 1800 1826 1852 suppli-

182 1872 344 1907 cantes
371 1873 422 1907 ut
456 1866 717 1918 Rugerium
752 1869 1132 1919 permitteremus
1164 1870 1327 1910 venire
1362 1870 1409 1910 in
1435 1871 1659 1922 patriam,
1692 1883 1825 1912 occa-

182 1939 312 1979 sione
332 1938 647 1991 primitiarum
668 1939 829 1980 fratris
850 1940 936 1992 sui,
961 1941 1169 1981 dicentes
1191 1953 1241 1982 se
1263 1953 1369 1982 eum
1390 1943 1511 1982 nolle
1533 1942 1759 1994 impedire
1781 1943 1827 1983 in

182 2022 267 2050 sua
287 2010 538 2051 vocatione
561 2016 606 2051 et
627 2011 813 2052 similia.
840 2011 1173 2052 Concessimus
1197 2012 1278 2053 eis.
1302 2013 1390 2053 Ivit
1411 2024 1525 2064 ergo
1546 2013 1594 2053 in
1623 2014 1831 2065 patriam

181 2082 430 2134 Rugerius,
455 2082 534 2122 ubi
555 2082 801 2134 promissis
822 2095 916 2123 non
937 2083 1121 2134 stando,
1146 2090 1382 2136 parentes,
1407 2085 1547 2125 amici
1565 2090 1610 2125 et
1628 2085 1706 2125 alii
1725 2097 1830 2126 eum

183 2166 209 2192 a
231 2165 316 2194 suo
338 2153 553 2194 instituto
577 2165 808 2194 revocare
828 2155 1100 2195 nitebantur
1121 2160 1262 2207 utque
1283 2156 1425 2196 aliam
1455 2157 1612 2208 potius
1643 2156 1829 2208 religio-

183 2237 290 2265 nem
329 2225 544 2265 intraret.
585 2225 829 2266 Postremo
871 2227 1207 2267 consuluerunt
1247 2227 1496 2279 quemdam
1535 2228 1826 2279 religiosum,

184 2297 390 2347 priorem
421 2297 594 2345 (credo)
633 2297 848 2337 coenobii
876 2297 1139 2349 cujusdam,
1171 2310 1337 2339 sacrae
1368 2299 1637 2350 theologiae
1665 2299 1828 2339 bacca-

184 2369 416 2420 laureum,
442 2367 573 2420 cujus
605 2370 889 2409 resolutione
917 2381 1056 2421 super
1086 2370 1176 2411 hac
1204 2382 1254 2411 re
1281 2370 1460 2421 audita,
1492 2371 1649 2411 omnia
1677 2370 1828 2410 denuo

186 2439 316 2479 fuere
339 2439 551 2490 inversa3
576 2445 621 2479 et
641 2439 709 2480 sic
731 2439 986 2492 Rugerius,
1016 2441 1195 2481 relictis
1222 2441 1519 2493 parentibus,
1549 2446 1724 2481 statuto
1756 2441 1829 2480 die

185 2511 322 2551 rediit
343 2511 496 2551 laetus
517 2511 564 2551 in
586 2510 811 2560 Domino,
841 2523 1020 2552 memor
1051 2518 1245 2553 sanctae
1273 2512 1566 2553 obedientiae
1595 2518 1640 2552 et
1666 2512 1829 2552 verbo-

185 2593 291 2622 rum
310 2582 522 2631 Domini;
548 2581 645 2634 Qui
661 2593 755 2622 non
778 2582 876 2623 odit
890 2587 1106 2634 patrem,
1129 2590 1216 2624 etc.
1240 2583 1408 2624 Dictus
1428 2595 1542 2624 vero
1564 2582 1830 2635 Religiosus

187 2654 376 2706 scripsit
397 2653 457 2694 ad
477 2653 733 2705 magistros
753 2659 963 2704 nostros,
989 2654 1207 2695 doctores
1228 2666 1395 2696 sacrae
1416 2654 1681 2706 theologiae
1703 2656 1830 2695 lova-

188 2726 388 2776 nienses,
420 2731 470 2766 ut
497 2736 634 2765 suum
661 2725 717 2766 de
745 2725 878 2765 nobis
903 2725 1131 2777 judicium
1158 2726 1248 2778 ipsi
1281 2726 1672 2777 transcriberent,
1707 2726 1831 2778 quod

187 2797 382 2837 libenter
403 2796 630 2848 fecerunt,
654 2802 699 2837 et
720 2797 889 2838 harum
910 2797 1172 2838 litterarum
1193 2798 1459 2850 exemplum
1480 2797 1556 2837 hic
1579 2796 1827 2848 subjungo:

245 2908 255 2927 ¹
295 2908 432 2936 Detrita
449 2912 500 2936 est
523 2909 646 2937 charta
667 2913 700 2937 et
722 2910 843 2937 incerti
870 2917 984 2937 sumus
1009 2917 1052 2937 an
1077 2917 1181 2938 senes
1206 2899 1372 2945 scriptum
1395 2909 1438 2937 sit
1460 2917 1502 2937 an
1528 2910 1619 2937 aliud
1643 2909 1769 2941 simile;
1793 2916 1831 2936 se

190 2960 305 2983 tamen
320 2955 536 2990 perspicuum
553 2962 615 2985 est.
