2074 3179
818 189 899 225 AN.
931 188 1021 224 1550
1669 186 1734 220 ΙΨ)

826 642 927 696 LV
935 641 1034 694 ΠΙ

178 870 230 910 P.
253 872 476 909 Adrianus
493 870 815 908 Adriaenssens

233 937 352 974 Patri
372 937 540 985 Ignatio
560 936 613 974 de
632 936 814 984 Loyola.

279 1003 490 1049 Lovanio,
512 1003 558 1040 22
577 1002 679 1050 Maji
700 1002 790 1039 1550
810 1001 834 1036 ¹.

879 1209 978 1250 IHS

194 1351 247 1392 R.
273 1351 391 1391 Dne.
415 1351 697 1402 Praeposite.

197 1422 362 1463 Gratia
382 1421 489 1462 Dni.
514 1420 672 1462 Nostri
691 1421 803 1474 Jesu
824 1420 896 1461 X.1
927 1421 985 1461 sit
1007 1431 1190 1472 semper
1207 1431 1313 1460 cum
1332 1419 1380 1459 P.
1405 1420 1464 1460 V.

197 1492 533 1533 Amantissime
553 1493 600 1532 in
626 1493 708 1533 X.0
734 1491 896 1532 Pater:
927 1491 1061 1542 Quod
1094 1491 1153 1530 ad
1182 1503 1337 1531 rerum
1366 1497 1634 1531 nostrarum
1656 1496 1743 1530 sta·

112 1570 215 1604 'tum
243 1564 420 1612 attinet,
444 1569 539 1603 tres
561 1575 719 1603 sumus
739 1574 933 1603 numero
959 1562 1143 1602 fratres,
1166 1562 1298 1602 Unus
1327 1561 1570 1602 Cornelius
1591 1561 1619 1612 ²²,
1645 1562 1746 1601 laus

116 1634 240 1685 Deo,
265 1641 390 1674 recte
407 1635 547 1674 habet
568 1667 574 1685 ,
598 1634 821 1674 lectiones
838 1634 1084 1685 diligenter
1107 1633 1288 1683 visitat,
1309 1639 1351 1672 et
1369 1633 1504 1672 simul
1522 1644 1627 1673 cum
1645 1634 1746 1672 aliis

117 1705 351 1756 theologis
373 1704 592 1757 disputat,
614 1711 657 1745 et
679 1705 805 1745 circa
822 1704 1099 1756 temporalia
1120 1709 1164 1744 et
1180 1703 1448 1744 necessaria
1463 1704 1629 1744 domus
1646 1716 1744 1744 ver-

118 1782 265 1816 satur.

203 1846 517 1887 Charissimus
546 1846 712 1886 Frater
739 1846 798 1887 M.
830 1846 1046 1887 Andreas
1068 1844 1081 1864 ³
1109 1852 1358 1897 utcumque
1379 1845 1540 1896 habet,
1565 1852 1609 1886 et
1637 1846 1747 1886 facit

122 1917 246 1968 quod
268 1923 421 1968 potest
442 1929 526 1968 pro
544 1923 752 1969 tempore
770 1924 813 1957 et
829 1918 947 1957 loco.
968 1917 1233 1968 Aliquando
1252 1923 1349 1957 tam
1366 1917 1488 1956 hunc
1505 1924 1601 1957 tam
1620 1917 1746 1957 illum

120 1988 384 2028 studiosum
405 1988 586 2028 accedit
607 1989 947 2028 exhortationis
968 1988 1137 2039 gratia.

202 2059 317 2110 Ego,
343 2070 625 2110 quamquam
645 2059 761 2099 bene
783 2058 969 2110 quidem
987 2059 1138 2110 valeo,
1163 2057 1244 2098 sed
1266 2058 1418 2098 adhuc
1435 2058 1628 2098 nimium
1645 2070 1748 2098 sum

121 2130 517 2178 immortificatus;
549 2141 699 2182 neque
725 2130 949 2170 lectiones
977 2141 1127 2181 neque
1153 2128 1492 2181 disputationes
1523 2129 1662 2169 visito
1693 2130 1749 2168 ob

121 2213 275 2241 meam
296 2201 510 2241 fortassis
530 2201 768 2253 pigritiam
789 2210 835 2240 et
861 2200 1213 2251 negligentiam,
1246 2200 1327 2240 sed
1348 2205 1505 2240 tamen
1535 2200 1751 2251 experior

119 2284 195 2312 me
230 2271 494 2324 hujusmodi
526 2272 689 2311 studiis
724 2283 890 2322 parum
921 2271 1147 2323 proficere
1182 2277 1226 2311 et
1254 2271 1313 2311 ad
1341 2283 1396 2311 ea
1424 2271 1578 2322 aliquo
1611 2271 1748 2310 modo

120 2343 439 2383 continuanda
460 2349 642 2394 tempus
663 2354 756 2382 non
777 2353 1036 2394 superesse,
1062 2342 1265 2382 maxime
1288 2353 1393 2382 cum
1419 2342 1557 2393 parvi
1579 2342 1666 2381 sim
1690 2344 1749 2381 la<

122 2414 263 2454 boris.
288 2414 450 2465 Itaque
473 2413 622 2453 officio
649 2414 872 2453 horarum
900 2419 943 2453 et
974 2411 1205 2452 sacrificio
1233 2411 1418 2463 Missae,
1450 2411 1752 2452 confessioni-

121 2485 207 2525 bus
230 2484 488 2535 audiendis,
513 2484 805 2524 diversorum
831 2483 1251 2524 consultationibus
1279 2488 1323 2523 et
1355 2483 1613 2534 colloquiis,
1640 2494 1751 2522 cura

125 2555 307 2606 domus,
326 2555 692 2607 profectionibus
713 2561 757 2595 et
779 2555 880 2595 aliis
902 2555 1102 2606 negotiis
1125 2554 1492 2605 occurrentibus,
1523 2566 1595 2594 me
1617 2565 1750 2594 occu-

124 2637 199 2678 po,
232 2627 396 2667 eadem
424 2627 511 2666 ista
542 2632 649 2666 ante
673 2632 716 2666 et
745 2632 850 2678 post
879 2626 1057 2666 factum
1086 2625 1401 2666 examinando
1430 2631 1474 2665 et
1501 2625 1752 2676 cogitando

126 2709 217 2749 quo
238 2698 375 2738 modo
399 2697 457 2737 ad
478 2696 701 2748 majorem
727 2697 815 2737 Dei
835 2698 1050 2748 gloriam,
1074 2702 1285 2737 nostram
1305 2697 1515 2747 salutem,
1536 2703 1580 2736 et
1601 2697 1753 2748 proxi—

127 2780 311 2808 morum
331 2769 580 2809 utilitatem
600 2774 644 2808 et
665 2768 1038 2808 aedificationem
1058 2767 1158 2808 fieri
1179 2767 1412 2819 expediat.

183 2906 192 2925 ί
234 2906 461 2940 Autographa
475 2906 508 2933 in
523 2905 602 2932 folio
617 2905 739 2940 duplici
755 2913 784 2932 n.
801 2905 835 2932 08
850 2909 883 2932 et
898 2905 942 2932 99.

178 2954 196 2972 ’ἐ
234 2953 269 2981 Ρ.
286 2953 462 2980 Cornelius
478 2953 700 2980 Wischaven.

176 3000 196 3019 ··”·
234 3000 266 3027 Μ
292 3001 448 3028 Andreas
466 3001 633 3028 Sidereus.
