2074 3179
306 179 378 218 708
820 180 1046 218 LITTERAE
1072 191 1431 224 QUADmMESTREs

305 279 499 318 modum
516 278 792 330 desperatae
814 279 950 318 simul
971 285 1015 318 et
1038 278 1345 330 desperantis.
1369 279 1516 319 Facta
1545 286 1613 320 est
1646 280 1835 331 insuper
1866 293 1944 321 ex*

303 349 509 389 hortatio
532 350 577 389 in
598 349 890 390 hebdomada
912 355 1076 389 sancta
1098 349 1157 389 ad
1189 361 1350 389 omnes
1377 350 1423 390 in
1454 362 1644 390 carcere
1676 352 1944 402 conclusos,

302 418 378 472 qui
401 421 460 461 ad
482 420 796 461 confitendum
814 432 863 460 se
878 425 1098 472 paratum
1114 420 1169 460 iri
1185 421 1511 472 promiserunt,
1532 434 1635 462 cum
1654 422 1796 473 aliqui
1812 423 1944 473 prius

298 492 681 532 ‘exhortationem
709 497 1003 542 respuerent,
1035 491 1244 532 divinam
1272 492 1616 544 providentiam
1644 498 1687 533 et
1711 492 1939 545 justitiam

302 563 695 615 blasphemantes.
729 563 822 603 Eos
855 574 961 602 cum
996 562 1157 603 audire
1189 574 1284 602 non
1312 574 1580 614 possemuS,
1615 571 1713 604 tum
1745 570 1937 616 propter

299 635 460 686 templi
479 635 630 675 nostri
652 646 834 684 curam,
868 640 964 674 tum
992 634 1130 674 etiam
1158 639 1349 685 propter
1374 634 1465 674 loci
1491 634 1937 688 incommoditatem,

300 707 482 757 egimus
503 707 627 758 quod
647 706 776 746 licuit
797 718 904 746 cum
924 705 1156 746 nobilibus
1174 705 1450 756 quibusdam
1468 712 1516 746 ut
1533 706 1622 747 illis
1638 697 1936 758 prospectum

298 778 433 818 foret.
1858 794 1860 796 ·

335 864 337 867 ’
377 849 593 891 Aliorum
614 861 798 901 quoque
820 849 1166 900 aegrotantium
1187 848 1311 889 domi
1332 861 1444 889 suae
1473 849 1791 890 confessiones
1813 851 1936 891 audi-

298 922 453 962 vimus
475 928 519 961 et
542 922 601 962 ad
639 921 832 961 feliciter
862 920 1161 971 migrandum
1190 933 1275 972 pro
1302 919 1393 960 Dei
1419 921 1572 972 gratia
1601 921 1933 973 disposuimus.

295 994 420 1034 Inter
442 1005 560 1045 quos
580 1005 688 1033 cum
710 993 769 1033 ad
795 992 1037 1032 mulierem
1067 991 1317 1043 quamdam
1347 992 1487 1043 paulo
1519 997 1623 1044 post
1651 992 1835 1033 Pascha
1863 1006 1936 1033 ac—

294 1065 454 1105 cersiti
471 1076 701 1115 essemus,
722 1070 962 1115 tamquam
979 1063 1360 1104 reconciliatione
1377 1064 1476 1103 sola
1493 1063 1793 1114 indigentem,
1814 1076 1933 1104 com-

293 1136 501 1188 perimus
522 1136 732 1187 generali
752 1135 907 1188 potius
928 1134 1223 1175 confessione
1245 1134 1309 1174 illi
1330 1146 1447 1186 opus
1464 1146 1566 1175 esse
1584 1168 1590 1183 ‚
1615 1136 1805 1186 perinde
1823 1148 1879 1176 ac
1897 1138 1934 1175 si

294 1208 535 1248 Ecclesiae
558 1213 695 1248 antea
717 1207 985 1258 ignorasset
1005 1206 1403 1247 consuetudinem.

375 1277 581 1330 Operam
603 1289 786 1330 quoque
814 1283 858 1318 et
885 1289 1047 1317 curam
1079 1277 1387 1329 impendimus
1416 1283 1464 1317 ut
1492 1279 1672 1328 puellae
1702 1278 1931 1329 quaedam

293 1350 614 1402 periclitantes
636 1350 681 1389 in
703 1338 952 1401 hospitalia
970 1350 1045 1389 vel
1062 1349 1154 1389 alia
1170 1360 1337 1389 secura
1354 1349 1458 1389 loca
1477 1349 1797 1389 admittantur.
1819 1348 1931 1389 Nec-

292 1434 387 1463 non
407 1427 457 1462 ut
478 1422 780 1462 mulierculae
802 1433 828 1461 a
850 1421 1124 1473 captivitate
1146 1425 1226 1460 aut
1246 1420 1606 1460 conversatione
1637 1421 1760 1460 mala
1789 1420 1933 1461 homi-

290 1505 424 1544 num,
457 1505 551 1533 non
578 1499 675 1533 tam
702 1504 947 1533 sacrorum
975 1504 1114 1544 quam
1142 1492 1537 1542 execrandorum,
1570 1491 1836 1532 liberentur.
1875 1492 1933 1532 Et

287 1564 383 1616 jam
405 1565 631 1605 liberatae
653 1570 759 1604 sunt
781 1564 940 1604 divino
963 1563 1137 1604 auxilio
1158 1564 1423 1603 nonnullae.

374 1636 618 1676 Hebraeus
634 1647 717 1687 per
733 1647 820 1675 nos
841 1635 1177 1675 catechismum
1194 1634 1391 1686 adeptus
1410 1635 1615 1686 suscepit
1632 1635 1929 1686 baptismum.

293 1707 547 1748 Confessus
570 1713 639 1747 est
662 1707 795 1757 alius,
816 1706 907 1758 qui,
928 1712 1035 1746 ante
1053 1706 1291 1746 sexdecim
1307 1717 1457 1745 annos
1475 1717 1501 1745 a
1518 1706 1665 1745 turcis
1683 1712 1869 1757 captus,
1889 1713 1933 1746 et

290 1779 465 1820 Christi
485 1779 621 1819 fidem
640 1779 877 1829 abnegare
894 1778 1183 1829 compulsus,
1207 1777 1326 1817 inter
1343 1789 1422 1816 eos
1443 1777 1652 1825 vixerat,
1678 1788 1824 1817 uxore
1845 1778 1929 1817 sibi

289 1852 431 1892 ducta
448 1857 492 1891 et
508 1851 669 1891 liberis
686 1850 932 1901 susceptis,
957 1861 1074 1901 quos
1091 1861 1252 1889 omnes
1268 1860 1416 1900 nuper
1432 1848 1660 1888 Venetias
1678 1848 1868 1889 advexit
1885 1856 1930 1889 et

290 1922 599 1974 baptizandos
627 1921 828 1962 curavit.

367 1992 471 2034 Non
508 1993 586 2033 diu
621 2000 691 2033 est
727 2004 832 2033 cum
859 1992 949 2032 huc
980 1993 1258 2044 appulerunt
1288 1991 1408 2031 duae
1440 2002 1588 2031 naves
1617 1997 1857 2031 turcarum
1885 1998 1929 2031 et

287 2077 557 2106 maurorum
579 2064 820 2117 propriae,
845 2075 1041 2115 quorum
1061 2075 1155 2103 non
1175 2062 1313 2114 pauci
1334 2061 1471 2102 fidem
1493 2067 1537 2102 et
1552 2062 1835 2114 baptismum
1856 2073 1925 2102 as-

287 2138 471 2189 sequuti
493 2143 623 2186 sunt;
647 2143 692 2176 et
713 2135 945 2186 renegati‚
968 2141 1016 2175 ut
1038 2140 1232 2183 vocant,
1256 2133 1432 2186 aliquot
1459 2133 1698 2174 Ecclesiae
1720 2134 1926 2174 reconci-

286 2209 386 2249 liati
407 2214 529 2257 sunt;
554 2220 645 2260 qua
667 2208 713 2247 in
741 2219 790 2247 re
817 2207 991 2259 placuit
1023 2205 1317 2246 misericordi
1342 2205 1442 2245 Deo
1470 2204 1657 2245 Domini
1687 2205 1926 2246 Antistitis

286 2281 568 2321 charitatem
590 2286 633 2320 et
655 2278 948 2330 diligentiam
977 2288 1220 2327 exercere,
1254 2277 1422 2328 quippe
1449 2288 1587 2328 quem
1615 2277 1820 2317 omnium
1845 2277 1923 2316 hu-

283 2352 488 2404 jusmodi
510 2362 703 2403 operum
723 2349 911 2402 pietatis
932 2349 1195 2389 ministrum
1216 2347 1401 2388 videtur
1422 2347 1509 2387 sibi
1536 2348 1748 2399 elegisse.
1780 2346 1924 2388 Nobis

288 2434 472 2475 quoque
494 2422 700 2473 aliquam
721 2420 857 2473 hujus
877 2420 1054 2472 negotii
1073 2425 1256 2471 partem
1275 2419 1439 2469 largiri
1456 2419 1676 2470 dignatus
1693 2425 1763 2459 est
1780 2430 1921 2470 opera

286 2494 567 2546 praesertim
586 2499 723 2533 utens
743 2492 938 2545 Joannis
959 2490 1197 2542 Baptistae
1218 2490 1388 2539 nostri,
1412 2501 1584 2540 genere
1606 2490 1817 2540 hebraei,
1850 2491 1921 2529 cui

286 2566 489 2618 plurium
510 2565 776 2616 linguarum
798 2569 1100 2603 externarum
1120 2561 1288 2613 peritia
1318 2561 1538 2601 nonnulla
1566 2560 1624 2600 ad
1654 2561 1742 2600 hoc
1771 2560 1921 2601 confe—

285 2637 433 2677 rebat.

363 2709 568 2762 Juvenes
588 2707 796 2759 plerique
817 2706 937 2746 inter
958 2705 1235 2756 discipulos,
1265 2709 1310 2744 et
1331 2703 1409 2744 alii
1435 2715 1637 2755 quoque,
1667 2715 1850 2744 morum
1878 2711 1920 2743 et

285 2779 566 2819 conditionis
600 2778 832 2830 qualitate
871 2777 986 2818 satis
1024 2775 1282 2817 laudabiles
1301 2808 1308 2826 ,
1356 2775 1593 2827 peculiare
1640 2775 1920 2815 desiderium

283 2850 531 2890 ostendunt
567 2850 838 2890 subeundae
871 2847 1009 2900 hujus
1041 2847 1302 2889 Societatis.
1334 2846 1479 2886 Nobis
1508 2851 1664 2886 tamen
1694 2846 1924 2886 hactenus

284 2920 436 2960 visum
458 2926 526 2960 est
546 2925 790 2972 praestare
811 2926 861 2960 ut
881 2919 996 2960 foris
1023 2919 1177 2971 potius
1205 2929 1345 2969 quam
1373 2917 1497 2957 domi
1525 2917 1729 2968 genuina
1757 2928 1924 2959 eorum

282 3002 414 3030 mens
436 2986 480 3031 et
505 2992 772 3032 constantia
794 2991 1031 3043 probetur.
