2074 3179
173 110 244 147 436
686 111 912 148 LITTERAE
939 122 1297 155 QUADRIMESTRES

165 218 230 256 re,
246 212 345 246 tum
365 208 473 258 quia
492 208 630 258 pauci
647 214 769 267 sunt,
783 214 881 247 tum
899 207 1007 259 quia
1025 219 1051 247 a
1069 209 1278 259 pluribus
1295 218 1648 253 accerserentur
1662 225 1807 265 quam·

169 277 337 329 quibus
359 278 578 319 satisfieri
600 285 782 330 posset3
808 284 855 318 ut
883 284 1041 318 autem
1063 284 1106 318 et
1128 279 1300 320 diutius
1321 287 1365 322 et
1385 283 1550 323 melius
1575 285 1813 336 proximis

165 349 360 401 prosint,
387 350 444 390 ab
471 350 559 390 hoc
581 349 731 389 officio
761 349 1012 401 desistunt,
1038 362 1128 402 quo
1150 350 1280 391 fieret
1311 359 1359 392 ut
1388 353 1722 405 impedirentur
1742 369 1802 397 ne

162 419 423 472 majoribus
454 427 497 461 et
519 422 672 472 magis
700 421 982 461 necessariis
1011 422 1163 471 rebus,
1195 422 1362 473 quibus
1393 426 1612 466 curandis
1639 439 1802 468 omnes

161 492 317 533 idonei
339 505 433 533 non
461 499 582 543 sunt,
613 504 806 544 operam
835 504 969 532 suam
996 492 1344 544 impenderent3
1378 494 1467 535 hoc
1497 503 1667 549 autem,
1698 500 1801 550 quis

160 569 406 614 praestare
427 576 520 604 non
554 569 724 614 potest,
749 569 798 603 ut
819 569 863 603 et
890 564 1109 604 morienti
1136 563 1272 615 adsit,
1303 571 1347 605 et
1370 566 1497 606 illum
1524 567 1571 607 in
1596 567 1800 609 Domino

161 636 448 675 consoletur?

240 706 346 759 Jam
366 719 482 747 vero
511 706 809 758 exspectabis
841 706 950 758 quid
972 707 1028 746 de
1050 707 1354 747 concionibus
1376 708 1545 759 dicam,
1569 711 1799 760 quomodo

160 778 266 818 illae
290 778 554 818 audiantur.
579 776 800 817 Maximis
834 778 1069 818 caloribus
1099 778 1199 818 fieri
1226 790 1320 819 non
1346 779 1497 830 potuit
1519 780 1629 831 quin
1656 783 1797 822 eccle—

158 849 227 889 sia
254 850 537 900 repleretur,
562 848 779 900 quamvis
809 848 852 888 in
878 860 931 888 ea
960 855 1200 901 tamquam
1221 850 1268 889 in
1289 850 1479 891 fornace
1501 856 1597 891 tota
1619 858 1798 893 aestate

156 920 395 971 fuerimus,
420 927 519 960 tum
538 926 732 972 propter
750 920 1092 961 multitudinem
1116 921 1356 962 hominum
1375 928 1513 974 atque
1534 923 1795 975 mulierum,

156 998 254 1032 tum
278 992 385 1044 quia
408 999 616 1044 tempore
639 992 895 1038 concionis,
920 1004 946 1032 a
969 993 1150 1032 duabus
1170 998 1248 1033 aut
1266 993 1413 1034 tribus
1430 995 1658 1046 partibUS,
1677 996 1796 1036 radii

154 1064 267 1104 solis
289 1064 336 1104 in
358 1076 461 1104 eam
480 1063 859 1115 ingrede1·entur;
884 1064 965 1104 sed
983 1063 1156 1104 Christi
1179 1064 1402 1117 charitas,
1423 1077 1541 1117 quae
1558 1078 1638 1117 per
1658 1065 1795 1118 Spiri-

156 1141 254 1176 tum
284 1135 509 1176 Sanctum
538 1136 584 1176 in
613 1135 833 1176 cordibus
861 1136 1117 1176 electorum
1144 1136 1418 1187 infunditur,
1448 1137 1558 1177 solis
1579 1138 1797 1179 ardorem

155 1208 397 1259 superavit
419 1213 463 1248 et
494 1208 623 1247 vicit.
648 1207 765 1248 Cum
788 1214 944 1247 autem
966 1219 1085 1259 quae
1107 1208 1163 1248 de
1193 1208 1485 1248 orationibus
1516 1209 1684 1261 scripsi
1705 1216 1794 1250 sta-

154 1283 255 1318 tuta
278 1279 491 1329 fuissent,
517 1279 691 1331 placuit
712 1278 929 1330 Pro-regi
951 1285 999 1319 ut
1021 1279 1068 1318 in
1089 1280 1289 1320 ecclesia
1310 1278 1477 1330 majori
1506 1281 1794 1332 publicaren-

155 1356 245 1400 tur,
279 1350 372 1401 ubi,
411 1362 518 1390 cum
546 1350 646 1402 ipse
675 1351 860 1390 adesset
890 1357 934 1390 et
964 1351 1272 1402 magistratus
1302 1363 1407 1391 cum
1436 1362 1610 1402 magna
1636 1353 1793 1404 populi

153 1422 464 1470 multitudine,
490 1422 798 1462 concionatus
830 1433 954 1472 sum,
979 1433 1069 1473 qua
1093 1422 1280 1473 quidem
1303 1422 1349 1462 in
1371 1423 1597 1462 concione
1628 1422 1672 1463 id
1702 1425 1791 1475 egi,

151 1499 202 1534 ut
226 1493 355 1545 prius
372 1493 686 1545 intelligerent
703 1493 939 1544 flagellum
956 1493 1199 1533 imminere
1217 1494 1273 1533 ob
1291 1500 1595 1545 peccatorum
1610 1501 1792 1535 nostro-

152 1576 257 1605 rum
277 1565 638 1616 multitudinem,
663 1565 832 1616 quibus
853 1564 983 1604 Deus
1000 1564 1153 1616 justus
1174 1571 1217 1605 et
1241 1571 1397 1605 rectus
1420 1565 1479 1605 ad
1500 1565 1620 1606 iram
1641 1568 1792 1606 conci-

152 1642 294 1687 tatur,
320 1642 369 1676 ut
386 1636 556 1688 ubique
584 1647 749 1676 sacrae
769 1636 992 1676 historiae
1016 1642 1312 1686 attestantur3
1332 1643 1430 1676 tum
1452 1636 1511 1676 ad
1528 1635 1791 1688 hujusmodi

152 1708 390 1748 orationes
412 1719 531 1758 quae
561 1707 805 1747 ordinatae
834 1707 1034 1757 fuerant,
1067 1707 1125 1747 ad
1143 1706 1334 1759 jejunia,
1366 1707 1424 1747 ad
1450 1708 1800 1760 eleemosynas,

151 1786 195 1819 et
235 1778 466 1831 imprimis
494 1778 553 1818 ad
574 1784 879 1830 peccatorum
916 1778 1259 1818 confessionem
1295 1779 1583 1819 adhortabar
1614 1791 1788 1820 omnes.

150 1850 268 1891 Cum
300 1849 611 1890 ostendissem
642 1839 872 1901 quantum
897 1850 943 1889 in
974 1850 1046 1889 his
1074 1850 1300 1901 praesidii
1328 1851 1500 1902 populo
1533 1850 1793 1891 christiano

149 1921 275 1974 apud
297 1921 450 1962 Deum
471 1933 655 1973 semper
682 1921 887 1972 positum
908 1920 1062 1969 fuerit,
1096 1933 1200 1961 cum
1226 1933 1320 1961 non
1347 1921 1502 1962 minus
1531 1922 1605 1962 ille
1633 1923 1789 1973 poeni-

147 1994 294 2034 tentia
316 1994 376 2034 ad
399 1993 774 2033 misericordiam
791 1993 1005 2033 flectatur
1027 2005 1166 2044 quam
1188 1993 1396 2045 peccatis
1418 1993 1476 2034 ad
1497 1993 1705 2034 furorem
1726 1994 1790 2034 in-

148 2066 336 2117 citetur,
366 2065 544 2116 placuit
567 2064 756 2105 Christo
779 2064 983 2105 Domino
999 2070 1048 2104 ut
1070 2063 1267 2105 Pro-rex
1289 2071 1333 2105 et
1354 2065 1520 2116 reliqui
1541 2076 1600 2105 ex
1616 2067 1790 2117 populo

147 2137 382 2177 aedificati
403 2136 719 2176 discesserint.

225 2208 402 2249 Eodem
422 2214 632 2260 tempore
655 2219 761 2248 cum
783 2208 949 2248 classis
980 2208 1095 2248 haec
1125 2215 1366 2248 turcarum
1394 2208 1655 2260 timeretur,
1680 2220 1789 2260 quo-

144 2280 255 2320 tidie
276 2280 323 2320 in
344 2279 642 2320 monasteriis
662 2279 935 2319 monialium
957 2279 1297 2320 concionabar:
1326 2291 1436 2319 nam
1457 2291 1563 2320 cum
1585 2292 1611 2320 a
1631 2281 1788 2321 lectio-

144 2351 283 2391 nibus
318 2362 563 2398 vacarem,
600 2350 646 2390 id
680 2350 818 2390 facile
853 2358 1097 2402 praestare
1131 2357 1370 2402 poteram,
1406 2351 1512 2391 illae
1546 2362 1661 2391 vero
1695 2363 1788 2392 non

146 2422 446 2463 mediocriter
486 2427 640 2461 motae
674 2421 880 2473 fuerant,
920 2433 1035 2473 quas
1070 2422 1167 2462 scio
1202 2422 1268 2462 ita
1303 2422 1553 2473 diligenter
1587 2422 1787 2462 orationi

141 2505 366 2544 vacasse,
404 2499 455 2533 ut
491 2492 708 2544 quamvis
743 2493 861 2532 hora
895 2492 1093 2544 singulis
1131 2493 1429 2533 monasteriis
1464 2493 1524 2533 ad
1558 2493 1785 2534 orandum

144 2564 457 2606 determinata
478 2563 655 2615 fuisset,
681 2575 772 2615 quo
790 2564 941 2604 oratio
963 2575 1203 2616 nunquam
1220 2564 1622 2616 intermitteretur,
1645 2576 1787 2616 saepe

144 2643 304 2677 tamen
345 2635 406 2676 ad
447 2635 566 2676 duas
600 2634 697 2675 fere
732 2635 877 2675 horas
916 2646 1082 2687 preces
1121 2647 1231 2676 suas
1271 2636 1627 2688 protraherent;
1662 2647 1789 2676 nunc

140 2708 283 2749 etiam
303 2707 401 2748 fere
422 2706 493 2747 bis
515 2706 562 2747 in
581 2706 902 2758 hebdomada,
926 2707 1050 2758 quod
1072 2718 1097 2746 a
1120 2705 1171 2747 P.
1195 2707 1373 2758 Natali,
1404 2713 1657 2759 antequam
1676 2707 1785 2748 hinc

138 2779 395 2830 recederet,
420 2778 535 2818 mihi
555 2777 828 2829 impositum
849 2777 1022 2829 suerat,
1047 2777 1168 2818 filiae
1198 2778 1437 2830 Pro-regis
1460 2785 1600 2830 atque
1629 2779 1785 2819 mulie-

138 2850 283 2901 ribus,
316 2860 436 2901 quae
464 2860 571 2889 cum
592 2849 670 2889 illa
697 2855 830 2897 sunt,
855 2847 983 2889 domi
1014 2860 1127 2889 suae
1159 2850 1434 2902 concionari
1464 2850 1613 2899 soleo;
1648 2849 1785 2902 profi-

138 2922 267 2962 ciunt
289 2926 331 2961 et
356 2919 660 2960 aedificantur
688 2919 753 2970 (ut
779 2920 933 2970 video)
964 2920 1069 2971 piae
1101 2920 1334 2961 mulieres.
1371 2920 1518 2961 Multa
1548 2932 1662 2962 vero
1693 2920 1789 2961 Do*
