2074 3179
191 89 261 127 424
703 93 931 130 LITTERAE
957 104 1315 136 QUADRIMESTRES

189 187 274 227 bus
294 188 517 239 obnoxia,
542 189 679 229 simul
700 201 806 229 cum
826 189 1113 241 Imperatore
1134 197 1296 231 nostro
1316 192 1427 244 Jesu
1447 191 1633 232 Christo
1651 203 1816 233 secura

188 258 408 300 felicitate
429 266 474 300 et
495 259 618 300 felici
638 261 890 301 securitate
910 261 1223 313 perfruamur.

268 329 403 382 Quod
422 337 471 371 ut
496 331 679 372 facilius
709 344 1074 384 consequamur,
1103 344 1190 373 nos
1218 344 1380 373 omnes
1411 334 1457 374 in
1483 335 1574 375 tuis
1601 335 1820 387 precibus

186 403 453 455 sanctisque
475 403 719 459 sacrificiis
735 404 1089 444 commendatos
1110 410 1160 444 ut
1181 404 1358 445 habeas
1380 405 1697 447 obsecramus.

266 473 507 525 Panormi,
532 482 665 515 sexto
687 474 790 514 idus
812 473 1101 525 Septembris
1123 474 1293 516 MDLl.

266 545 624 597 Indignissimus
644 546 765 586 filius
786 552 829 586 et
852 557 1017 586 servus
1039 546 1085 586 in
1107 546 1294 587 Christo
1316 547 1443 600 Jesu.

1114 689 1305 730 PAULtis
1330 690 1601 730 ACHILEIUS.

262 902 373 941 Alia
407 914 551 942 manu
587 901 635 941 in
676 902 841 953 [asima
876 907 1077 953 quartae
1113 903 1327 954 paginae
1361 914 1473 944 ora:
1512 904 1626 944 1551.
1664 903 1814 955 Quad.

182 973 331 1014 Paler.
355 973 381 1014 8
401 974 446 1013 di
468 973 604 1014 Sett.e

933 1404 1065 1458 CVI

248 1631 295 1669 Ρ.
316 1631 580 1671 Benedictus
596 1633 791 1671 Palmius

294 1697 416 1735 Patri
434 1697 604 1746 Ignatio
625 1698 678 1737 de
698 1698 882 1747 Loyola.

343 1763 564 1811 Messana,
588 1764 632 1801 15
649 1764 923 1813 Septembris
945 1766 1033 1803 1551
1055 1766 1081 1802 ¹.

957 1941 1054 2018 stis

252 2119 352 2160 Pax
373 2126 417 2161 et
437 2120 699 2161 benedictio
721 2120 909 2161 Domini
932 2119 1090 2160 Nostri
1111 2120 1222 2173 Jesu
1244 2119 1420 2160 Christi
1439 2123 1664 2170 perpetuo
1687 2117 1745 2157 sit
1766 2117 1814 2157 in

173 2191 393 2232 cordibus
414 2192 603 2232 nostris.
628 2191 794 2232 Amen.

254 2262 454 2304 Omnino
475 2264 720 2314 laetamur,
744 2263 904 2303 Rdein
927 2262 1115 2304 Christo
1131 2262 1286 2313 Pater,
1311 2274 1418 2303 cum
1434 2262 1490 2302 de
1507 2262 1579 2302 his
1601 2274 1721 2314 quae
1737 2261 1813 2302 hic

174 2333 302 2384 fiunt,
332 2334 465 2374 nobis
493 2340 564 2375 est
589 2334 908 2375 scribendum:
940 2333 1095 2375 Deum
1122 2334 1294 2375 etenim
1323 2333 1585 2385 laudamus,
1623 2344 1730 2373 curn
1759 2345 1814 2373 ea

172 2405 467 2457 proferimus,
492 2417 611 2458 quae
633 2406 755 2446 illius
774 2406 961 2446 bonitas
982 2406 1029 2446 in
1050 2405 1151 2446 dies
1183 2405 1320 2446 efficit
1349 2411 1486 2457 atque
1509 2405 1555 2444 in
1584 2404 1683 2445 dies
1705 2415 1810 2456 ope-

172 2481 318 2517 ratur.
343 2476 464 2527 Quid
485 2477 609 2517 enim
630 2483 699 2517 est
720 2484 951 2528 sanctum,
978 2477 1088 2529 quid
1108 2477 1250 2529 pium,
1275 2477 1400 2528 quod
1420 2476 1609 2516 divinae
1629 2475 1813 2526 gratiae

226 2638 236 2658 ¹
275 2638 527 2673 Autographae
542 2637 716 2665 Benedicti
732 2637 854 2665 Palmii
869 2638 1008 2665 litterae
1024 2637 1166 2672 implent
1183 2642 1257 2665 octo
1273 2637 1365 2672 folia,
1388 2644 1473 2672 quae
1498 2636 1680 2670 designata
1703 2635 1813 2670 primo

172 2686 307 2714 fuerant
321 2694 375 2713 nn,
392 2685 521 2721 193-200,
537 2686 614 2713 dein
631 2693 683 2712 nn.
699 2685 828 2719 854-361,
845 2693 931 2712 nunc
947 2685 1086 2713 tandem
1100 2685 1231 2712 52-59.-
1240 2685 1352 2712 Terna
1367 2685 1470 2712 etiam
1485 2684 1650 2711 habemus
1666 2690 1812 2717 apogra-

175 2734 256 2769 pha,
278 2741 420 2769 quorum
439 2734 534 2768 prius
558 2733 648 2761 foliis
667 2741 726 2761 sex
747 2732 947 2768 cont3inetur
962 2740 1015 2760 nn.
1038 2733 1118 2760 olim
1137 2733 1267 2768 342—3117,
1289 2740 1376 2760 nunc
1394 2733 1492 2766 46-51;
1514 2733 1672 2765 alterum,
1694 2738 1715 2758 a
1734 2730 1815 2758 Ber-

171 2783 277 2810 nardo
295 2781 448 2810 Oliverio
465 2782 668 2816 consectum,
691 2781 725 2808 in
747 2781 837 2808 foliis
857 2781 891 2808 211
911 2780 975 2813 v.⁰,
998 2780 1042 2815 25,
1066 2780 1101 2807 26
1121 2785 1154 2808 et
1170 2781 1213 2811 27.
1238 2780 1372 2808 Codicis
1393 2780 1476 2813 1551;
1494 2779 1635 2807 tertium
1657 2778 1812 2812 denique,

174 2830 280 2858 Roma
296 2830 338 2858 ad
354 2830 541 2865 Hispaniae
558 2830 668 2857 socios
682 2830 823 2857 missum
836 2832 870 2856 et
884 2829 917 2856 in
932 2828 1095 2855 Historia
1111 2830 1228 2861 varia,
1243 2830 1310 2856 vol.
1332 2836 1353 2861 1,
1376 2829 1431 2856 fol.
1455 2827 1572 2855 234-237
1591 2830 1812 2854 servatum.—

172 2878 209 2905 In
225 2878 450 2913 autographis
465 2878 593 2905 litteris
608 2881 640 2905 et
657 2878 689 2905 in
703 2877 812 2912 primo
836 2876 1035 2911 apographo
1059 2884 1195 2904 manum
1215 2877 1354 2904 Polanci
1376 2877 1545 2904 cernimus
1566 2875 1680 2909 aliqua
1705 2881 1814 2901 emen-

172 2926 296 2961 dantis,
312 2926 456 2953 delentis
472 2929 504 2953 et
521 2926 736 2961 exponentis.
