2074 3179
844 137 928 175 AN.
964 137 1056 175 1552
1696 139 1768 177 053

208 233 322 274 Heri
343 234 529 286 scripsit
550 233 608 273 ad
632 233 816 274 Patrem
838 235 1098 287 Baptistam
1119 233 1298 275 Doctor
1328 235 1472 286 ipsius
1490 267 1496 285 ,
1526 235 1766 275 dominum

125 305 294 344 domus
314 310 503 345 nostrae
521 305 693 345 habere
712 305 964 346 Abbatiam
982 305 1232 357 quamdam
1250 305 1601 355 monachorum,
1622 317 1764 357 quam

129 375 324 415 libenter
352 375 490 415 vellet
516 375 799 427 reformare:
830 376 958 416 illum
985 387 1098 416 vero
1128 374 1392 426 hujusmodi
1413 375 1759 416 reformationis

126 446 311 486 futurae
332 456 426 485 non
447 446 657 486 invenire
679 447 916 487 meliorem
938 447 1126 487 modum
1154 458 1293 498 quam
1320 452 1368 486 ut
1397 446 1622 497 novitios,
1646 458 1764 498 quos

132 522 321 567 vocant,
347 517 441 557 alat
462 517 508 556 in
529 517 697 558 studiis
725 524 768 557 et
797 520 843 558 in
872 518 1098 557 bonorum
1125 517 1364 557 hominum
1391 517 1765 567 conversatione;

128 599 325 639 eamque
347 588 405 628 ob
432 599 531 628 rem
554 587 651 639 jam
680 589 853 628 habere
880 588 925 628 in
954 588 1152 639 collegio
1183 587 1385 639 quodam
1415 587 1551 639 hujus
1582 587 1765 628 Acade—

131 659 250 698 miae
279 659 508 699 novitium
537 659 788 711 quemdam
816 659 1067 709 scribebat,
1100 670 1235 711 quem
1266 659 1422 699 multis
1450 660 1765 710 persuasioni-

131 729 215 769 bus
244 729 367 770 idem
390 730 590 781 Doctor,
614 731 829 782 loquens,
854 737 903 770 ut
920 730 1173 781 credimuS,
1195 730 1240 770 in
1262 741 1464 781 persona
1486 729 1660 770 domini
1680 731 1766 780 sui,

128 801 316 851 petebat
356 813 382 841 a
421 801 560 841 Patre
597 802 824 853 Baptista,
864 808 913 842 ut
950 801 1237 853 reciperetur
1277 801 1323 841 in
1363 801 1651 841 consortium
1690 813 1768 841 no-

130 879 301 922 strum,
325 871 473 912 donec
495 873 649 913 studia
674 873 974 923 absolvisset;
998 873 1150 924 ipsum
1170 872 1358 912 Patrem
1384 872 1645 923 Baptistam
1669 884 1769 912 rem

129 948 317 993 gratam
337 942 573 983 facturum
594 943 781 983 domino
804 943 969 984 domus
990 949 1199 993 nostrae,
1231 943 1270 983 si
1289 943 1591 995 reciperetur.

210 1012 554 1064 Argumentum
583 1026 747 1064 unum,
783 1026 873 1068 quo
904 1014 1234 1066 persuadebat,
1267 1020 1368 1054 erat
1397 1014 1652 1065 amplitudo
1689 1015 1769 1054 do-

132 1095 234 1123 mus
271 1089 315 1123 et
349 1085 588 1135 vacuitas3
627 1086 845 1136 alterum,
883 1085 921 1125 si
958 1086 1074 1125 haec
1102 1097 1129 1125 a
1158 1085 1291 1125 nobis
1322 1085 1614 1136 impetraret,
1646 1085 1767 1125 forte

131 1154 369 1194 dominum
396 1153 493 1205 ejus
521 1155 711 1196 bursam
739 1167 877 1196 suam
902 1156 1036 1196 nobis
1067 1156 1371 1207 aperiturum.
1403 1155 1612 1196 Tertium
1642 1156 1767 1196 vide-

134 1226 269 1265 batur
289 1237 316 1264 a
338 1225 568 1266 charitate
591 1234 849 1278 sumptum,
873 1227 1073 1275 scilicet,
1098 1227 1206 1279 quia
1227 1226 1370 1267 futuri
1391 1239 1599 1267 essemus
1622 1238 1767 1267 causa

134 1297 296 1336 salutis
318 1296 438 1336 illius
460 1298 698 1347 monachi,
729 1298 767 1338 si
798 1310 823 1337 a
845 1297 977 1338 nobis
1003 1298 1303 1349 reciperetur.
1328 1297 1376 1337 P.
1401 1298 1633 1350 Baptista,
1659 1298 1768 1349 quia

134 1368 419 1418 valetudine,
444 1380 535 1419 qua
557 1369 694 1418 solet,
720 1369 921 1410 adversa
943 1369 1207 1415 laborabat,
1239 1375 1282 1409 et
1310 1382 1336 1409 a
1365 1370 1630 1420 receptione
1650 1369 1767 1409 litte-

130 1449 287 1478 rarum
308 1439 430 1479 intra
451 1446 651 1491 quatuor
672 1440 813 1480 horas
835 1440 1209 1492 respondendum
1231 1446 1331 1480 erat
1352 1440 1461 1480 huic
1483 1441 1764 1491 quaestioni,

133 1510 256 1549 misit
286 1510 477 1550 fratrem
507 1517 720 1551 nostrum
749 1511 974 1564 Jacobum
1003 1511 1247 1552 Morellum
1276 1512 1322 1552 in
1357 1512 1606 1562 collegium
1638 1512 1764 1562 illud,

134 1581 179 1620 in
210 1592 299 1632 quo
336 1579 486 1632 ajebat
523 1582 701 1622 Doctor
735 1583 947 1623 habitare
969 1584 1263 1623 monachum.
1300 1583 1343 1623 Is
1377 1589 1682 1635 percontatus
1721 1583 1767 1622 in

134 1663 224 1703 quo
246 1652 458 1692 cubiculo
478 1653 730 1704 habitaret,
761 1653 941 1694 audivit
967 1666 1060 1694 non
1090 1654 1287 1706 amplius
1314 1653 1526 1694 habitare
1556 1654 1602 1693 in
1631 1655 1768 1694 colle-

136 1723 212 1773 gio
247 1723 339 1763 illo.
368 1723 616 1765 Rationem
643 1725 966 1766 sciscitaturus
994 1725 1223 1777 quaesivit
1252 1726 1469 1777 quisnam
1495 1725 1659 1765 fuisset
1688 1725 1769 1765 ibi-

137 1794 242 1833 dem
270 1794 389 1834 illius
416 1802 714 1847 praeceptor:
746 1802 884 1848 atque
915 1796 1101 1836 demum
1131 1797 1323 1837 invenit.
1354 1796 1665 1847 Paedagogus
1697 1797 1771 1836 ille

139 1864 377 1917 respondit
406 1867 690 1907 monachum
717 1867 904 1919 quidem
930 1868 1105 1918 ingenii
1125 1879 1228 1908 esse
1258 1867 1317 1907 ad
1346 1868 1525 1907 litteras
1553 1867 1672 1918 nati,
1695 1879 1771 1907 ve-

141 1947 262 1985 rum,
287 1936 408 1986 quod
440 1936 498 1976 ad
532 1949 686 1977 mores
714 1939 899 1989 attinet,
930 1938 1205 1978 dissolutum
1236 1945 1280 1978 et
1311 1937 1552 1988 effrenem3
1585 1938 1702 1978 adeo
1725 1944 1773 1977 ut

142 2018 393 2057 numquam
433 2009 668 2059 compesci
709 2009 910 2060 potuerit
949 2008 1131 2049 blandis
1170 2009 1326 2049 verbis
1369 2015 1447 2048 aut
1487 2009 1624 2048 minis
1664 2009 1775 2060 quin

143 2077 346 2128 quotidie
368 2078 515 2118 exiret
536 2079 611 2118 vel
629 2079 676 2118 in
703 2079 865 2119 urbem
890 2080 966 2119 vel
994 2081 1039 2119 in
1069 2091 1230 2130 agros,
1255 2084 1528 2131 patremque
1550 2078 1669 2130 ejus,
1695 2080 1774 2131 qui

142 2148 221 2188 alit
242 2160 346 2188 eum
366 2148 413 2188 in
440 2149 622 2199 studiis,
655 2151 777 2190 nolle
798 2162 902 2190 eum
930 2150 1047 2201 cogi.
1078 2149 1272 2201 Saepius
1301 2151 1440 2190 etiam
1470 2150 1772 2202 perturbasse

138 2217 429 2269 juventutem
465 2231 605 2270 quam
638 2220 942 2261 erudiendam
975 2221 1176 2261 habebat
1210 2221 1532 2273 paedagogus.
1575 2221 1776 2262 Demum

142 2289 316 2329 sactum
337 2297 405 2330 est
426 2297 495 2340 ut,
519 2292 684 2331 nolens
704 2292 866 2332 vivere
894 2292 978 2332 sub
1006 2292 1198 2332 arbitrio
1226 2292 1545 2344 praeceptoris
1558 2307 1568 2342 ,·
1591 2305 1614 2332 e
1638 2293 1772 2332 colle-

143 2361 219 2411 gio
247 2361 515 2401 discesserit
542 2362 588 2402 in
620 2363 870 2414 quamdam
898 2363 1085 2403 domum
1116 2364 1427 2413 saecularem,
1457 2364 1603 2403 multa
1625 2363 1774 2403 detra-

145 2437 276 2471 ctans
304 2433 600 2483 praeceptori
628 2445 734 2484 suo,
767 2440 815 2473 ut
836 2433 1019 2474 facilius
1040 2434 1342 2485 persuaderet
1373 2434 1494 2484 patri
1516 2434 1776 2474 discessum

143 2513 170 2541 a
196 2502 409 2552 collegio.

224 2572 306 2612 His
329 2573 498 2613 auditis
519 2574 666 2614 voluit
699 2575 859 2615 videre
887 2576 1188 2623 monachum,
1219 2587 1357 2627 quem
1383 2577 1446 2616 ait
1474 2588 1575 2616 esse
1597 2577 1775 2616 ordinis

145 2643 255 2683 Divi
295 2644 551 2694 Benedicti,
590 2646 757 2686 aetatis
793 2647 1127 2698 septemdecim
1165 2659 1416 2698 annorum,
1456 2654 1535 2687 aut
1570 2647 1772 2697 circiter,

145 2715 322 2754 altioris
360 2715 545 2766 quidem
585 2722 815 2767 staturae,
859 2717 1098 2757 humerale
1137 2724 1318 2758 tantum
1356 2718 1533 2758 ordinis
1572 2718 1771 2769 insigne,

144 2785 268 2836 quod
302 2786 460 2825 italico
498 2798 626 2827 more
661 2787 933 2838 patientiam
972 2794 1167 2833 vocant,
1210 2788 1436 2829 ferentem
1473 2789 1506 2839 ¹;
1548 2789 1776 2840 reliquum

201 2945 209 2965 ¹
252 2945 438 2980 Scapulare
457 2946 699 2980 monasticum,
718 2946 902 2975 humerale
918 2948 1044 2975 dictum
1060 2949 1138 2983 quia
1154 2949 1195 2975 ab
1213 2949 1363 2976 humeris
1379 2949 1512 2983 pendet.
