2074 3179
921 197 1002 233 ΑΝ.
1035 197 1119 233 1531
1766 196 1840 233 :303

281 877 325 913 Ρ.
348 876 568 914 Robertus
589 876 878 924 Clayssonius

329 942 449 978 Patri
467 942 637 989 Ignatio
657 943 710 980 de
732 943 917 990 Loyola.

374 1006 576 1054 Parisiis,
600 1007 615 1044 1
637 1005 927 1055 Septembris,
952 1008 1038 1045 1551
1062 1008 1086 1043 ¹.

1005 1162 1024 1195 †

972 1198 1068 1239 IHS

285 1339 451 1380 Gratia
472 1352 530 1379 ex
552 1351 645 1390 pax
666 1340 855 1380 Domini
877 1341 1034 1381 Nostri
1053 1342 1164 1394 Jesu
1186 1340 1358 1381 Christi
1389 1341 1447 1380 sit
1476 1351 1658 1390 semper
1689 1339 1840 1378 nobis-

207 1423 328 1451 cum.
351 1411 517 1450 Amen.

286 1482 561 1522 Reverende
582 1483 630 1522 in
651 1483 839 1523 Christo
861 1483 1014 1523 Pater:
1038 1483 1099 1524 Ut
1119 1484 1274 1534 aliqua
1296 1483 1343 1522 in
1364 1488 1497 1534 parte
1519 1483 1683 1522 saltem
1709 1482 1840 1521 satis-

206 1553 286 1593 fiat
308 1554 598 1594 obedientiae
619 1560 812 1594 sanctae
834 1553 889 1594 de
911 1554 1263 1594 conscribendis
1285 1554 1342 1593 ad
1365 1565 1451 1593 vos
1472 1553 1639 1593 litteris
1656 1553 1840 1603 singulo

207 1624 559 1676 quadrimestri,
591 1636 679 1676 ego
708 1625 765 1664 ob
794 1624 1044 1665 adversam
1071 1624 1389 1665 valetudinem
1416 1623 1465 1664 P.
1503 1624 1654 1664 nostri
1687 1623 1840 1673 Bapti-

209 1701 308 1736 stae
329 1696 514 1736 Violaei
541 1694 555 1713 ²
576 1701 621 1736 et
647 1696 864 1747 Magistri
890 1695 1122 1736 Everardi
1148 1694 1161 1713 ⁵
1190 1701 1235 1735 et
1261 1695 1451 1735 alterius
1481 1694 1725 1745 cujusdam
1751 1693 1838 1734 fra-

208 1767 308 1817 tris,
333 1766 497 1818 quibus
524 1766 643 1806 haec
669 1766 832 1806 fuisset
860 1766 1142 1807 demandata
1169 1778 1303 1817 cura,
1329 1765 1564 1806 scribendi
1597 1777 1713 1805 onus
1745 1777 1839 1805 sus-

208 1837 323 1888 cepi.
362 1837 594 1888 Quoniam
631 1849 745 1877 Vero
783 1849 877 1877 non
916 1839 1073 1877 omnia
1112 1849 1232 1889 quae
1267 1843 1402 1889 gesta
1437 1843 1564 1888 sunt,
1603 1835 1841 1887 sigillatim

209 1909 339 1959 novi,
364 1908 419 1947 de
441 1908 596 1948 multis
617 1920 768 1959 pauca
789 1908 1004 1949 referam.
1038 1909 1245 1960 Illudque
1274 1909 1478 1960 primum
1508 1908 1615 1958 erit,
1645 1907 1838 1957 scilicet,

209 1980 331 2030 quod
364 1979 524 2019 Rmus.
560 1979 820 2031 Episcopus
856 1979 1256 2020 Claramontensis
1289 1979 1503 2031 promisit
1537 1991 1587 2018 se
1622 1978 1841 2018 daturum

209 2049 397 2090 domum
419 2049 668 2101 quamdam
699 2049 940 2101 Societati,
971 2051 1109 2090 sitam
1135 2051 1183 2090 in
1208 2050 1322 2090 urbe
1345 2050 1531 2090 Bilionii
1559 2049 1699 2101 (quae
1730 2049 1841 2088 urbs

209 2128 279 2161 est
306 2121 352 2160 in
381 2120 671 2172 Auvernia),
705 2121 844 2161 modo
866 2121 959 2161 ΡΞ*5
994 2127 1074 2161 tua
1094 2127 1189 2161 tres
1211 2126 1291 2161 aut
1311 2127 1512 2172 quatuor
1534 2132 1592 2160 ex
1616 2120 1841 2160 fratribus

208 2192 320 2232 velit
341 2204 394 2232 eo
415 2192 612 2243 mittere,
635 2192 912 2243 promittens
933 2193 1132 2243 interim,
1158 2192 1306 2233 donec
1332 2192 1443 2232 urbs
1467 2192 1568 2244 ipsa
1583 2190 1842 2243 providerit

208 2263 429 2303 fratribus
447 2263 502 2303 de
522 2264 803 2304 necessariis
830 2263 890 2304 ad
916 2264 1063 2304 vitam
1090 2263 1443 2315 traducendam,
1477 2275 1526 2303 se
1556 2263 1646 2303 illis
1668 2262 1838 2312 omnia,

210 2346 329 2386 quae
356 2334 415 2374 ad
441 2334 618 2375 Victum
647 2340 691 2374 et
724 2335 946 2375 vestitum
971 2335 1224 2386 pertinent,
1263 2335 1577 2386 provisurum.
1611 2334 1679 2374 Ea
1708 2334 1764 2374 de
1791 2345 1841 2373 re

209 2405 258 2446 P.
282 2405 492 2456 Baptista
515 2406 577 2445 ait
599 2417 648 2445 se
671 2405 729 2445 ad
750 2412 795 2446 te
817 2406 1083 2458 scripsisse,
1115 2406 1317 2458 quidque
1339 2406 1380 2446 ei
1407 2405 1675 2445 faciendum
1700 2405 1759 2445 sit
1786 2417 1841 2445 ea

212 2477 259 2516 in
280 2488 329 2516 re
352 2477 434 2516 abs
456 2482 499 2516 te
523 2488 663 2517 nosse
689 2477 829 2528 cupit.

290 2548 453 2588 invisit
474 2560 560 2588 nos
580 2547 703 2588 idem
722 2548 983 2600 Episcopus
1003 2548 1087 2588 sub
1118 2548 1287 2589 festum
1315 2548 1621 2589 Ascensionis
1654 2547 1843 2587 Domini

265 2705 273 2725 ¹
315 2706 563 2741 Autographae
579 2708 727 2742 litterae,
745 2712 838 2736 totae
854 2717 954 2736 manu
969 2709 1074 2743 ipsius
1092 2709 1207 2736 Patris
1222 2708 1362 2736 Roberti
1378 2708 1580 2741 Clnyssonii.
1601 2708 1632 2734 in
1657 2707 1780 2741 duplici
1797 2707 1843 2734 so-

211 2752 265 2783 lio.
279 2754 330 2780 cui
346 2755 423 2781 olim
439 2759 536 2782 erant
551 2763 582 2782 n.
596 2755 658 2788 399,
675 2763 761 2783 nunc
776 2763 858 2783 vero
871 2756 906 2783 82
921 2761 953 2783 et
967 2756 1012 2783 83.
1028 2756 1109 2790 Eas,
1131 2760 1167 2783 ut
1189 2756 1260 2790 ejus
1282 2755 1385 2783 moris
1407 2760 1493 2787 erat,
1511 2754 1705 2781 emendavit
1722 2754 1843 2781 Polan-

211 2809 277 2832 cus.
294 2809 357 2836 quo
373 2802 419 2828 sic
437 2803 637 2830 emendatae
655 2804 966 2831 transcriberentur
983 2812 1002 2831 a
1016 2804 1167 2831 librariis
1184 2804 1266 2830 etin
1283 2803 1463 2830 Societatis
1484 2803 1599 2829 domos
1615 2802 1841 2829 mitterentur.

212 2847 341 2876 Harum
356 2850 402 2877 sic
418 2851 674 2878 emendatarum
689 2852 890 2885 exemplum,
916 2859 935 2879 a
956 2852 1132 2879 Bernardo
1154 2851 1306 2878 Oliverio
1330 2851 1531 2883 confectum,
1557 2850 1589 2876 in
1614 2850 1736 2877 Codice
1759 2850 1840 2881 1551,

213 2895 315 2923 f01.19
330 2897 381 2923 v.⁰
399 2901 432 2924 et
447 2897 493 2924 20.

264 2944 278 2962 Ξ
315 2943 351 2970 P.
367 2944 506 2977 Joannis
522 2945 680 2979 Baptista
694 2945 795 2973 Viola
811 2947 1026 2981 praepositus
1041 2951 1116 2975 erat
1133 2947 1244 2974 domui
1258 2947 1441 2974 Societatis
1458 2946 1652 2974 Parisiensi.

266 2990 280 3009 ⁵
319 2990 354 3017 P.
370 2991 568 3019 Everardus
583 2991 827 3020 Mercurianus.
