2074 3179
190 165 241 201 56
706 164 935 202 LITTERAE
962 176 1321 208 QUADRIMESTRES

272 261 308 300 Il
338 260 528 312 signore
555 261 617 301 mi
644 261 704 301 ha
730 261 841 301 dato
872 261 1027 312 gratia
1059 261 1105 301 di
1133 261 1468 321 confondere-li
1495 262 1688 302 heretici
1709 267 1755 302 et
1776 265 1831 302 co

191 333 397 372 autorita
419 337 463 372 et
487 344 576 372 con
598 332 830 372 minaccia
852 332 898 372 di
918 332 1073 372 fuoco.

274 437 819 527 Superscreptm.=st†ls.
847 475 907 514 Al
929 475 1073 514 molto
1094 474 1187 514 mio
1207 474 1263 514 R.
1294 475 1341 514 in
1368 475 1489 526 Xpo.
1522 476 1625 516 Pre.
1650 476 1711 517 Μ.
1735 476 1832 517 Pie-

191 553 265 586 tro
301 546 554 597 Codaccio,
596 546 717 586 nella
754 545 1048 597 Compagnia
1083 545 1139 585 de
1173 545 1306 598 Jesu,
1343 546 1563 597 provisor
1583 547 1749 599 dianss,
1787 548 1833 588 in

191 616 366 658 Sancta
395 617 545 657 Maria
572 617 692 657 della
721 617 901 667 strada,
935 628 1099 668 presso
1131 628 1158 656 a
1187 615 1360 657 Sancto
1383 616 1567 668 Marco,
1592 619 1639 658 in
1659 618 1824 659 Roma.

273 689 334 729 Di
355 694 490 741 porto
513 694 583 728 tre
604 687 808 728 baiochi.

488 759 546 799 X.
571 758 616 800 S.

961 1046 1102 1099 XIV

268 1275 318 1313 F.
341 1275 554 1313 Antonius
575 1276 742 1315 Suarez

316 1340 440 1378 Patri
459 1341 651 1379 Martino
672 1341 726 1379 de
745 1341 1002 1380 Santacruz.

362 1407 656 1452 Conimbrica‚
677 1408 725 1444 24
743 1408 1029 1455 Septembris,
1054 1408 1150 1445 1547
1170 1408 1194 1444 ¹.

968 1511 1066 1588 ulis

276 1691 442 1732 Gratia
472 1698 517 1732 et
544 1704 638 1744 pax
660 1691 851 1732 Domini
876 1691 1036 1732 Nostri
1056 1691 1166 1745 Jesu
1187 1691 1362 1732 Christi
1391 1691 1449 1731 sit
1479 1702 1664 1742 semper
1685 1689 1837 1730 nobis-

193 1775 316 1804 cum.
347 1763 515 1804 Ament

274 1835 382 1875 Non
402 1835 598 1885 inficior,
623 1835 687 1874 mi
708 1834 861 1885 Pater,
887 1834 999 1886 quin
1020 1834 1186 1874 merito
1204 1834 1251 1873 in
1267 1845 1462 1873 numero
1484 1844 1647 1873 eorum
1669 1832 1837 1871 haben-

192 1907 280 1947 dus
304 1906 413 1958 sim,
444 1907 524 1958 qui
551 1918 658 1947 cum
678 1905 949 1958 praesentia
976 1905 1099 1945 bona
1129 1916 1223 1945 non
1246 1910 1439 1955 norunt,
1471 1904 1646 1944 amissa
1673 1909 1837 1954 postea

191 1978 377 2018 deflent.
415 1977 577 2030 Neque
612 1983 766 2017 tamen
808 1988 1001 2029 possum
1034 1988 1128 2016 non
1164 1976 1374 2017 confiteri
1409 1987 1549 2028 quam
1584 1975 1643 2015 sit
1678 1974 1840 2014 firmus

192 2055 330 2101 atque
357 2049 538 2090 stabilis
571 2060 704 2089 meus
740 2059 856 2100 erga
877 2054 922 2089 te
952 2059 1106 2100 amor,
1137 2048 1307 2100 quippe
1337 2058 1443 2087 cum
1473 2047 1599 2087 nulla
1627 2047 1839 2086 locorum

194 2121 433 2173 distantia,
460 2121 588 2161 nulla
609 2121 833 2173 temporis
857 2120 1154 2171 diuturnitas,
1179 2119 1306 2160 nulla
1329 2130 1580 2170 corporum
1601 2117 1837 2170 separatio

193 2192 377 2233 efficere
399 2193 561 2245 possit,
585 2198 635 2233 ut
657 2192 855 2241 animus,
880 2192 1025 2232 semel
1046 2191 1275 2232 charitate
1297 2190 1472 2231 Christi
1493 2190 1754 2240 devinctus,
1776 2189 1833 2229 ab

196 2264 349 2304 officio
384 2277 442 2304 ne
476 2265 708 2304 tantillum
741 2264 929 2316 quidem
962 2263 1166 2304 recedat.
1205 2262 1296 2304 Sed
1330 2262 1386 2303 de
1420 2262 1509 2302 hoc
1539 2261 1675 2312 satis,
1706 2272 1764 2301 ne
1792 2260 1840 2300 in

196 2335 322 2376 aliud
343 2347 601 2388 erumpam.
626 2335 728 2376 Hoc
750 2341 907 2376 tamen
928 2347 1073 2375 unum
1089 2335 1213 2375 scias
1230 2334 1384 2383 velim,
1408 2333 1522 2374 nihil
1542 2332 1656 2373 mihi
1672 2331 1832 2384 jucun-

194 2407 297 2448 dius
319 2407 562 2458 accidisse,
588 2419 728 2459 quam
749 2407 803 2458 si,
826 2418 967 2459 quam
988 2407 1126 2447 modo
1149 2406 1319 2446 absens
1346 2405 1711 2457 haudquaquam
1732 2403 1837 2443 reti-

194 2491 306 2519 nere
327 2490 534 2530 possum,
555 2479 637 2519 tibi
659 2490 821 2519 coram
841 2490 995 2518 meam
1017 2489 1130 2529 erga
1151 2483 1198 2518 te
1218 2477 1510 2517 voluntatem
1532 2475 1742 2528 apertius
1763 2473 1835 2513 de-

195 2551 444 2591 clararem.

276 2620 607 2674 Superioribus
624 2622 788 2662 diebus
805 2621 864 2662 ad
881 2628 926 2662 te
941 2621 1075 2661 binas
1090 2620 1196 2661 dedi
1212 2620 1393 2661 litteras
1409 2631 1503 2660 non
1516 2629 1607 2658 uno
1626 2623 1837 2668 tempore

194 2694 419 2745 scriptas;
444 2694 568 2735 haud
590 2695 687 2735 scio
710 2706 770 2734 an
791 2693 873 2734 tibi
893 2693 986 2733 sint
1006 2691 1231 2733 redditae.
1255 2691 1389 2732 Nunc
1410 2696 1588 2741 tamen,
1614 2689 1836 2741 quoniam

196 2764 244 2805 id
264 2765 347 2805 tibi
368 2765 602 2816 pollicitus
631 2777 754 2816 sum,
785 2764 1028 2805 tabellario
1057 2763 1256 2804 Romam
1284 2761 1599 2814 proficiscenti
1627 2759 1839 2801 nonnihil

254 2952 263 2971 ¹
303 2951 356 2978 Ex
378 2951 605 2985 autographo,
619 2951 650 2977 in
675 2949 800 2985 duplici
824 2950 911 2981 solio,
927 2949 980 2976 cui
1002 2952 1110 2981 erant.
1128 2948 1159 2976 in
1183 2947 1327 2982 pristino
1349 2945 1504 2974 Archivii
1527 2945 1655 2979 ordine,
1675 2953 1726 2973 nn.
1736 2946 1837 2974 301·et

196 2999 264 3033 392,
282 3006 368 3026 nunc
380 3002 498 3026 autem
510 3001 588 3026 sunt
602 2998 619 3025 3
633 3002 667 3026 et
681 2998 707 3025 4.
