2074 3179
242 155 317 192 ‘216
760 155 989 193 LITTERAE
1016 167 1373 200 QUADRIMESTRES

246 258 400 293 tentes
427 258 470 293 et
492 253 906 304 communicantes,
937 265 1043 293 cum
1063 264 1148 293 suo
1177 254 1465 306 confessore,
1494 254 1633 295 Patre
1654 254 1865 296 Adriano

246 323 668 376 reprehenderent3
692 325 774 365 sed
804 324 989 376 singula
1013 323 1327 377 attendentes,
1351 325 1507 377 gratia
1528 325 1616 365 Dei
1637 326 1819 367 incitati
1839 332 1884 367 et

244 395 365 436 bene
387 395 620 436 aedificati
638 400 948 436 recesserunt.

327 466 542 518 Rogatus
563 478 747 519 quoque
768 466 852 507 fuit
872 466 1012 507 Pater
1041 466 1282 508 Adrianus
1312 467 1369 508 ab
1400 468 1505 508 aliis
1534 468 1884 509 confessoribus

247 537 441 578 alterius
462 538 715 590 parochiae
737 543 800 589 ut,
826 550 1112 590 quamquam
1133 538 1341 578 omnium
1359 539 1676 580 indifferenter
1698 540 1882 581 audiret

240 609 582 660 confessiones,
603 608 786 660 juberet
806 615 964 650 tamen
985 621 1080 661 eOS,
1104 610 1183 662 qui
1204 610 1395 650 alterius
1415 616 1522 650 sunt
1542 611 1811 663 parochiae,
1837 612 1885 652 in

242 680 341 720 suis
362 680 599 732 parochiis
622 681 996 732 communicare,
1020 687 1070 721 ut
1091 681 1164 721 sui
1191 693 1375 733 quoque
1403 681 1722 731 aedificentur,
1754 683 1881 734 polli-

240 756 403 792 centes
437 751 611 792 nemini
644 751 972 803 denegandam
1006 763 1194 792 sacram
1220 752 1589 804 Eucharistiam3
1622 754 1746 805 quod
1778 753 1886 794 licet

244 834 430 874 semper
453 829 669 863 curatum
690 823 770 874 sit,
794 829 899 875 post
919 824 1037 864 haec
1059 829 1217 864 tamen
1238 823 1390 875 magis
1410 823 1534 864 serio
1557 830 1764 875 curatur,
1796 825 1887 865 nisi

241 894 467 946 temporis
489 894 698 935 brevitas
721 894 932 946 aliaeque
954 895 1337 935 circumstantiae
1352 894 1608 947 impediant
1625 895 1885 936 discessum

241 966 301 1006 de
321 977 415 1006 uno
437 966 610 1018 templo
631 966 679 1006 in
701 966 841 1007 aliud.

324 1037 506 1077 Deinde
528 1037 667 1078 Pater
687 1037 927 1078 Adrianus
943 1038 991 1078 in
1011 1038 1222 1090 partibus
1243 1038 1522 1079 Hollandiae
1544 1038 1885 1079 sollicitabatur

243 1121 273 1148 a
294 1108 498 1160 quodam
519 1109 805 1149 monasterio
827 1109 1120 1149 incessanter
1141 1109 1201 1150 ad
1222 1109 1617 1161 concionandum;
1641 1109 1740 1162 ipse
1768 1120 1883 1149 vero

239 1180 495 1231 plurimum
515 1180 562 1220 in
583 1191 633 1221 se
654 1181 822 1221 anxius
843 1186 887 1221 et
908 1181 1160 1233 perplexus
1181 1181 1266 1221 fuit
1287 1192 1342 1221 eo
1365 1181 1490 1232 quod
1510 1193 1597 1221 nec
1617 1181 1770 1222 studio
1799 1192 1885 1221 nee

242 1251 625 1292 meditationibus
659 1252 910 1304 quicquam
943 1252 1108 1292 stabile
1136 1257 1295 1304 posset
1328 1251 1561 1303 invenire,
1594 1258 1638 1292 et
1666 1252 1888 1292 ordinare

238 1323 368 1374 quod
395 1323 591 1374 diceret,
625 1324 768 1364 immo
796 1336 883 1364 nec
912 1324 1065 1375 ipsum
1091 1329 1273 1364 textum
1298 1324 1548 1375 Evangelii
1578 1323 1669 1364 diei
1698 1329 1885 1376 poterat

240 1395 574 1435 commendare
594 1396 864 1447 memoriae;
888 1395 1078 1436 tandem
1100 1395 1207 1448 quia
1229 1395 1554 1447 subterfugere
1570 1407 1665 1436 non
1681 1400 1882 1447 poterat,

241 1467 395 1506 solum
415 1466 573 1507 thema
594 1467 792 1518 habens,
817 1468 953 1519 quasi
980 1473 1106 1508 totus
1133 1467 1391 1518 desolatus,
1422 1467 1582 1507 aridus
1611 1472 1656 1507 et
1687 1466 1877 1507 confun-

243 1537 441 1589 dendus,
467 1538 515 1578 in
543 1537 748 1579 Domino
776 1538 1077 1579 nihilominus
1108 1538 1370 1590 confidens,
1404 1538 1786 1591 superpellicium
1821 1538 1886 1578 in—

242 1609 405 1661 duens,
430 1610 704 1651 concionari
726 1611 910 1662 incipit:
934 1616 979 1651 et
1005 1621 1116 1650 ecce
1137 1622 1248 1651 mox
1270 1610 1502 1650 Dominus
1522 1609 1686 1650 aderat
1706 1609 1885 1650 famulo

243 1692 344 1732 suo,
370 1687 519 1721 totum
539 1686 720 1722 textum
748 1681 997 1733 Evangelii
1024 1682 1236 1732 suggerit
1271 1681 1327 1721 de
1356 1681 1500 1721 divite
1522 1686 1572 1721 et
1603 1680 1806 1731 Lazaro,
1845 1686 1890 1720 et

242 1752 326 1792 vix
347 1753 540 1793 minima
562 1753 795 1804 particula
816 1752 992 1792 intacta
1022 1753 1384 1804 relinquebatur,
1408 1752 1519 1804 quin
1546 1763 1682 1792 suum
1713 1751 1885 1792 festum

244 1829 290 1864 et
310 1823 587 1875 mysterium
610 1824 882 1875 explicaret;
908 1824 970 1864 ita
989 1829 1038 1863 ut
1059 1824 1224 1864 concio
1241 1823 1320 1864 illa
1343 1823 1502 1864 statim
1527 1835 1555 1864 a
1579 1823 1727 1864 variis
1748 1822 1888 1862 fuerit

247 1895 443 1936 collecta
467 1901 512 1936 et
533 1895 724 1947 scripta.

325 1967 376 2007 In
397 1967 561 2007 eodem
581 1967 685 2007 loco
703 1967 950 2007 domicella
968 1966 1200 2019 quaedam
1215 1966 1418 2007 habebat
1433 1966 1579 2007 filium
1595 1965 1892 2006 sacerdotem

242 2044 290 2079 et
313 2038 609 2087 canonicum,
635 2038 713 2090 qui
735 2050 762 2078 a
782 2038 993 2090 pluribus
1015 2038 1151 2078 annis
1173 2038 1255 2078 vix
1276 2037 1361 2078 fuit
1382 2049 1575 2089 compos
1602 2037 1791 2089 mentis,
1823 2036 1891 2077 sic

243 2116 314 2161 ut,
341 2116 582 2162 tamquam
605 2110 825 2150 obsessus
848 2121 871 2149 a
897 2110 1146 2160 daemone,
1171 2109 1384 2149 cubiculo
1405 2109 1613 2149 inclusus
1634 2113 1886 2149 teneretur.

244 2181 377 2222 Haec
399 2182 589 2233 rogavit
610 2180 799 2222 Patrem
826 2181 1091 2222 Adrianum
1118 2187 1167 2221 ut
1196 2180 1340 2221 filium
1369 2192 1505 2221 suum
1534 2180 1762 2221 visitaret.
1802 2179 1893 2219 Ivit

245 2265 325 2304 eo,
351 2253 545 2293 intravit
567 2253 833 2293 cubiculum
853 2252 967 2293 dicti
989 2252 1090 2304 filii,
1125 2258 1274 2293 matre
1295 2258 1339 2292 et
1365 2252 1543 2292 familia
1572 2262 1686 2303 prae
1712 2250 1893 2291 foribus

246 2325 315 2364 rei
336 2330 556 2365 eventum
578 2324 961 2376 exspectantibus
979 2335 986 2374 ;
1011 2324 1303 2364 examinavit
1325 2335 1430 2364 eum
1450 2322 1651 2375 petendo
1672 2334 1795 2362 anne
1815 2333 1891 2362 cu—

246 2401 378 2448 peret
398 2397 586 2448 placere
607 2395 812 2436 Domino
834 2395 952 2446 Deo,
977 2394 1129 2435 eidem
1157 2395 1360 2446 servire,
1386 2394 1573 2435 obedire
1595 2399 1639 2434 et
1665 2393 1712 2434 in
1743 2399 1891 2433 aeter-

244 2478 359 2507 num
381 2479 487 2507 cum
508 2478 563 2506 eo
584 2467 807 2518 gaudere.
836 2466 1096 2518 Respondit
1124 2466 1248 2518 quod
1279 2466 1361 2506 sic.
1396 2465 1750 2506 Adhortabatur
1777 2465 1890 2504 ulte-

249 2538 347 2579 rius
368 2538 427 2578 ad
449 2537 792 2578 confessionem
814 2544 858 2578 et
878 2537 1070 2589 similia,
1096 2549 1293 2589 cumque
1321 2536 1451 2577 Patri
1477 2536 1690 2577 Adriano
1711 2535 1890 2576 videre-

248 2615 325 2650 tur
340 2621 508 2662 parum
526 2609 846 2660 respondisse,
870 2614 1020 2649 mater
1040 2609 1338 2660 postmodum
1357 2607 1475 2648 dixit
1495 2619 1545 2648 se
1565 2618 1716 2658 neque
1736 2618 1819 2658 per
1840 2617 1890 2646 se

247 2693 402 2734 neque
422 2693 504 2733 per
527 2681 708 2733 aliquos
729 2680 846 2720 alios
867 2680 1075 2732 potuisse
1098 2692 1124 2720 a
1147 2685 1348 2732 quatuor
1370 2679 1504 2719 annis
1524 2684 1706 2719 tantum
1727 2677 1890 2718 verbo-

248 2765 355 2794 rum
377 2759 421 2793 et
449 2752 663 2804 responsi
689 2752 956 2803 impetrare.
990 2750 1065 2792 Sic
1088 2762 1194 2791 eum
1221 2750 1387 2803 reliqui
1415 2750 1463 2790 in
1491 2749 1704 2801 cubiculo
1733 2747 1894 2789 dicens

252 2836 326 2865 me
348 2830 622 2864 curaturum
642 2828 692 2864 ut
714 2824 861 2863 altero
882 2821 957 2863 die
978 2822 1161 2862 veniret
1188 2828 1350 2873 pastor
1381 2821 1626 2862 auditurus
1656 2819 1755 2872 ejus
1787 2830 1892 2859 con-

253 2895 528 2946 fessionem,
552 2907 642 2946 quo
663 2900 709 2935 et
730 2899 975 2935 contentus
997 2893 1096 2933 fuit.
1122 2892 1274 2944 Quam
1296 2904 1490 2945 operam
1522 2891 1708 2944 quidem
1736 2890 1894 2931 offere-

252 2967 333 3006 bat
354 2966 496 3007 Pater
517 2966 771 3017 Adrianus,
796 2965 878 3006 sed
899 2965 999 3015 ipse
1019 2976 1114 3005 non
1135 2951 1385 3004 videbatur
1407 2963 1616 3004 affectus.
1640 2962 1699 3003 Et
1716 2963 1780 3003 ita
1797 2966 1895 3001 tota
