2074 3179
894 174 929 209 A
939 184 973 209 x.
1009 172 1097 208 1552
1735 174 1808 209 030

175 269 386 309 trustrati
408 281 583 309 sumus.
607 269 815 310 Instante
838 268 1064 321 siquidem
1092 269 1287 308 solemni
1315 268 1692 309 Resurrectionis
1719 270 1806 318 die,

173 340 327 391 coepit
348 339 544 391 privatis
576 340 820 391 colloquiis
850 340 975 380 domi
1002 345 1192 379 nostrae
1220 340 1402 389 agitare
1431 351 1491 378 an
1520 340 1671 379 redire
1704 352 1809 380 cum

175 410 275 450 Deo
297 411 343 450 in
363 411 564 461 gratiam
589 419 759 463 posset.
784 412 899 452 Cum
921 418 1075 451 autem
1097 410 1142 450 id
1169 410 1268 450 fieri
1296 422 1389 450 non
1417 421 1554 461 posse
1587 410 1809 461 intellige-

175 486 266 531 ret,
296 481 384 521 nisi
412 482 684 523 adversario
720 484 1006 533 ignosceret,
1036 492 1211 531 negare
1238 481 1438 532 primum
1470 481 1657 520 omnino
1687 481 1732 521 id
1761 473 1811 522 se

174 552 427 603 facturum,
466 556 604 604 paulo
643 560 748 605 post
787 554 925 594 etiam
966 553 1070 593 ficte
1109 553 1253 592 multa
1293 552 1523 603 polliceri,
1574 564 1810 604 nunquam

175 629 329 662 tamen
350 635 407 662 ex
429 624 582 664 animo
601 625 852 676 quicquam
869 624 952 674 (sic
974 634 1030 663 ex
1049 623 1149 674 ipso
1166 629 1331 674 postea
1352 623 1628 672 didicimus).
1651 623 1810 675 Neque

173 699 327 733 tamen
350 694 527 734 interea
553 707 578 734 a
601 706 685 735 suo
709 706 836 735 more
855 693 1122 734 discedebat
1144 694 1253 744 quin
1276 700 1319 732 et
1341 704 1477 732 sacra
1500 700 1543 732 et
1561 694 1810 733 conciones

173 764 370 814 audiret,
395 766 640 816 proximus
662 777 859 817 semper,
885 766 922 805 si
943 771 1116 816 posset,
1141 764 1482 814 concionatori,
1508 770 1557 803 ut
1577 763 1713 804 facile
1735 777 1810 816 ap-

174 842 359 885 pareret
381 847 551 887 cupere
575 848 677 876 eum
700 850 726 877 a
751 837 929 888 laqueis
951 835 1192 876 daemonis
1214 835 1436 883 evadere,
1461 835 1542 874 sed
1563 835 1718 875 illatae
1748 836 1812 874 in-

169 904 320 955 juriae
343 907 557 947 oblivisci
578 919 671 947 non
694 919 846 958 posse.
876 907 964 947 Hic
992 905 1091 958 ejus
1119 906 1339 946 misertus
1370 905 1601 945 Dominus
1630 905 1702 945 die
1730 905 1813 945 Pa·

175 987 369 1016 rasceve
391 977 454 1017 ita
477 979 827 1018 concionatoris
848 978 996 1018 nostri
1017 984 1218 1017 mentem
1239 977 1484 1016 charitatis
1511 976 1620 1027 igne
1647 988 1809 1016 accen-

173 1047 252 1097 dit,
274 1054 495 1099 tantoque
517 1049 559 1088 ei
581 1049 773 1100 spiritus
795 1049 994 1098 fervore,
1015 1060 1120 1088 cum
1142 1049 1197 1088 de
1218 1048 1418 1087 caeteris
1440 1047 1498 1087 ad
1520 1059 1618 1087 rem
1639 1047 1809 1087 facien-

172 1118 316 1167 tibUS‚
352 1124 449 1158 tum
484 1120 540 1159 de
575 1120 897 1160 condonandis
931 1119 1207 1171 praesertim
1232 1118 1435 1170 injuriis,
1466 1119 1696 1159 disserere
1726 1131 1810 1159 sua

171 1189 459 1239 benignitate
480 1191 734 1238 concessit,
761 1197 808 1230 ut
828 1202 921 1230 non
943 1191 1095 1230 solum
1115 1190 1237 1239 huic,
1261 1189 1316 1230 de
1334 1202 1424 1241 quo
1447 1191 1694 1241 loquimur,
1728 1191 1809 1230 sed

175 1260 331 1300 multis
352 1261 493 1300 etiam
516 1261 619 1300 aliis
641 1262 822 1301 initium
850 1262 965 1301 haec
993 1262 1092 1301 dies
1121 1261 1331 1301 attulisse
1360 1261 1578 1301 credatur
1605 1261 1811 1301 melioris

174 1332 313 1372 vitae.
338 1332 568 1372 Permotis
591 1332 715 1371 enim
738 1332 1037 1372 vehementer
1059 1332 1263 1372 omnium
1285 1332 1474 1382 animis,
1500 1344 1605 1372 cum
1626 1344 1680 1372 eo
1701 1344 1809 1372 ven-

175 1412 273 1443 tum
294 1410 415 1443 esset
436 1409 485 1442 ut
506 1402 758 1443 Dominum
782 1410 994 1443 nostrum
1013 1403 1171 1455 Jesum
1198 1402 1435 1443 Christum
1463 1403 1591 1443 cruci
1622 1403 1809 1444 affixum

176 1480 298 1514 esset
333 1480 626 1524 ostensurus,
664 1486 811 1525 eoque
850 1474 1086 1525 paulisper
1127 1474 1308 1514 detecto
1349 1486 1403 1514 ac
1444 1474 1608 1514 deinde
1648 1486 1809 1515 rursus

175 1545 384 1595 obtecto,
409 1557 457 1585 se
486 1556 578 1585 non
605 1546 736 1596 prius
767 1550 1063 1585 ostensurum
1090 1545 1212 1584 serio
1242 1545 1515 1595 affirmaret,
1547 1557 1688 1597 quam
1717 1547 1810 1586 alta

175 1627 293 1656 voce
314 1616 645 1667 pollicerentur
666 1629 715 1656 se
739 1617 894 1656 omnia
917 1616 1125 1656 facturos
1147 1627 1267 1667 quae
1289 1617 1348 1656 ad
1369 1618 1567 1657 salutem
1599 1617 1654 1657 iis
1683 1625 1811 1658 esent

176 1687 465 1738 necessaria,
491 1687 752 1739 trepidante
775 1688 996 1727 universo
1019 1693 1154 1727 coetu
1175 1688 1386 1727 virorum
1407 1700 1462 1727 ac
1484 1688 1743 1739 mulierum,
1769 1696 1811 1728 et

176 1757 268 1805 iam
299 1770 412 1810 prae
441 1759 685 1810 lacrymis,
717 1759 877 1798 dolore
907 1771 961 1798 ac
990 1759 1179 1810 planctu
1207 1759 1289 1799 vix
1317 1770 1365 1798 se
1394 1759 1673 1809 sustinente,
1706 1771 1811 1799 cun-

178 1829 414 1869 ctantibus
435 1835 591 1869 tamen
613 1829 764 1869 adhuc
789 1829 849 1869 ad
869 1829 914 1869 id
939 1829 1222 1880 respondere
1250 1829 1373 1881 quod
1405 1830 1693 1881 propositum
1720 1830 1809 1870 fue-

180 1905 252 1939 rat
275 1900 439 1951 (neque
460 1900 581 1940 enim
603 1900 830 1951 putabant
852 1900 979 1939 illum
1001 1900 1123 1940 serio
1145 1900 1350 1951 exigere,
1375 1900 1456 1940 sed
1479 1913 1536 1940 ex
1556 1912 1684 1941 more
1708 1913 1811 1941 con-

178 1971 473 2010 cionatorum
506 1971 551 2010 id
581 1971 736 2011 facere
764 1972 995 2020 voluisse,
1030 1982 1118 2022 quo
1146 1971 1299 2022 magis
1331 1983 1410 2011 eos
1441 1971 1683 2022 afficeret),
1704 1962 1813 2012 'tum

179 2042 277 2093 ipse
299 2042 356 2081 ad
374 2052 560 2081 crucem
579 2053 851 2091 conversus,
872 2053 990 2093 quae
1006 2053 1162 2092 panno
1184 2042 1308 2092 nigri
1330 2043 1500 2082 coloris
1516 2043 1672 2083 velata
1694 2049 1810 2094 erat,

178 2124 373 2164 eamque
394 2113 710 2164 amplexatus:
735 2124 813 2162 en,
837 2112 1005 2164 inquit,
1031 2112 1234 2160 Christe,
1262 2124 1484 2153 verumne
1506 2122 1575 2153 est
1603 2114 1728 2165 quod
1750 2115 1811 2154 di-

179 2183 347 2223 cimus:
373 2182 594 2234 Populns
615 2182 688 2222 llic
708 2182 846 2222 labiis
867 2194 937 2222 me
957 2182 1178 2233 honorat,
1199 2193 1280 2222 cor
1300 2187 1456 2222 autem
1477 2195 1639 2223 eorum
1667 2184 1812 2235 longe

179 2257 251 2293 est
277 2266 305 2293 α
333 2254 438 2292 me?
466 2255 535 2294 En
566 2265 730 2293 servos
757 2266 806 2293 se
834 2260 938 2293 tuos
969 2253 1177 2305 profiteri
1204 2255 1379 2294 nolunt.
1411 2254 1512 2294 Hac
1539 2266 1655 2295 voce
1686 2257 1812 2296 velut

178 2325 337 2375 gladio
368 2324 591 2376 perfossis
627 2325 833 2364 omniurn
867 2324 1104 2375 cordibuS,
1135 2323 1320 2364 auditae
1349 2332 1456 2365 sunt
1483 2337 1565 2377 per
1592 2328 1813 2378 templum

182 2406 344 2436 voces:
370 2395 619 2446 Volumus,
651 2396 889 2445 volumus3
919 2401 967 2435 tu
993 2395 1133 2435 modo
1167 2395 1291 2435 hunc
1320 2396 1454 2435 nobis
1483 2398 1689 2437 ostende.
1724 2397 1814 2438 Sed

181 2466 508 2506 submissiores
535 2466 622 2506 hae
651 2478 791 2506 voces
828 2472 961 2506 erant
995 2477 1134 2517 quam
1165 2472 1212 2506 ut
1247 2465 1291 2505 id
1320 2467 1488 2507 mereri
1523 2468 1809 2519 viderentur,

181 2537 328 2577 donec
348 2538 422 2577 vir
450 2538 524 2577 ille
552 2537 738 2587 nobilis,
768 2536 897 2589 cujus
927 2538 1080 2587 gratia
1109 2537 1225 2577 haec
1255 2538 1409 2577 omnia
1439 2539 1702 2590 retulimus,
1736 2541 1813 2591 qui

179 2607 453 2659 jamdudum
480 2608 635 2648 animo
664 2608 987 2659 responderat,
1017 2608 1098 2648 sed
1123 2608 1303 2659 lingua,
1334 2620 1446 2659 prae
1477 2609 1638 2649 dolore
1668 2622 1723 2650 ac
1751 2612 1813 2650 la-

182 2690 453 2730 crymarum
490 2679 721 2729 ubertate,
758 2678 965 2730 proferre
998 2690 1091 2718 non
1120 2685 1324 2729 poterat,
1360 2679 1502 2719 misso
1532 2680 1661 2731 prius
1692 2682 1813 2721 clam

183 2761 344 2800 servo,
375 2749 451 2801 qui
485 2750 788 2790 ecclesiastae
816 2749 951 2789 fidem
980 2749 1111 2789 daret
1141 2749 1295 2789 omnia
1324 2760 1372 2789 se
1400 2748 1652 2801 facturum,
1689 2759 1813 2792 ante-

183 2832 323 2872 quam
344 2821 402 2860 ad
424 2827 697 2871 suggestum
719 2832 885 2861 servus
906 2820 1202 2870 accessisset,
1233 2831 1325 2859 non
1350 2819 1504 2860 ferens
1531 2821 1740 2863 dolorem
1771 2831 1813 2864 et

184 2893 450 2943 angustiam
471 2892 613 2932 animi
634 2904 725 2943 qua
746 2893 1057 2944 premebatur,
1087 2903 1203 2931 voce
1234 2898 1408 2940 quanta
1435 2893 1582 2943 potuit
1609 2895 1814 2936 maxima

184 2963 356 3013 (coegit
379 2963 501 3003 enim
533 2974 654 3013 sese,
685 2962 806 3014 quod
836 2962 1132 3002 audientibus
1162 2961 1297 3001 facile
1327 2963 1606 3014 apparebat,
1636 2971 1684 3005 ut
1713 2977 1814 3017 pro-
