2074 3179
916 161 999 198 AN.
1032 161 1118 198 1551
1762 159 1829 195 3‘41

201 271 303 300 mur
325 259 555 299 interdum
577 258 635 298 ad
657 264 958 308 aegrotorum
986 257 1302 297 confessiones
1333 255 1604 296 audiendas.
1637 255 1826 295 Concio-

201 342 309 370 num
332 330 614 370 auditorium
636 329 681 368 in
703 329 800 368 dies
821 329 973 379 magis
994 328 1235 379 magisque
1262 327 1454 377 crescit,
1481 338 1586 366 cum
1615 338 1708 366 non
1738 338 1824 365 me-

200 401 346 441 diocri
385 400 667 440 auditorium
705 399 878 449 studio,
921 398 1243 439 aedificatione
1283 403 1327 438 et
1361 397 1530 437 fructu.
1578 397 1652 437 Ad
1694 397 1824 443 haec,

200 472 371 512 adeunt
391 483 476 511 nos
498 471 690 510 subinde
712 471 856 520 multi,
883 471 961 510 alii
982 470 1226 509 consilium
1247 480 1552 519 normamque
1574 479 1629 507 ac
1651 468 1822 507 metho-

199 544 307 582 dum
335 549 460 582 certe
489 542 699 592 vivendi,
738 542 815 581 alii
850 541 1071 581 lectiones
1107 541 1318 592 privatas
1349 545 1393 579 et
1424 538 1731 590 particulares
1766 539 1823 578 ad

199 614 459 653 animarum
494 624 685 653 suarum
720 613 966 652 utilitatem
1000 617 1292 663 expetentes;
1329 610 1564 660 omnibUS‚
1601 616 1824 661 quantum

198 685 427 724 Dominus
449 685 547 734 dat,
572 684 843 724 satisfacere
861 695 1100 724 conamur.

277 756 555 795 Haereticus
590 755 684 805 ille,
715 754 770 795 de
797 766 890 806 quo
918 755 1034 794 alias
1062 755 1353 806 scripsimus,
1389 753 1466 804 qui
1501 753 1557 793 ob
1592 752 1824 792 haeresim

197 827 394 877 amplius
415 839 584 867 novem
606 827 740 866 annis
762 827 807 866 in
830 837 1021 866 carcere
1050 831 1258 866 retentus
1289 831 1379 875 est,
1413 824 1695 875 resipiscens
1727 829 1823 863 tan-

196 898 300 937 dem
321 903 364 937 et
386 897 445 937 ad
466 897 602 937 fidem
624 897 903 937 catholicam
925 908 1165 946 reversus,
1189 895 1473 948 palinodiam
1491 895 1658 935 cecinit
1681 900 1724 934 et
1745 906 1820 934 no-

192 968 262 1007 bis
282 979 406 1007 nunc
427 979 566 1018 saepe
588 968 836 1008 confitetur
857 973 1051 1019 peccata
1075 979 1182 1018 sua,
1207 967 1367 1006 dolens
1385 977 1518 1006 suam
1535 965 1682 1005 vitam
1698 965 1818 1016 quod

192 1039 370 1078 tamdiu
390 1038 437 1078 in
464 1038 637 1078 erroris
666 1038 869 1078 tenebris
900 1038 1154 1088 delituerit,
1179 1044 1222 1077 et
1251 1037 1352 1077 Deo
1378 1037 1558 1087 gratias
1587 1047 1734 1087 agens
1765 1037 1821 1076 de

191 1115 321 1149 tanto
344 1114 537 1160 accepto
560 1109 798 1149 beneficio.

270 1179 512 1219 Hebraeus
540 1179 753 1231 quidam,
784 1180 1057 1220 adolescens
1089 1191 1319 1219 annorum
1345 1178 1513 1229 viginti
1564 1210 1571 1229 ,
1601 1178 1819 1229 precibus

192 1251 351 1290 fratris
372 1250 615 1290 christiani
636 1263 662 1290 a
683 1250 844 1290 Priore
865 1256 1025 1291 nostro
1052 1250 1295 1290 Trinitatis
1323 1255 1546 1300 exceptus
1576 1255 1665 1298 est,
1695 1249 1817 1300 apud

190 1332 277 1361 nos
299 1321 663 1361 cathecumenus
685 1321 800 1372 egit,
825 1327 868 1361 et
897 1333 924 1361 a
951 1321 1084 1361 nobis
1112 1327 1302 1361 nostrae
1329 1320 1434 1360 fidei
1463 1319 1686 1371 dogmata
1714 1320 1815 1360 edo-

191 1399 312 1443 ctus,
338 1393 410 1432 die
437 1391 597 1433 Sancti
626 1393 851 1432 Matthaei
877 1392 1091 1443 Apostoli
1119 1393 1165 1431 in
1192 1392 1362 1431 celebri
1389 1390 1525 1442 hujus
1552 1391 1679 1431 urbis
1707 1397 1815 1431 tem<

190 1464 264 1514 plo
282 1464 514 1516 baptisma
531 1464 750 1515 suscepit.
770 1464 955 1513 Postea,
976 1469 1244 1503 nostrorum
1265 1463 1463 1502 fratrum
1481 1462 1816 1502 consuetudine

190 1540 354 1586 captus
375 1541 418 1575 et
439 1540 626 1575 nostrae
646 1534 892 1575 Societatis
913 1534 1125 1574 instituto
1154 1534 1336 1583 ductus,
1366 1533 1528 1573 statuit
1549 1533 1650 1573 Deo
1672 1534 1717 1573 in
1739 1546 1815 1573 no-

190 1612 289 1645 stra
309 1606 534 1657 religione
554 1606 747 1646 servire.
770 1606 927 1646 Fratri
947 1617 1086 1657 porro
1108 1605 1295 1656 roganti
1316 1611 1360 1644 et
1378 1604 1652 1655 efflagitanti
1668 1610 1717 1644 ut
1739 1605 1814 1644 ali-

190 1688 331 1727 quam
352 1683 500 1717 artem
521 1677 580 1717 ad
600 1677 747 1716 vitam
767 1675 1058 1716 tolerandam
1079 1681 1373 1727 capesceret,
1402 1676 1544 1715 libere
1577 1676 1816 1727 respondit

189 1753 354 1798 putare
376 1759 424 1787 se
450 1747 625 1787 frustra
651 1747 961 1799 baptizatum,
992 1747 1031 1787 si
1059 1747 1146 1787 sibi
1175 1746 1388 1797 degenda
1415 1747 1514 1787 vita
1540 1747 1587 1786 in
1614 1747 1814 1787 multitu-

188 1818 293 1858 dine
319 1824 363 1858 et
389 1819 575 1858 saeculo
609 1818 750 1868 foret,
781 1818 871 1858 hoc
899 1819 1177 1870 praesertim
1213 1830 1331 1858 aevo
1364 1818 1481 1858 adeo
1513 1824 1736 1869 corrupto
1773 1825 1815 1858 et

186 1889 392 1929 omnium
412 1890 633 1930 vitiorum
663 1901 718 1929 ac
752 1890 981 1930 scelerum
1015 1900 1187 1940 genere
1222 1889 1487 1940 inquinato;
1519 1889 1734 1940 proinde,
1768 1896 1816 1929 ut

187 1972 299 2000 suae
320 1960 458 2000 saluti
479 1962 742 2000 consultum
762 1961 926 2000 melius
948 1960 1021 2010 sit,
1046 1960 1314 2000 decrevisse
1335 1972 1384 1999 se
1406 1960 1453 1999 in
1474 1960 1563 2000 hac
1580 1959 1815 2000 Societate

187 2037 411 2082 perpetuo
446 2031 607 2071 vivere
642 2036 686 2071 et
720 2031 859 2082 mori,
898 2031 936 2071 si
964 2031 1004 2071 ei
1040 2030 1346 2081 concedatur;
1376 2036 1421 2070 et
1448 2037 1497 2070 ut
1525 2031 1813 2082 admittatur,

189 2102 392 2154 quotidie
420 2102 612 2142 summis
639 2103 855 2153 precibus
882 2102 1164 2142 contendere
1194 2113 1287 2141 non
1317 2101 1504 2152 desinit,
1534 2101 1732 2142 offerens
1766 2115 1815 2142 se

187 2179 403 2224 paratum
438 2179 481 2213 et
509 2173 776 2224 expeditum
803 2173 863 2213 ad
890 2174 1068 2224 omnia,
1102 2184 1220 2224 quae
1254 2173 1551 2224 imponantur
1585 2173 1811 2222 obeunda,

189 2244 330 2283 etiam
368 2244 672 2294 gravissima,
714 2256 798 2284 nec
838 2255 1004 2284 curare
1042 2257 1091 2284 se
1131 2255 1248 2295 quae
1297 2244 1554 2284 ministeria
1594 2256 1814 2285 exercerc

184 2314 416 2366 jubeatur,
441 2316 578 2356 modo
599 2317 645 2356 in
668 2316 824 2367 aliqua
844 2322 978 2367 parte
999 2316 1155 2356 locum
1181 2315 1350 2355 habeat
1377 2315 1424 2355 in
1450 2314 1697 2356 Societate.
1724 2316 1813 2356 No-

187 2386 256 2425 bis
279 2392 404 2426 certe
428 2387 474 2427 in
496 2386 596 2427 dies
618 2386 840 2438 majorem
863 2386 1254 2438 significationem
1275 2386 1467 2438 praebet
1492 2386 1637 2427 futuri
1666 2387 1812 2438 profe-

188 2464 310 2507 ctus;
334 2463 378 2497 et
399 2469 511 2497 sane
535 2458 573 2497 is
595 2458 801 2508 videtur,
824 2464 895 2509 ut,
920 2457 1020 2497 Deo
1045 2457 1254 2508 favente,
1279 2468 1452 2508 magna
1474 2457 1529 2498 de
1551 2469 1606 2498 eo
1633 2459 1810 2510 sperari

184 2528 378 2578 possint.
421 2529 675 2568 Plurimum
712 2529 920 2580 ingenio,
957 2527 1133 2580 judicio
1174 2535 1217 2569 et
1258 2529 1503 2578 memoria,
1546 2529 1807 2569 firmissima

185 2599 325 2639 ctiam
348 2599 614 2640 valetudine
634 2601 794 2651 pollet;
818 2606 1035 2640 versatus
1055 2606 1125 2640 est
1146 2600 1223 2640 diu
1244 2600 1290 2640 in
1311 2601 1460 2640 veteri
1481 2600 1700 2641 hebraico
1728 2601 1810 2641 Te-

186 2676 416 2710 stamento
440 2672 503 2710 ita
524 2677 574 2711 ut
596 2672 807 2722 quemvis
829 2672 983 2711 locum
1011 2671 1057 2711 in
1077 2678 1297 2722 promptu
1318 2671 1508 2722 habeat,
1533 2677 1577 2711 et
1596 2673 1807 2712 memori-

185 2747 268 2791 ter,
298 2753 403 2781 cum
430 2753 542 2781 usus
563 2743 787 2793 postulat,
817 2742 997 2783 recitet.
1021 2742 1301 2793 Peragravit
1328 2748 1474 2782 totam
1494 2742 1806 2783 Palaestinam

1546 1177 1554 1196 i

238 2875 245 2894 ¹
286 2875 328 2909 Is,
345 2880 523 2910 postquam
546 2876 752 2904 Societatem
777 2878 948 2911 ingressus
969 2883 1020 2906 est
1045 2883 1077 2905 et
1101 2879 1208 2905 sacris
1229 2879 1401 2906 ordinibus
1423 2879 1593 2913 initiatus,
1610 2880 1644 2907 P.
1662 2880 1808 2913 Joanncs

183 2922 341 2956 Baptista
356 2922 496 2950 Elianus
511 2923 697 2951 dicebatur.
711 2923 792 2958 Ejus
804 2931 901 2959 gesta
913 2926 1066 2953 breviter
1078 2930 1217 2953 enarrat
1231 2927 1430 2959 ALEGAMBE,
1444 2926 1662 2955 Bibliotheca
1676 2929 1805 2962 Sct‘ipt.

184 2969 256 2995 Soc.
271 2969 371 3004 Jesu,
387 2974 419 2997 et
434 2975 510 3004 post
526 2979 601 2998 eum
617 2971 840 3006 PATRmNANr,
858 2973 1050 3007 Menologz'o
1066 2974 1104 3000 ds
1115 2976 1175 3008 pie
1192 2974 1371 3004 memorie,
1385 2981 1498 3002 mense
1510 2975 1643 3011 Martio,
1661 2977 1712 3004 die
1727 2977 1753 3003 3.
