2074 3179
913 187 994 224 AN.
1027 187 1112 222 1551
1761 182 1832 220 313

871 638 1174 691 LXXXVI

282 870 326 905 P.
353 869 516 906 Paulus
535 867 572 904 d'
591 867 776 904 Achillis

328 933 447 970 Patri
466 932 634 980 Ignatio
653 932 707 969 de
726 931 909 978 Loyola.

376 998 606 1044 Panormo,
631 997 674 1034 18
691 996 794 1043 Maji
815 996 901 1033 1551
924 997 947 1030 ¹.

984 1170 1080 1245 Iffis

299 1350 463 1391 Gratia
478 1349 667 1389 Domini
687 1348 845 1389 Nostri
860 1348 951 1401 Jes.
977 1347 1083 1399 Xpi.
1108 1347 1166 1386 sit
1187 1357 1371 1397 semper
1392 1344 1646 1385 nobiscum.
1678 1342 1845 1382 Amen.

300 1421 430 1472 Quae
451 1433 510 1461 ex
532 1420 608 1460 ino
629 1427 838 1471 tempore
859 1430 949 1470 quo
970 1418 984 1436 ”²
1006 1417 1064 1458 ad
1084 1424 1149 1467 te,
1175 1416 1499 1457 colendissime
1520 1415 1673 1464 Pater,
1704 1413 1760 1453 de
1781 1424 1850 1452 re-

220 1503 329 1532 rum
349 1497 618 1532 nostrarum
638 1501 858 1530 successu
880 1489 1166 1540 scripsimus,
1190 1487 1318 1527 Deus
1339 1486 1444 1538 Opt.
1467 1486 1591 1526 Max.
1617 1496 1700 1536 per
1730 1495 1816 1524 nos
1836 1481 1850 1502 ³

225 1563 452 1603 hactenus
473 1562 660 1613 operari
691 1561 910 1611 dignatus
939 1566 1029 1611 est,
1058 1564 1109 1599 ut
1136 1563 1493 1599 sacrosanctum
1519 1555 1534 1575 ⁴
1561 1555 1852 1597 obedientiae

226 1634 466 1674 decretum
505 1634 783 1674 observetur
817 1630 845 1683 ⁵,
883 1631 1035 1683 quoad
1073 1629 1173 1681 ejus
1210 1630 1310 1670 fieri
1349 1629 1538 1680 poterit,
1575 1627 1738 1680 paucis
1779 1626 1853 1665 ab·

225 1705 420 1746 solvam.

306 1776 461 1828 Atque
481 1781 530 1815 ut
551 1775 657 1815 inde
677 1774 956 1826 principium
975 1772 1201 1813 narrandi
1220 1782 1417 1822 sumam,
1436 1769 1651 1821 discipuli
1672 1779 1848 1818 omnes,

226 1848 304 1899 qui
324 1847 509 1887 scholas
530 1851 716 1886 nostras
737 1845 952 1885 certatim
971 1844 1283 1896 frequentant,
1306 1842 1353 1882 in
1373 1854 1457 1882 sex
1473 1840 1661 1881 ordines
1682 1851 1738 1879 ac
1758 1839 1850 1878 Vel·

227 1919 293 1959 uti
315 1919 492 1958 classes
513 1918 740 1969 quasdam
761 1921 867 1956 sunt
894 1915 1140 1955 distributi.
1165 1914 1225 1954 Hi
1246 1924 1407 1953 omnes
1433 1918 1478 1952 et
1503 1912 1551 1952 in
1576 1910 1782 1951 moribus
1809 1914 1854 1949 et

230 1989 489 2030 eruditione
511 2001 538 2028 a
559 1988 732 2028 nostris
753 1987 1071 2035 instituuntur,
1095 1985 1175 2037 qui
1195 1995 1376 2024 summa
1403 1994 1511 2023 cum
1535 1981 1781 2033 vigilantia
1812 1985 1856 2020 et

230 2060 385 2101 studio
405 2059 724 2111 unusquisque
745 2059 791 2098 in
813 2069 895 2097 sua
926 2057 1148 2097 facultate
1178 2055 1401 2095 lectiones
1432 2053 1491 2094 ad
1520 2053 1857 2104 discipulorum

232 2137 420 2182 captum
458 2129 788 2170 accommodas
826 2127 840 2146 ⁶
879 2128 1267 2179 interpretantur,
1309 2131 1590 2176 caeteraque
1638 2122 1860 2163 adhibent

232 2203 618 2251 exercitamenta,
653 2212 772 2251 quae
803 2210 884 2239 eos
918 2205 962 2239 et
993 2198 1202 2238 excitare
1232 2196 1516 2237 dormientes
1545 2200 1589 2235 et
1618 2198 1862 2234 currentes

233 2274 428 2313 incitare
461 2278 671 2324 possunt.
707 2272 868 2322 Itaque
903 2275 1085 2310 tantum
1116 2268 1213 2320 jam
1238 2268 1402 2319 paucis
1428 2266 1664 2307 mensibus
1700 2265 1746 2304 in
1775 2263 1864 2304 hoc

289 2434 297 2454 ¹
338 2433 389 2460 Ex
415 2432 612 2467 apographo
637 2439 657 2459 a
680 2431 716 2459 P.
739 2430 913 2458 Bernardo
937 2428 1087 2457 Oliverio
1108 2429 1262 2456 confecto
1284 2428 1316 2455 in
1338 2426 1474 2454 foliis36
1495 2429 1529 2454 et
1548 2426 1583 2453 37
1603 2425 1735 2453 Codicis
1752 2425 1868 2452 1551.-

239 2480 489 2515 Autographae
504 2479 601 2507 Pauli
616 2479 794 2506 d'Achillis
806 2479 942 2506 litterae
957 2481 1034 2505 sunt
1050 2477 1082 2504 in
1098 2477 1177 2504 folio
1193 2476 1330 2510 duplici,
1347 2475 1399 2502 cui
1412 2475 1492 2502 olim
1506 2477 1605 2502 erant
1620 2481 1674 2501 nn.
1689 2473 1742 2500 367
1756 2477 1789 2500 et
1803 2472 1867 2506 368,

234 2535 322 2556 nunc
347 2528 381 2555 28
401 2531 434 2554 et
457 2527 501 2554 29.
518 2526 730 2554 Emendatae
746 2528 822 2553 sunt
843 2525 878 2552 in
892 2525 1045 2559 pluribus
1059 2531 1160 2551 manu
1174 2523 1288 2551 Patris
1310 2522 1467 2556 Polanco;
1489 2525 1522 2549 et
1546 2521 1624 2556 quia
1639 2520 1790 2548 utilitate
1805 2527 1868 2546 sua

235 2583 301 2604 non
316 2579 412 2602 earet
426 2574 505 2609 quid
520 2573 646 2609 Ignatii
660 2573 874 2600 Secretarius
894 2571 1083 2599 emendarit
1097 2571 1196 2605 scire,
1212 2574 1246 2598 et
1269 2574 1304 2597 ut
1320 2570 1420 2597 facile
1435 2570 1509 2604 quis
1523 2569 1640 2596 valeat
1656 2567 1802 2595 Achillis
1816 2566 1870 2594 lit-

238 2627 343 2656 teras,
359 2627 461 2657 prout
475 2621 547 2656 ipse
560 2628 619 2648 eas
634 2619 783 2655 scripsit,
799 2623 919 2647 exacte
939 2619 1090 2652 reficere,
1114 2618 1365 2646 emendationes
1385 2624 1499 2644 omnes
1514 2616 1557 2644 ad
1577 2616 1724 2650 paginae
1740 2615 1870 2642 calcem

238 2670 466 2705 subjiciemus.

291 2720 305 2738 ⁹2
342 2717 496 2746 Verbum
509 2719 678 2752 tempore,
694 2717 736 2743 ab
751 2715 897 2743 Achillis
911 2714 1203 2749 praetermissum,
1219 2712 1348 2740 addidit
1365 2712 1541 2739 Polancus.

293 2767 306 2784 5
343 2774 403 2800 per
419 2773 487 2797 ρος,
501 2765 561 2799 qui
578 2765 614 2791 in
629 2764 694 2791 hac
713 2763 798 2790 urbe
812 2763 1064 2789 sanctissimae
1078 2762 1165 2796 Jesu
1185 2760 1372 2788 societatis
1394 2760 1670 2786 commorantur.
1686 2758 1872 2790 Aca—per

241 2821 314 2840 nos.
334 2813 411 2840 Por.

296 2862 310 2882 ‘⁴
347 2865 382 2888 ut
398 2863 479 2887 tuae
495 2860 673 2887 voluntati
688 2866 820 2886 morem
832 2865 1000 2892 geramus
1011 2859 1044 2884 et
1056 2859 1325 2884 sacrosanctum.
1336 2855 1499 2882 Acria-ut
1510 2855 1779 2881 sacrosanctum.
1792 2851 1870 2878 PoL.

296 2909 310 2929 5
349 2909 524 2936 decretum
539 2908 744 2936 inviolabile
763 2908 867 2940 atque
891 2907 976 2933 adeo
997 2906 1136 2932 sartum
1159 2905 1289 2930 tectum
1312 2903 1550 2930 observemus.
1567 2900 1874 2928 Aca-decretum

245 2959 463 2985 observetur.
484 2957 561 2983 Por.

298 3004 313 3024 6
351 3005 498 3032 idoneas
513 3006 617 3038 atque
630 3003 917 3031 accommodatas.
936 3000 1308 3028 Acin—accommodas.
1325 2998 1402 3025 Pon.
