2074 3179
862 184 944 223 ΑΝ.
976 184 1066 221 1552
1096 212 1099 215 -
1706 183 1777 221 709

232 283 436 337 Joannes
457 283 752 333 Franciscus‚
776 283 813 322 is
831 283 886 323 de
902 295 991 334 quo
1008 293 1150 334 supra
1169 280 1482 331 meminimus,
1507 293 1565 320 ex
1581 292 1670 331 quo
1687 281 1778 320 huc

149 355 349 406 appulit,
374 355 489 394 mire
511 354 811 394 confirmatus
832 360 900 394 est
922 354 968 393 in
989 366 1058 404 ea,
1082 365 1221 404 quam
1242 353 1371 404 prius
1391 353 1505 392 satis
1522 363 1615 391 non
1632 362 1775 402 agno-

154 432 302 475 verat,
328 425 501 466 Christi
521 426 787 472 vocatione,
811 425 884 465 cui
906 431 949 465 et
971 437 1054 464 sua
1075 431 1187 464 vota
1209 423 1514 474 nuncupavit.

231 496 306 536 Ad
323 497 635 536 sacerdotium
651 504 840 536 evectus
856 503 924 536 est
945 496 1216 536 Desiderius
1237 501 1417 544 noster,
1437 493 1588 543 brevi,
1609 498 1658 533 ut
1675 504 1777 544 spe-

152 578 329 617 ramus,
353 567 551 618 primam
572 567 763 607 Missam
784 567 1115 607 celebraturus

230 638 570 689 Exspectamus
591 638 664 678 hic
686 639 732 678 in
753 638 850 678 dies
870 637 923 678 R.
950 637 995 677 P.
1022 637 1078 677 D.
1103 636 1316 688 LayneZ,
1346 636 1507 676 Italiae
1535 634 1777 685 Praeposi-

152 716 268 759 tum,
293 721 398 749 cum
426 709 602 761 ingenti
629 708 858 749 desiderio
887 722 941 748 ac
969 715 1096 748 certa
1127 720 1206 758 spe
1245 707 1390 759 quod,
1425 705 1646 757 inspectis
1672 716 1776 756 par-

150 781 378 820 ticulatim
399 781 536 820 rebus
556 781 747 831 nostris,
772 781 819 820 in
840 779 1141 819 emendandis
1162 778 1317 819 multis
1340 790 1395 817 ac
1416 776 1689 828 prudentius
1707 787 1777 815 or-

150 851 379 901 dinandis,
404 852 598 892 multum
618 852 724 891 huic
746 852 848 891 loco
871 857 913 890 et
935 851 1069 890 nobis
1089 850 1360 901 profuturus
1381 849 1454 888 sit.

230 921 363 972 Quod
384 928 616 973 superest,
640 922 870 962 humiliter
898 921 1204 972 deprecamur
1232 920 1290 959 R.
1316 920 1365 959 Ρ.
1398 919 1449 959 Τ.
1485 924 1532 958 ut
1558 929 1640 969 per
1668 918 1776 957 dile—

148 993 349 1032 ctionem
377 992 565 1033 Domini
592 993 740 1033 nostri
768 993 879 1046 Jesu
911 992 1082 1032 Christi
1113 999 1156 1031 et
1189 992 1474 1042 singularem
1502 989 1628 1029 illam
1661 999 1776 1039 erga

148 1063 263 1103 filios
285 1075 394 1103 suos
412 1075 572 1104 omnes
592 1064 967 1104 benevolentiam
987 1069 1029 1102 et
1052 1064 1272 1114 pietatem
1293 1073 1439 1111 suam,
1464 1061 1681 1112 dignetur
1700 1071 1776 1100 ve—

146 1134 274 1174 niam
307 1134 440 1174 nobis
476 1135 587 1174 dare
614 1134 670 1174 de
697 1134 983 1185 negligentia
1010 1140 1054 1173 et
1089 1134 1190 1173 aliis
1219 1132 1418 1183 delictis,
1456 1143 1654 1183 quorum
1687 1141 1776 1181 ego

146 1216 259 1244 sane
281 1205 326 1244 in
346 1205 508 1256 primis
529 1206 641 1245 mihi
663 1205 878 1245 conscius
905 1216 1027 1255 sum,
1059 1205 1188 1256 sique
1215 1205 1382 1244 vellem
1413 1215 1466 1243 ea
1495 1202 1773 1253 exprimere,

147 1276 359 1327 longiore
376 1275 550 1327 pagina
568 1288 684 1327 opus
701 1283 838 1317 esset.
857 1276 991 1316 Nunc
1008 1276 1121 1316 satis
1138 1276 1196 1315 sit
1212 1275 1385 1327 optimo
1402 1273 1501 1314 Ρ.ῒῐὸ
1524 1274 1622 1314 Tae
1642 1285 1768 1313 man-

146 1346 277 1395 dato,
301 1345 618 1386 describendis
640 1346 901 1398 hujusmodi
923 1347 1220 1397 generalibus
1240 1346 1405 1386 litteris
1434 1352 1683 1395 utcumque
1703 1356 1775 1384 sa-

147 1417 388 1457 tisfecisse.
410 1417 573 1458 Finem
596 1418 736 1469 igitur
758 1418 1002 1468 faciemus,
1033 1418 1203 1458 additis
1229 1418 1474 1457 dumtaxat
1505 1415 1774 1456 humillimis

144 1489 292 1528 nostri
309 1489 514 1529 omnium
529 1501 584 1529 ac
597 1490 888 1541 singulorum
905 1488 1386 1529 commendationibus
1401 1493 1464 1538 ut,
1480 1499 1562 1539 per
1581 1497 1774 1527 consue-

145 1566 218 1599 tas
238 1560 382 1611 ipsius
404 1560 501 1600 Pstis
529 1561 633 1601 Vae
646 1572 823 1612 preces,
848 1567 1095 1600 conservet
1115 1571 1201 1599 nos
1221 1559 1450 1610 benignus
1477 1558 1709 1598 Dominus
1725 1564 1770 1598 et

148 1631 279 1670 bonis
314 1632 409 1671 suis
437 1631 692 1682 adaugeat,
721 1643 918 1683 quorum
946 1643 1056 1671 usus
1084 1631 1130 1670 in
1156 1642 1289 1670 suam
1319 1630 1463 1681 ipsius
1493 1630 1694 1680 gloriam
1723 1635 1768 1669 et

140 1703 592 1754 quamplurimorum
611 1704 807 1743 salutem
829 1709 1102 1743 convertere
1124 1702 1356 1752 dignetur.
1378 1701 1543 1741 Amen.

224 1773 455 1824 Venetiis,
478 1780 611 1814 sexto
635 1785 783 1814 nonas
803 1774 951 1827 Julias
976 1774 1090 1813 1552.

224 1842 277 1883 R.
301 1843 348 1883 Ρ.
374 1844 426 1884 Τ.

224 1912 577 1965 Indignissimus
598 1927 763 1956 servus
784 1916 831 1955 in
851 1915 1035 1956 Christo
1056 1916 1166 1968 Jesu
1184 1947 1191 1965 ‚

710 2056 938 2097 ANDREAs
968 2057 1163 2096 FRUsms
1185 2067 1291 2096 cum
1314 2055 1551 2096 fratribus.

223 2268 332 2308 Alia
354 2281 497 2309 mann
518 2269 579 2308 ad
600 2280 733 2308 oram
749 2269 978 2320 paginae:
1004 2269 1116 2308 1552.
1142 2268 1290 2319 Quad.
1316 2268 1483 2309 Venet.
1515 2268 1539 2308 2
1561 2268 1605 2308 di
1626 2267 1763 2321 Julio.
