2074 3179
867 189 951 226 AN.
981 187 1072 225 1552
1717 184 1788 221 749

232 289 333 330 Non
364 296 433 329 est
467 286 858 340 praetereundum
892 284 1014 337 quod
1049 283 1359 335 subsequitur.
1397 282 1513 323 Cum
1550 281 1784 322 dominico

154 359 356 412 quodam
373 360 446 399 die
463 357 855 399 communicasset
871 355 918 395 in
933 355 1161 395 fractione
1178 354 1313 406 panis
1329 359 1453 394 totus
1470 353 1545 392 hic
1569 353 1784 404 populus,

155 430 279 482 apud
311 441 398 470 nos
431 440 545 470 vero
574 427 905 480 quadringenti
938 426 1138 476 incolae,
1176 430 1225 465 ut
1258 435 1420 465 omnes
1445 435 1537 463 uno
1566 423 1639 463 die
1669 421 1785 474 jubi-

158 503 309 541 laeum
328 505 588 550 sumerent,
613 510 750 550 quem
775 498 848 538 his
869 497 1030 537 diebus
1056 495 1273 537 Summus
1300 493 1516 535 Pontifex
1546 504 1786 534 concesse-

157 577 251 623 rat,
288 583 380 623 qua
407 571 550 611 etiam
577 570 632 610 de
659 581 803 610 causa
830 580 912 620 per
939 573 1085 608 totam
1118 566 1415 618 praelapsam
1445 564 1788 606 hebdomadam

158 649 343 683 nostros
378 641 656 682 Sacerdotes
691 641 738 681 in
765 639 1006 681 audiendis
1034 637 1404 678 confessionibus
1434 636 1639 688 impendi
1668 642 1714 676 et
1743 635 1791 675 in

161 715 247 754 line
281 712 602 753 hebdomadae
636 724 720 764 per
754 717 902 752 totam
935 710 1077 750 etiam
1111 714 1299 748 noctem
1332 707 1531 758 vigilare
1568 706 1788 758 oportuit,

160 784 427 835 praevaluit
450 782 739 824 consuetudo
761 781 918 834 populi
939 786 989 821 ut
1016 780 1227 831 sequenti
1248 778 1321 819 die
1343 778 1635 829 agitarentur
1653 777 1790 826 tauri,

160 864 203 896 ct
225 855 426 906 equites,
450 853 754 895 arundinibus
774 853 882 892 hinc
904 851 1009 891 inde
1030 850 1271 902 projectiS‚
1302 849 1611 899 colluderent,
1642 849 1688 888 in
1714 848 1795 888 ho-

161 938 321 967 norem
343 925 504 966 Sancti
523 924 708 978 Jacobi3
733 929 778 963 et
794 923 912 963 haec
929 922 1085 962 omnia
1102 920 1256 972 quoad
1271 920 1440 960 festum
1456 919 1608 959 Divae
1625 919 1793 959 Annae

161 998 388 1038 duratura
407 1011 414 1038 :
439 996 569 1048 cujus
590 996 658 1036 rei
678 995 880 1035 maxime
900 993 1125 1045 poenituit
1145 991 1309 1032 Patres
1330 996 1516 1031 nostros
1533 1003 1589 1031 ac
1604 990 1791 1039 fratreS‚

161 1080 214 1109 eo
239 1069 491 1120 praecipue
512 1066 635 1118 quod
657 1064 966 1118 praecedente
988 1064 1060 1103 die
1077 1062 1279 1114 jubilaeo
1300 1062 1486 1102 fuerunt
1506 1061 1604 1102 fere
1633 1072 1797 1101 omnes

162 1154 187 1179 a
209 1139 416 1191 peccatis
436 1138 598 1189 erepti.
622 1137 954 1178 Convenerunt
981 1134 1165 1174 demum
1194 1139 1392 1185 quatuor
1420 1133 1585 1173 Patres
1606 1138 1656 1172 ut
1685 1131 1796 1172 totis

162 1211 338 1250 viribus
360 1214 643 1249 conarentur
664 1207 939 1248 exercitium
959 1205 1070 1245 illud
1090 1204 1329 1256 impedire,
1354 1210 1640 1255 acceptaque
1664 1215 1690 1243 a
1714 1203 1793 1243 rni-

161 1282 307 1322 nistro
328 1281 494 1321 domus
515 1279 800 1328 obedientia,
825 1283 1025 1329 quatuor
1054 1288 1113 1316 ex
1134 1276 1222 1315 illis
1254 1275 1301 1315 in
1326 1276 1530 1327 plateam
1560 1287 1609 1314 se
1638 1274 1794 1314 confe-

163 1359 293 1403 runt,
331 1363 528 1404 quorum
562 1351 740 1402 primus
770 1354 814 1389 et
841 1348 1052 1397 ultimus,
1084 1347 1221 1387 nudis
1252 1346 1483 1398 capitibus
1512 1352 1556 1386 et
1586 1345 1796 1396 pedibus,

163 1429 353 1474 guttura
374 1422 561 1462 funibus
579 1420 896 1470 circumdant;
919 1425 963 1459 et
985 1418 1163 1470 primus
1184 1417 1438 1468 imaginem
1459 1416 1633 1457 Christi
1650 1416 1797 1456 cruci-

165 1494 244 1534 fixi
277 1494 481 1543 ferebat,
519 1491 856 1544 magnitudinis
890 1501 985 1530 non
1020 1489 1246 1540 exiguae;
1283 1488 1470 1528 ultimus
1505 1499 1619 1527 vero
1656 1493 1799 1538 caput

165 1565 364 1605 hominis
385 1564 579 1615 mortui3
603 1561 866 1603 intermedii
886 1573 1000 1601 vero
1023 1560 1112 1600 duo
1133 1559 1258 1600 nuda
1280 1564 1415 1610 terga
1436 1558 1571 1598 nudis
1591 1558 1799 1598 brachiis

166 1636 491 1676 verberabant.
515 1634 839 1675 Pervenerunt
867 1632 1023 1683 itaque
1053 1631 1099 1671 in
1130 1631 1333 1682 plateam
1365 1641 1470 1669 cum
1499 1629 1676 1680 primus
1703 1635 1798 1668 tau-

167 1720 246 1748 rus
273 1707 478 1758 agitatus
499 1706 651 1746 fuerat
677 1711 721 1745 et
743 1705 974 1753 inclusus,
1009 1709 1053 1742 et
1080 1714 1133 1741 ea
1157 1700 1212 1741 de
1235 1712 1377 1741 causa
1396 1699 1492 1751 jam
1514 1712 1674 1740 omnes
1696 1712 1800 1740 con-

167 1784 395 1819 venerant
421 1784 517 1818 tam
550 1777 732 1817 incolae
767 1786 908 1827 quarn
941 1773 1173 1823 extranei3
1210 1772 1302 1824 qui,
1327 1783 1431 1812 cum
1461 1777 1649 1811 nostros
1677 1771 1801 1811 vide-

168 1856 270 1890 rent
291 1850 487 1897 intrare,
511 1848 733 1888 commoti
753 1858 914 1887 omnes
936 1849 1192 1896 coeperunt
1221 1842 1406 1894 magnis
1434 1842 1630 1882 vocibus
1655 1848 1701 1882 et
1725 1852 1804 1891 ge—

169 1921 355 1961 mitibus
394 1919 764 1960 misericordiam
803 1918 1125 1965 conclamare;
1166 1921 1210 1955 et
1248 1925 1368 1954 unus
1407 1925 1467 1953 ex
1505 1920 1706 1965 quatuor
1743 1912 1804 1952 ibi

171 1992 324 2043 coepit
352 1990 647 2039 concionari,
680 1988 1054 2038 intrantibusque
1088 1985 1280 2036 reliquis
1309 1985 1509 2036 primum
1544 1984 1722 2033 vicum,
1760 1989 1805 2024 et

170 2062 355 2113 magnis
376 2061 570 2101 vocibus
591 2057 966 2100 misericordiam
988 2055 1378 2105 acclamantibus,
1409 2054 1682 2106 compunxit
1712 2054 1804 2094 Do-

171 2134 323 2173 minus
359 2144 439 2172 cor
467 2130 709 2181 cujusdam
740 2128 992 2179 aethiopis,
1024 2133 1069 2167 et
1095 2126 1253 2166 statim
1280 2126 1375 2175 ille,
1409 2125 1574 2165 iisdem
1608 2125 1806 2165 vocibus

172 2205 426 2256 implorans
448 2202 723 2251 Dominum,
747 2213 772 2240 a
794 2199 932 2239 Patre
953 2198 1139 2250 petebat
1171 2197 1245 2237 cui
1276 2196 1590 2246 confiteretur,
1625 2196 1806 2236 eodem-

173 2288 260 2327 que
281 2276 388 2326 igne
410 2273 634 2322 concitus,
659 2278 730 2312 ter
753 2277 977 2323 quaterve
999 2268 1259 2319 Collegium
1278 2274 1490 2308 nostrum
1518 2267 1631 2307 adiit
1658 2267 1807 2308 donec

175 2346 487 2387 confiteretur.
512 2343 628 2384 Cum
659 2342 823 2394 reliqui
850 2341 990 2381 etiam
1011 2341 1216 2391 plateam
1242 2339 1518 2389 intrassent,
1551 2338 1807 2378 innovatae

175 2423 281 2457 sunt
306 2427 448 2456 voces
476 2421 521 2455 et
550 2415 812 2466 lacrymae,
848 2416 1254 2464 perveneruntque
1285 2409 1345 2449 ad
1386 2410 1539 2449 locum
1574 2409 1728 2459 illum,
1761 2409 1808 2449 in

175 2501 264 2540 quo
286 2488 442 2528 Duces
463 2492 611 2536 erant,
635 2490 680 2525 et
703 2483 948 2524 multitudo
970 2481 1189 2533 equitum,
1215 2466 1264 2520 et‘
1278 2481 1490 2520 tabulata
1509 2480 1805 2531 clericorum,

176 2559 328 2611 ibique
359 2558 662 2598 concionatus
694 2561 762 2595 est
790 2555 905 2594 alter
933 2564 992 2593 ex
1018 2552 1240 2592 fratribus
1268 2562 1373 2591 cum
1399 2561 1572 2601 magno
1601 2551 1806 2601 fervore,

176 2629 523 2681 insurgentibus
545 2627 708 2668 crebro
730 2625 872 2666 totius
899 2623 1204 2665 multitudinis
1236 2622 1518 2663 clamoribus
1545 2622 1805 2662 misericor-

177 2702 302 2741 diam
336 2698 641 2751 implorantis.
673 2696 1046 2748 Lacrymabatur
1074 2694 1214 2734 etiam
1239 2693 1387 2734 Ducis
1415 2704 1535 2733 uxor
1570 2704 1676 2733 cum
1706 2694 1809 2734 reli-

177 2773 295 2823 quis,
321 2782 439 2822 quae
462 2770 672 2819 aderant,
698 2767 912 2807 dominis.
936 2765 1063 2806 Gens
1091 2764 1301 2815 tandem,
1335 2765 1543 2804 tabulata
1571 2764 1807 2815 deserens,

179 2843 400 2883 comitata
435 2847 502 2880 est
537 2840 639 2880 illos
672 2838 731 2878 ad
759 2849 844 2877 nos
872 2836 1138 2886 redeuntes,
1168 2834 1324 2875 multis
1365 2835 1588 2886 lacrymis
1618 2835 1807 2886 ingemi·

179 2913 392 2964 natisque
427 2911 708 2951 clamoribus
743 2907 1114 2949 misericordiam
1148 2906 1426 2957 efflagitans.
1467 2905 1810 2946 Praecedentes

181 2991 335 3025 autem
370 2981 707 3023 multitudinem
751 2980 842 3020 duo
874 2977 1068 3029 juvenes
1103 2977 1163 3017 ad
1194 2982 1380 3017 nostros
1408 2984 1721 3028 pervenerunt
1762 2985 1811 3018 ut
