2074 3179
228 111 303 153 478
737 117 964 154 LITTERAE
990 127 1347 159 QUADRIMESTRES

230 202 372 264 runt,-
390 213 473 265 qui'
490 214 678 254 omnino
700 220 810 254 tunc
830 214 1086 254 moriturus
1106 214 1360 254 dicebatur.
1391 214 1570 255 Verum
1598 214 1685 255 Dei
1712 215 1867 266 gratia

229 273 361 324 unus
375 284 592 336 istorum,
617 285 903 325 conscientia
925 291 1102 335 tactus,
1126 285 1186 325 ad
1206 296 1292 325 nos
1313 285 1522 337 confugit
1544 287 1742 326 salutem
1771 287 1864 327 ani-

229 344 334 395 mae
360 355 473 395 suae
496 362 541 397 et
567 357 805 396 sociorum
831 367 1061 408 quaerens
1082 362 1127 396 et
1155 351 1254 396 rem
1286 368 1470 397 omnem
1498 357 1631 397 nobis
1658 356 1865 398 declara—

229 426 318 478 vit',
354 426 546 467 tradens
581 428 717 467 simul
744 427 878 467 nobis
905 427 1241 479 chirographa,
1274 425 1392 479 quae
1425 428 1482 467 ab
1513 428 1616 468 aliis
1646 428 1865 479 habebat,

229 502 276 537 et
304 498 514 549 tandem,
546 498 762 550 quamvis
785 498 1044 549 difficulter,
1078 498 1293 539 effectum
1321 506 1389 538 est
1416 506 1465 538 ut
1495 510 1655 539 omnes
1683 506 1861 539 contra-

229 573 334 608 ctus
355 575 400 609 et
425 569 734 620 obligationes
754 569 863 610 hinc
886 570 992 610 inde
1013 569 1163 610 factas
1184 569 1243 609 ad
1264 582 1350 610 nos
1371 569 1712 610 comburendas
1741 571 1864 611 detu-

227 639 382 680 lerint.

307 711 359 751 In
381 712 690 764 eleemosynis
712 713 1060 753 contribuendis
1080 712 1363 764 pauperibus
1386 723 1525 763 quam
1546 711 1689 763 aliqui
1713 724 1865 764 prom-

225 782 292 833 pti
313 782 429 834 sint,
444 774 678 834 quomodo
700 784 842 824 etiam
857 783 1006 824 fastus
1028 789 1412 824 ornamentorum
1433 784 1479 823 in
1496 783 1767 823 mulieribus
1788 796 1863 824 au-

224 852 403 894 feratur
424 861 467 894 et
495 855 585 894 alia
608 855 825 907 plurima,
849 856 1044 906 longum
1065 855 1257 895 nimium
1278 862 1401 895 esset
1420 866 1682 894 recensere.
1707 854 1862 906 Virgi-

224 935 308 964 nes
330 924 530 966 devotae
551 925 653 966 Deo
675 926 877 976 deditae,
902 938 1020 978 quae
1042 926 1182 966 etiam
1210 932 1374 977 sponte
1404 938 1451 965 se
1478 925 1581 965 Deo
1613 931 1864 977 perpetuae

224 996 460 1037 castitatis
481 1004 593 1037 voto
615 996 986 1048 adstrinxerunt,
1010 998 1239 1049 plurimae
1262 1005 1388 1047 sunt,
1413 1004 1457 1037 et
1487 996 1576 1037 hoc
1605 996 1865 1048 quadrime-

223 1067 309 1107 stri
331 1067 512 1119 aliquot
534 1067 876 1119 conjunxerunt
893 1080 942 1109 se
963 1068 1067 1120 illis,
1092 1075 1136 1109 et
1156 1069 1313 1120 plures
1335 1080 1383 1108 se
1401 1067 1755 1120 conjungerent,
1775 1068 1864 1108 nisi

216 1133 495 1179 'timeremus
517 1152 635 1191 quae
656 1152 714 1180 ex
736 1140 993 1180 mutatione
1014 1140 1155 1180 animi
1176 1139 1313 1180 facile
1334 1139 1548 1180 accidere
1570 1140 1733 1179 solent.

301 1209 352 1250 In
384 1211 690 1251 concionibus
720 1211 940 1264 frequens
967 1218 1036 1252 est
1057 1223 1316 1251 concursus
1338 1218 1381 1251 et
1412 1211 1477 1261 (ut
1508 1211 1650 1262 vulgo
1679 1209 1863 1259 dicitur)

219 1281 260 1321 si
280 1283 505 1333 templum
527 1283 665 1334 duplo
687 1282 837 1334 majus
858 1289 995 1334 esset,
1014 1295 1108 1323 non
1124 1288 1282 1323 tamen
1303 1294 1382 1322 eos
1399 1288 1588 1334 caperet
1604 1282 1681 1334 qui
1699 1282 1861 1322 audire

220 1353 419 1393 verbum
440 1352 529 1393 Dei
551 1354 831 1395 desiderant.
856 1354 994 1395 Circa
1015 1355 1182 1394 horam
1209 1360 1459 1405 antequam
1489 1353 1548 1394 M.
1579 1353 1860 1394 Benedictus

223 1430 502 1475 suggestum
513 1426 878 1466 concionaturus
890 1425 1190 1477 conscendat,
1206 1425 1394 1465 omnino
1406 1426 1610 1476 repletur
1623 1425 1861 1476 templum,

221 1501 271 1535 ut
291 1508 380 1536 nec
403 1497 601 1547 angulus
623 1497 927 1549 relinquatur,
957 1497 1003 1537 in
1030 1509 1119 1548 quo
1151 1497 1384 1548 possimus
1414 1496 1576 1536 audire
1611 1496 1862 1536 confessio-

223 1578 321 1607 nes.
348 1567 546 1608 Illustris
566 1568 763 1608 Pro-rex
784 1568 1034 1620 aliquando
1056 1568 1116 1608 ad
1136 1574 1346 1608 nostram
1379 1567 1627 1607 ecclesiam
1655 1567 1783 1607 venit
1814 1575 1863 1608 ut

223 1639 503 1680 concionem
539 1640 719 1691 audiat,
758 1640 1009 1692 aliquando
1045 1639 1103 1679 ad
1132 1650 1362 1679 summam
1389 1638 1639 1679 ecclesiam
1666 1638 1740 1678 ubi
1773 1638 1862 1678 hoc

222 1708 468 1761 Adventu,
493 1711 696 1751 instante
717 1711 911 1752 Vicario
932 1711 1143 1762 generali
1163 1717 1207 1750 et
1237 1709 1539 1761 Magistratu,
1572 1709 1694 1749 idem
1720 1709 1861 1749 Bene-

222 1781 375 1821 dictus
398 1782 705 1823 concionatus
727 1787 811 1834 est‚
831 1794 937 1823 cum
957 1793 1130 1834 magna
1153 1781 1478 1822 aedificatione
1499 1787 1543 1821 et
1567 1781 1775 1821 omniurn
1792 1792 1862 1821 sa-

220 1851 501 1894 tisfactione.
521 1853 572 1894 In
593 1853 889 1894 monasteriis
906 1853 1047 1893 etiam
1069 1852 1300 1893 interdum
1322 1865 1348 1892 a
1370 1852 1543 1893 nostris
1560 1852 1757 1892 verbum
1775 1851 1862 1893 Dei

219 1925 501 1976 proponitur
521 1937 614 1965 non
637 1925 735 1965 sine
755 1925 925 1976 fructu,
945 1937 1035 1976 quo
1057 1924 1199 1964 etiam
1219 1924 1339 1973 laici,
1360 1924 1399 1964 si
1420 1924 1607 1975 quando
1625 1923 1862 1975 praescire

219 2002 435 2047 possunt,
461 1996 709 2048 diligenter
730 1997 974 2037 accedunt.

299 2067 351 2107 In
372 2066 446 2107 die
469 2067 761 2119 Epiphaniae
781 2067 986 2118 Domini,
1011 2067 1058 2107 in
1077 2067 1283 2118 gratiam
1298 2066 1391 2106 Rdi
1412 2065 1507 2106 D.s¹i
1528 2065 1724 2119 Joannis
1747 2065 1859 2106 Oso-

224 2138 301 2190 rii,
336 2151 363 2179 a
389 2138 439 2180 P.
472 2139 629 2180 Natali
655 2139 827 2179 missus
854 2145 924 2179 est
959 2139 1018 2179 M.
1057 2137 1263 2191 Joannes
1296 2137 1536 2189 Philippus
1572 2137 1771 2178 Casinus
1802 2137 1860 2178 ad

220 2210 476 2261 quamdam
495 2210 771 2262 Abbatiam,
796 2209 927 2261 cujus
947 2209 1110 2250 Abbas
1130 2215 1199 2249 est
1220 2208 1372 2249 dictus
1401 2208 1458 2248 D.
1490 2207 1706 2259 Osorius,
1741 2220 1860 2260 quae

218 2280 439 2322 Messana
476 2288 676 2333 quatuor
710 2281 853 2322 distat
884 2281 1183 2331 milliaribus,
1219 2286 1268 2320 ut
1304 2279 1366 2319 ibi
1394 2280 1618 2331 populum
1653 2279 1857 2329 doceret,

217 2352 343 2403 quod
363 2364 458 2392 non
480 2352 726 2393 infeliciter
745 2352 916 2393 evenit.
941 2351 1017 2392 Ad
1047 2351 1300 2391 conciones
1330 2349 1429 2401 ejus
1455 2351 1656 2402 populus
1685 2351 1858 2390 multus

217 2435 394 2475 magna
418 2424 643 2464 aviditate
665 2424 903 2464 concurrit
930 2429 974 2463 et
996 2434 1102 2463 cum
1128 2421 1295 2474 majori
1326 2421 1636 2462 admiratione
1658 2427 1701 2461 et
1722 2421 1853 2462 satis-

215 2494 424 2535 factione
456 2495 666 2536 discedit.
696 2494 740 2535 A
767 2494 959 2535 meridie
988 2493 1254 2534 doctrinam
1282 2492 1588 2533 christianam
1616 2493 1682 2533 eis
1716 2493 1857 2544 expli-

216 2571 316 2616 cat,
346 2571 391 2606 et
423 2566 619 2607 sollicite
654 2566 797 2606 instat
831 2571 880 2606 ut
912 2570 1133 2617 parentes
1166 2563 1285 2604 filios
1319 2575 1429 2604 suos
1464 2575 1623 2604 secum
1658 2563 1718 2603 ad
1754 2575 1858 2604 eam

217 2637 504 2678 audiendam·
517 2637 768 2689 adducant;
787 2644 831 2678 et
852 2637 971 2677 haec
987 2636 1202 2677 omnibus
1219 2635 1464 2676 dominicis
1486 2641 1531 2676 et
1549 2635 1680 2675 festis
1697 2635 1858 2676 diebus

216 2709 553 2762 continuat,‹et
573 2715 755 2750 tantum
773 2708 972 2761 profecit
993 2714 1043 2748 ut
1072 2707 1214 2748 etiam
1239 2707 1336 2759 jam
1365 2707 1485 2747 inter
1514 2707 1752 2747 auditores
1779 2707 1857 2747 ali-

216 2787 334 2832 quos
355 2773 551 2833 habeat,
576 2781 656 2833 qui
674 2780 973 2832 frequentare
996 2784 1293 2820 sacramenta
1315 2777 1564 2830 incipiant3
1589 2777 1711 2829 quod
1734 2778 1857 2830 apud

215 2861 298 2891 eos
318 2851 549 2892 hactenus
569 2851 828 2892 inauditum
857 2857 942 2892 est.

228 2926 231 2933 ·’
295 2921 411 2963 Sunt
443 2923 714 2963 sacerdotes
746 2928 791 2963 et
820 2921 1018 2973 juvenes
1047 2921 1253 2973 plurimi,
1285 2921 1364 2973 qui
1391 2921 1561 2961 obnixe
1598 2921 1772 2961 instant
1802 2926 1854 2959 ut
