2074 3179
219 103 291 141 338
733 103 963 140 LITTERAE
990 114 1351 146 QUADRIMESTRES

220 207 268 241 ut
302 201 491 241 tandem
524 200 772 241 discordiis
805 199 971 240 modus
1007 200 1174 251 aliquis
1199 200 1531 252 imponeretur,
1564 201 1777 241 omnibus
1806 201 1854 242 in

219 272 418 312 duorum
446 272 686 312 hominum
714 270 969 323 proborum
996 270 1210 321 arbitrio,
1241 277 1290 311 ut
1317 282 1404 322 ego
1431 271 1714 323 institeram,
1747 284 1852 312 con-

218 344 404 384 stitutiS.

271 498 378 526 Sexta
392 499 482 532 Junii
498 498 616 526 scribit
638 495 741 531 s‘upra
762 500 898 524 centurn
918 498 994 524 loca
1014 496 1179 524 dioecesis
1199 496 1397 524 Mutinensis
1421 497 1650 526 ordinationes
1664 499 1742 526 illas
1756 506 1851 525 acce-

217 548 316 582 pisse,
330 548 369 574 de
385 547 504 582 quibus
517 553 631 580 supra,
643 549 677 573 et
693 545 780 580 quod
796 553 837 572 ex
853 545 1014 573 universa
1030 545 1175 573 dioecesi
1190 548 1288 572 tanto
1307 545 1418 572 studio
1437 548 1470 572 et
1486 545 1620 573 fervore
1639 546 1852 574 concurritur

218 595 260 622 ad
271 594 572 630 praedicationem,
589 597 625 621 ut
641 594 700 621 vix
716 593 907 627 respirandi
924 596 1057 627 tempus
1071 596 1269 628 suppeteret
1286 594 1308 622 ¹.

282 1159 329 1195 P.
351 1159 509 1196 Petrus
528 1158 667 1195 Parra

328 1224 450 1261 Patri
468 1223 638 1271 Ignatio
657 1223 711 1260 de
730 1223 914 1271 Loyola.

376 1288 596 1335 Valentia,
617 1288 640 1325 8
658 1288 776 1335 Junii
797 1288 883 1325 1551
906 1289 932 1325 Ξ.

981 1446 1079 1522 stis

458 1630 512 1657 Ex
534 1630 660 1657 litteris
675 1630 790 1658 Patris
806 1630 937 1658 Parrae
954 1638 995 1657 ex
1012 1629 1155 1665 collegio
1170 1630 1354 1658 valentiae
1368 1630 1386 1657 8
1399 1630 1488 1664 Junii
1507 1631 1586 1658 1551.

287 1767 454 1808 Gratia
476 1774 521 1808 et
540 1780 658 1820 pax,
683 1775 768 1808 etc.

283 1839 369 1879 His
403 1840 570 1879 litteris
605 1851 660 1879 ea
695 1845 877 1880 tantum
914 1840 1049 1894 brevi
1083 1840 1385 1891 complectar,
1423 1851 1542 1892 quae
1571 1840 1660 1880 Dei
1694 1841 1849 1892 gratia

204 1916 399 1962 operata
421 1917 491 1951 est
520 1911 684 1951 ultima
704 1910 816 1963 Maji
836 1910 1152 1962 hebdomada,
1186 1922 1306 1963 quae
1331 1911 1484 1963 prima
1513 1910 1599 1951 fuit
1620 1917 1725 1963 post
1744 1923 1848 1964 pro-

204 1983 465 2033 mulgatum
482 1982 752 2034 jubilaeum.

284 2053 347 2094 At
368 2054 567 2105 primum
592 2053 781 2105 quidem
800 2053 850 2094 P.
876 2053 934 2094 V.
968 2054 1088 2094 sciat
1109 2053 1300 2094 Patrem
1321 2053 1601 2105 Magistrum
1621 2054 1850 2095 Mironem

203 2130 298 2164 tres
319 2137 379 2165 ex
399 2125 573 2165 nostris
595 2125 920 2165 sacerdotibus
948 2125 995 2165 in
1028 2136 1268 2165 carcerem
1297 2124 1639 2166 Gubernatoris
1666 2126 1850 2167 misisse

204 2195 264 2236 ad
289 2196 558 2236 vinetorum
586 2195 906 2236 confessiones
933 2196 1214 2247 audiendas;
1243 2196 1374 2248 prius
1403 2202 1561 2237 tamen
1588 2197 1687 2248 ipse
1717 2209 1771 2237 eo
1800 2209 1849 2237 se

203 2267 468 2307 contulerat
489 2272 533 2307 et
549 2267 686 2307 simul
704 2278 811 2307 cum
829 2266 1156 2308 Gubernatore
1173 2273 1219 2307 et
1234 2267 1492 2308 Assessore
1509 2274 1554 2308 et
1571 2268 1850 2320 quibusdam

203 2337 381 2390 Juratis
398 2344 538 2390 atque
561 2338 653 2378 alia
674 2338 918 2378 hominum
947 2338 1265 2389 multitudine,
1300 2339 1379 2390 qui
1407 2338 1527 2379 forte
1549 2339 1766 2390 aderant,
1790 2338 1849 2379 ad

205 2408 390 2448 vinctos
408 2409 623 2460 (quorum
643 2410 852 2450 maxima
869 2416 970 2450 erat
991 2409 1143 2461 copia)
1160 2410 1403 2461 ingressus
1419 2416 1504 2459 est,
1528 2416 1572 2450 et
1593 2416 1722 2451 tanto
1743 2422 1849 2451 cum

206 2479 393 2520 fervore
415 2480 667 2520 durissima
688 2481 864 2533 alioqui
884 2480 1127 2521 hominum
1149 2481 1294 2522 corda
1313 2481 1361 2521 in
1387 2481 1596 2533 peccatis
1625 2482 1848 2532 gravissi-

204 2551 314 2600 mis,
345 2551 405 2591 ad
434 2552 673 2603 lacrymas
700 2558 743 2592 et
774 2552 1113 2603 poenitentiam
1140 2552 1380 2603 emollivit,
1411 2558 1461 2593 ut
1487 2551 1641 2604 quide
1659 2551 1849 2603 jubilaei

204 2622 361 2672 gratia
382 2633 479 2662 non
506 2622 836 2674 cogitaverant
866 2623 1075 2674 quidem,
1108 2623 1393 2664 unanimiter
1419 2623 1479 2664 ad
1506 2635 1611 2664 eum
1643 2623 1833 2664 obtineri

205 2693 317 2733 dum
346 2694 440 2734 alta
461 2705 579 2734 voce
611 2693 955 2734 confessionem
977 2694 1209 2745 petierint.
1235 2695 1326 2735 Est
1352 2700 1508 2735 autem
1528 2694 1574 2735 id
1606 2694 1832 2736 adverten

263 2828 273 2847 ¹
315 2828 494 2856 Postrema
507 2828 593 2856 haec
607 2830 718 2857 verba
732 2833 810 2856 sunt
825 2829 940 2857 Patris
955 2829 1116 2857 Polanco.

260 2877 273 2894 2’
313 2875 398 2903 Bina
422 2876 545 2903 harum
568 2876 764 2904 litterarum
779 2876 991 2911 exemplaria
1012 2877 1170 2904 vidimus.
1194 2877 1307 2905 Unum
1330 2877 1444 2912 Patris
1458 2877 1624 2906 Bernardi
1641 2878 1793 2916 Oliverii,
1815 2881 1847 2908 in

211 2923 289 2950 solio
305 2924 357 2951 cui
371 2923 451 2951 olim
466 2931 497 2950 n.
513 2924 576 2959 412,
593 2931 679 2952 nunc
694 2924 738 2957 70;
756 2925 904 2952 alterum
919 2924 1057 2959 ignotae
1073 2932 1192 2953 manus
1205 2924 1238 2952 in
1252 2925 1333 2952 folio
1347 2924 1382 2952 88
1397 2924 1531 2953 Codicis
1546 2926 1624 2955 1551.
