2074 3179
868 148 950 184 AN.
984 147 1074 185 1552
1702 150 1789 206 >043

238 244 404 285 Mulier
426 244 670 296 quaedam,
695 256 813 296 quae
836 251 882 284 ut
909 244 1149 284 minimum
1181 250 1286 283 octo
1310 245 1443 284 annis
1467 247 1618 286 usuris
1653 259 1785 292 vaca-

162 322 307 365 verat,
330 315 457 355 facta
478 315 552 354 hic
573 315 783 365 generali
805 314 1117 364 confessione,
1141 320 1186 354 et
1206 323 1452 366 peccatum
1481 316 1720 357 dimissum
1734 324 1787 362 ¹et

159 386 384 438 peccandi
407 386 703 425 occasionem
724 385 906 436 penitus
928 384 1109 435 abjecit.
1134 385 1191 425 Et
1221 386 1439 436 quoniam
1468 386 1513 426 in
1543 387 1788 427 mulierum

158 457 437 496 mentionem
473 455 741 506 incidimus,
779 455 1074 496 commodum
1100 455 1239 495 fuerit
1266 457 1512 496 nonnullas
1542 469 1787 498 recensere

157 539 300 578 quae,
324 539 382 567 ex
403 539 548 567 coeno
570 527 781 566 luxuriae
804 534 941 577 atque
963 526 1151 566 illicitae
1172 526 1373 566 libidinis
1401 535 1603 579 ereptae,
1628 529 1687 568 ad
1707 541 1785 579 pu-

158 598 328 638 riorem
361 598 580 638 reductae
610 604 716 638 sunt
751 597 941 637 vivendi
968 609 1203 647 normam,
1234 598 1357 649 quod
1385 610 1491 638 cum
1520 599 1619 648 fiet,
1651 600 1784 639 simul

156 680 339 720 quoque
378 668 433 708 de
472 669 612 719 viris,
654 669 818 719 quibus
853 669 940 708 hoc
979 668 1101 707 idem
1140 669 1356 719 contigit,
1399 669 1648 710 dicendum
1682 671 1784 713 erit.

157 739 311 780 Prima
332 740 473 790 igitur
495 740 571 779 hic
589 750 690 778 sese
707 738 839 779 offert
855 739 1078 778 meretrix
1095 739 1340 789 quaedam,
1361 751 1479 791 quae
1497 752 1602 780 cum
1625 742 1787 781 decem

156 811 290 850 annis
312 810 461 850 cuivis
483 810 732 861 prostituta
754 816 798 849 et
826 810 904 860 iis,
934 810 1126 860 misera,
1163 810 1377 850 sordibus
1407 811 1617 851 involuta
1647 812 1786 851 vixis-

156 888 244 931 set,
283 881 575 921 confessione
610 887 823 932 peracta,
857 881 914 920 ab
943 880 1031 920 hoc
1069 887 1192 920 statu
1221 881 1402 932 penitus
1439 882 1678 922 discedere
1713 883 1785 922 de-

157 953 319 992 crevit.

233 1022 341 1062 Alia
363 1023 591 1073 quaedam
619 1028 723 1063 octo
745 1023 879 1062 annis
910 1022 1047 1062 modo
1068 1022 1175 1062 huic
1202 1022 1340 1062 modo
1368 1023 1431 1062 illi
1459 1022 1662 1074 addicta,
1693 1036 1787 1063 non

154 1101 310 1132 tamen
347 1093 497 1133 cuivis
532 1094 759 1145 exposita,
791 1094 850 1133 ad
891 1105 976 1133 nos
1007 1093 1258 1133 confitendi
1292 1093 1447 1143 gratia
1483 1095 1703 1143 accessit,
1743 1100 1786 1134 et

152 1164 270 1203 inter
293 1163 628 1212 confitendum,
655 1172 753 1204 erat
775 1172 930 1204 autem
951 1164 1181 1203 confessio
1201 1164 1460 1214 generalis,
1487 1164 1587 1204 visa
1609 1165 1694 1204 sibi
1716 1172 1785 1205 est

152 1235 324 1274 sentire
345 1235 479 1285 quasi
501 1235 703 1274 ahenum
723 1235 830 1285 igne
857 1236 1044 1285 plenum
1073 1246 1155 1286 per
1179 1246 1230 1273 os
1260 1246 1393 1274 suum
1424 1235 1552 1275 exire
1582 1243 1625 1275 et
1658 1238 1783 1276 velut

152 1313 335 1345 mortua
375 1305 434 1345 ad
467 1305 610 1356 pedes
646 1306 919 1345 confessarii
954 1305 1143 1345 cecidit:
1176 1305 1297 1345 hanc
1334 1305 1533 1345 daemon
1568 1307 1785 1347 videlicet

152 1376 420 1427 obsederat3
443 1388 534 1427 quo
556 1377 772 1425 liberata,
798 1377 984 1416 domum
1007 1388 1121 1416 sana
1143 1384 1295 1416 mente
1326 1385 1370 1416 et
1401 1377 1556 1416 valido
1588 1389 1785 1428 corpore

151 1459 344 1488 reversa
378 1453 446 1487 est
482 1458 538 1487 ac
571 1453 735 1498 postea
771 1447 1148 1487 communicavit.
1187 1446 1421 1498 Nupserat
1456 1447 1598 1498 haec,
1632 1454 1676 1488 et
1712 1449 1785 1488 vir

152 1518 250 1570 ejus
288 1518 571 1569 generaliter
611 1518 853 1558 confessus
888 1525 969 1558 est.
1009 1518 1202 1557 Praeter
1237 1518 1344 1568 has,
1383 1518 1474 1558 alia
1514 1521 1784 1569 generalem

153 1594 316 1640 (neque
338 1590 461 1631 enim
481 1590 569 1629 hoc
591 1601 760 1629 nomen
783 1589 995 1638 mutabo)
1019 1588 1361 1628 confessionem
1385 1589 1540 1638 edidit,
1566 1602 1685 1641 quae
1710 1590 1781 1630 de-

150 1672 251 1700 cem
286 1661 421 1700 annis
455 1659 719 1711 hujusmodi
753 1660 959 1711 peccatis
995 1660 1152 1699 dedita
1186 1659 1385 1700 vixerat.
1423 1658 1515 1700 Sed
1544 1661 1653 1711 quid
1680 1672 1783 1701 eam

150 1732 388 1782 miremur,
417 1743 535 1783 quae
558 1732 719 1771 decem
741 1742 889 1771 annos
909 1731 976 1771 sic
1003 1731 1184 1782 vixerit,
1210 1743 1315 1770 cum
1337 1738 1380 1771 et
1403 1732 1521 1771 aliae
1543 1732 1662 1772 duae
1684 1744 1782 1772 suc—

150 1809 365 1854 currant,
389 1814 589 1854 quarum
612 1804 782 1853 altera,
807 1814 925 1854 quae
946 1802 1229 1853 generaliter
1257 1802 1472 1843 confessa
1503 1811 1592 1853 est,
1622 1804 1782 1844 sexde-

149 1874 238 1913 cim
273 1874 422 1923 annis,
457 1875 605 1914 altera
642 1874 803 1914 decem
844 1881 888 1913 et
928 1881 1033 1913 octo
1076 1874 1335 1914 concubina
1370 1874 1528 1923 fuerit,
1569 1880 1779 1926 utraque,

149 1943 442 1984 confessione
470 1944 595 1984 facta
623 1945 746 1996 apud
776 1951 987 1994 nostros,
1012 1945 1071 1984 ab
1099 1945 1186 1984 hoc
1218 1945 1343 1984 vitae
1371 1956 1545 1995 genere
1580 1956 1779 1985 recesse-

148 2016 235 2055 rit?
265 2014 391 2055 Nihil
412 2026 635 2066 magnum
657 2014 843 2054 divinae
866 2015 1052 2064 virtuti,
1078 2016 1155 2066 qui
1176 2027 1414 2066 nunquam
1436 2016 1619 2055 renasci
1646 2028 1782 2056 senes

143 2085 346 2136 juberet,
372 2085 461 2125 nisi
482 2092 526 2125 et
548 2097 685 2136 opem
704 2085 867 2135 ferret,
891 2097 981 2136 quo
1005 2086 1092 2137 ipsi
1112 2086 1297 2126 renasci
1316 2092 1520 2136 possent.

231 2156 367 2206 Quod
388 2168 500 2196 sane
521 2155 696 2196 factum
719 2162 787 2196 est
809 2163 854 2195 et
876 2157 921 2196 in
943 2156 1039 2206 his,
1064 2168 1182 2208 quae
1202 2156 1340 2196 modo
1373 2157 1531 2207 retuli,
1564 2163 1607 2197 et
1637 2158 1781 2198 multo

147 2228 286 2267 etiam
308 2227 460 2278 magis
482 2227 529 2267 in
558 2238 627 2277 eo,
661 2227 783 2278 quod
807 2227 999 2279 jamjam
1034 2227 1258 2278 referam,
1291 2229 1330 2268 si
1360 2229 1497 2268 modo
1520 2229 1566 2268 id
1597 2231 1780 2269 renasci

147 2298 343 2338 dicimus
374 2310 398 2337 e
427 2298 791 2349 corruptissimis
817 2298 1024 2338 moribus
1053 2304 1096 2338 et
1123 2299 1263 2349 longa
1284 2300 1514 2339 malorum
1536 2306 1777 2341 consuetu-

147 2369 253 2409 dine
295 2369 502 2408 animum
538 2368 595 2408 ad
630 2369 868 2409 meliorem
901 2369 1087 2420 frugem
1115 2381 1357 2410 revocare.
1400 2370 1583 2410 Etenim
1617 2372 1780 2412 mulier

146 2440 378 2492 quaedam
416 2439 608 2489 nobilis,
639 2451 757 2491 quae
785 2446 905 2480 totos
931 2440 1123 2490 triginta
1151 2447 1195 2480 et
1222 2452 1305 2480 sex
1335 2453 1502 2491 annos,
1539 2453 1778 2493 nunquam

146 2512 325 2551 interea
360 2510 601 2560 confessa,
630 2510 676 2550 in
704 2511 1015 2550 concubinatu
1043 2511 1248 2559 vixerat,
1280 2523 1563 2563 quamquam
1592 2512 1778 2553 interim

144 2595 202 2622 ex
237 2582 310 2621 his
344 2581 512 2632 viginti
547 2592 696 2621 annos
729 2582 831 2621 Viro
862 2581 1112 2633 conjugata
1146 2582 1336 2633 fuisset,
1374 2589 1478 2633 post
1508 2585 1776 2633 generalem

143 2653 486 2692 confessionem
507 2659 550 2692 et
572 2663 735 2692 sacrae
753 2653 1076 2693 Eucharistiae
1094 2654 1417 2704 sumptionem,
1441 2665 1636 2705 prorsus
1653 2655 1775 2699 hanc

143 2724 268 2763 vitae
300 2723 529 2763 rationem
563 2723 715 2762 vitare
744 2734 793 2763 se
822 2724 941 2763 Velle
976 2723 1188 2775 professa
1215 2730 1285 2764 est
1307 2730 1352 2764 et
1384 2725 1580 2775 singulis
1607 2726 1772 2766 mensi—

144 2794 228 2834 bus
249 2793 457 2834 confiteri
480 2794 646 2845 pergit.
671 2793 760 2834 Sed
777 2793 873 2845 jam
900 2795 955 2835 de
982 2795 1253 2835 mulieribus
1282 2795 1531 2847 hactenus;
1562 2808 1685 2837 nunc
1717 2797 1774 2838 de

144 2866 276 2905 viris.
1307 2904 1309 2907 .

223 2936 327 2976 Fuit
349 2936 469 2976 inter
490 2936 576 2976 hos
597 2936 669 2976 vir
691 2936 879 2987 quidam
900 2937 1089 2987 nobilis,
1114 2938 1211 2988 qui,
1237 2948 1341 2982 cum
1360 2937 1457 2988 jam
1485 2939 1772 2981 tricesimum
