2074 3179
180 114 251 151 314
698 115 925 153 LITTERAE
951 127 1310 160 QUADRIMESTRES

184 209 395 249 discendi
422 211 657 250 curriculo
687 217 793 251 sunt
820 213 1060 263 progressi
1084 211 1094 230 ¹
1125 214 1356 265 nonnulli,
1387 220 1436 254 ut
1467 215 1619 265 magis
1647 226 1696 254 se
1726 221 1823 255 tam

181 280 352 331 exiguo
374 286 584 333 tempore
606 282 620 300 ²
648 282 773 332 apud
802 288 990 323 nostros
1022 295 1162 334 quam
1189 285 1312 336 apud
1342 286 1548 337 reliquos
1576 286 1819 336 ludimagi-

180 357 305 391 stros
326 352 466 403 longo
489 348 721 393 annorum
742 353 943 394 decursu
965 355 1257 405 promovisse
1281 355 1586 407 profiteantur
1608 355 1636 394 ³.
1660 357 1820 409 Neque

179 434 292 462 Vero
315 423 361 463 in
382 424 471 464 hoc
493 429 675 463 tantum
696 431 1057 476 praeceptorum
1073 437 1185 465 cura
1205 426 1417 478 ratioque
1439 428 1745 479 consumitur,
1771 435 1819 468 ut

180 493 514 546 discipulorum
542 494 742 535 eruditio
778 507 1067 536 summorum
1100 497 1351 537 authorum
1380 499 1677 539 enarratione
1708 497 1723 517 4
1743 510 1819 539 au—

179 572 360 617 geatur,
377 565 678 618 quotidieque
696 567 849 618 magis
866 578 921 607 ac
938 568 1091 619 magis
1103 567 1277 619 aliquid
1294 569 1516 608 inlitteris
1534 571 1821 610 accessionis

181 636 280 685 fiat;
305 649 471 677 verum
495 649 549 677 eo
573 638 721 677 aciem
744 638 1041 689 ingeniorum
1063 650 1256 679 suorum
1285 640 1544 690 intendunt,
1573 646 1621 680 ut
1689 642 1819 681 scho-

178 709 333 748 lastici
359 708 591 759 universi,
622 721 714 748 non
742 709 896 749 minus
926 721 1109 750 morum
1139 710 1410 761 integritate
1443 722 1583 762 quam
1613 711 1821 752 honestis

180 779 438 832 disciplinis
459 780 774 820 commendati
796 781 1068 829 enitescant3
1104 793 1197 821 non
1225 782 1379 833 magis
1399 781 1413 799 ⁰
1436 782 1660 822 scientiae
1682 794 1820 834 quam

180 851 520 891 sanctimoniae
548 852 668 891 ratio
698 852 942 902 habeatur,
977 852 1163 904 quando
1193 853 1400 892 maxima
1431 865 1542 904 pars
1568 852 1818 900 felicitatis,

179 923 250 962 vel
271 928 368 962 tota
388 923 544 974 potius
565 922 780 973 felicitas,
804 934 898 962 non
919 923 966 962 in
986 934 1144 963 rerum
1166 923 1432 974 cognitione
1454 924 1535 963 secl
1558 924 1605 963 in
1626 924 1816 964 virtutis

180 993 363 1033 actione
386 994 613 1034 consistit.

258 1065 418 1116 Itaque
438 1076 532 1104 non
553 1065 683 1116 prius
707 1065 868 1105 diebus
890 1066 1087 1116 singulis
1116 1066 1175 1105 ad
1207 1066 1465 1106 audiendas
1492 1067 1719 1107 lectiones
1746 1079 1817 1107 ac-

179 1135 350 1175 cedunt
372 1136 483 1187 quin
505 1142 670 1176 sancto
704 1136 771 1176 rei
803 1136 991 1177 divinae
1023 1143 1320 1176 sacramento
1352 1137 1581 1177 intersint.
1613 1137 1818 1178 Domini-

178 1207 245 1246 cis
266 1212 514 1258 praeterea
535 1207 698 1247 diebus
721 1207 972 1247 conciones
994 1208 1178 1258 audire,
1203 1213 1262 1258 et,
1294 1207 1517 1259 cujusque
1539 1209 1713 1248 mensis
1736 1209 1817 1248 ini-

177 1278 257 1328 tio,
281 1284 586 1329 peccatorum
607 1290 798 1319 suorum
829 1279 1174 1319 confessionem
1202 1279 1385 1331 facere,
1418 1281 1618 1331 vulgare
1639 1287 1708 1320 est
1730 1280 1819 1320 illis

181 1355 225 1389 et
246 1349 485 1401 usitatum3
509 1349 628 1390 adde
651 1350 792 1390 etiam
812 1349 1061 1390 familiaria
1085 1362 1191 1390 curn
1216 1350 1459 1402 discipulis
1481 1351 1735 1402 colloquia,
1761 1364 1818 1391 ex

176 1421 343 1472 quibus
363 1422 536 1461 mirum
559 1422 606 1461 in
626 1422 817 1462 modum
838 1422 1160 1462 adolescentes
1188 1422 1247 1462 ad
1275 1422 1485 1462 divinum
1516 1434 1725 1463 amorem
1754 1423 1817 1463 in-

175 1492 491 1543 flammantur,
514 1498 559 1533 et
581 1494 806 1533 coelestis
828 1493 951 1544 ignis
973 1493 1192 1534 ardorem
1213 1493 1496 1545 concipiunt.
1521 1493 1656 1534 Adde
1678 1495 1819 1534 etiam

173 1563 519 1604 admonitiones
542 1570 585 1604 et
606 1565 862 1605 verborum
888 1565 1204 1616 spiritualium
1232 1565 1280 1604 in
1308 1565 1586 1605 lectionibus
1619 1566 1818 1617 singulis

149 1635 602 1687 ·interpositionem;
631 1646 742 1675 narn
769 1636 810 1675 si
840 1635 943 1687 quis
971 1635 1107 1676 datur
1138 1636 1284 1686 locus,
1320 1636 1358 1675 si
1381 1648 1499 1687 quae
1522 1637 1643 1676 inter
1664 1637 1818 1687 legen-

175 1706 286 1746 dum
307 1705 501 1746 offertur
523 1707 729 1758 occasiO,
758 1712 808 1747 ut
830 1706 1005 1757 aliquid
1026 1706 1081 1746 de
1103 1705 1265 1746 mundi
1287 1714 1578 1758 contemptu,
1604 1707 1659 1747 de
1690 1707 1820 1748 vitae

175 1777 500 1818 emendatione
521 1778 845 1829 interseratur,
870 1778 1066 1818 libenter
1088 1776 1398 1829 interjiciunt,
1419 1785 1463 1818 et
1486 1779 1531 1818 in
1552 1779 1684 1829 haec,
1704 1785 1816 1819 tam-

175 1861 315 1901 quam
336 1849 383 1889 in
403 1860 603 1889 amoena
623 1849 854 1900 quaedam
881 1849 1177 1899 diverticula,
1213 1861 1377 1890 eorum
1410 1850 1644 1890 interdum
1680 1850 1816 1890 decli-

173 1927 255 1961 nat
277 1920 444 1961 oratio.

255 1992 382 2043 Ergo
405 1992 482 2044 qui
512 1992 559 2032 in
588 1991 716 2032 vitiis
737 1991 951 2032 omnibus
978 1992 1285 2032 contaminati
1315 2000 1453 2043 atque
1475 1993 1626 2033 obruti
1647 1993 1736 2033 huc
1767 2006 1817 2033 se

173 2064 484 2114 contulerant,
501 2062 600 2115 jam
617 2075 676 2103 ex
696 2063 1019 2103 sordidissima
1036 2074 1217 2103 morum
1239 2063 1503 2103 colluvione
1525 2064 1694 2104 emersi
1710 2071 1816 2104 sunt

173 2141 217 2177 et
241 2135 287 2175 in
305 2134 470 2174 melius
491 2134 641 2174 vitam
669 2139 1035 2182 commutarunt;
1067 2139 1110 2174 et
1140 2145 1233 2174 non
1265 2135 1415 2174 solum
1445 2146 1530 2186 pro
1559 2136 1813 2186 petulantia

172 2206 420 2258 pudorem,
443 2217 528 2258 pro
551 2205 750 2246 audacia
772 2205 1128 2256 verecundiam,
1162 2217 1247 2257 pro
1280 2206 1642 2257 intemperantia
1671 2207 1814 2247 conti-

172 2277 438 2329 tinentiam‚
462 2288 547 2329 pro
577 2277 790 2317 vanitate
819 2276 1091 2326 veritatem,
1125 2276 1322 2328 denique
1354 2288 1439 2328 pro
1467 2276 1686 2329 perjuriis
1712 2290 1814 2317 san-

227 2412 235 2432 ¹
277 2413 309 2439 in
324 2413 387 2439 hoc
404 2413 553 2440 discendi
570 2413 740 2440 curriculo
752 2413 997 2447 profecerunt,
1012 2414 1087 2439 lam
1095 2412 1223 2448 fausto
1231 2413 1404 2448 felicique
1424 2415 1515 2447 pede
1531 2417 1607 2441 sunt
1623 2415 1807 2448 progressi.

172 2450 334 2494 Aca—in
349 2461 412 2487 hoc
427 2461 578 2488 discendi
594 2461 763 2488 curriculo
779 2465 857 2488 sunt
872 2461 1059 2495 progressi.
1074 2461 1154 2488 POL.

224 2507 238 2526 2
278 2509 445 2543 temporis
462 2509 557 2535 mtm
560 2509 663 2535 vallo.
681 2508 802 2535 Acuae—
813 2512 977 2543 tempore.
993 2508 1072 2536 Por.

225 2556 239 2575 5
276 2557 366 2592 apud
383 2561 519 2584 nostros
531 2557 755 2591 promovisse
770 2564 871 2590 quam
893 2556 982 2591 apud
1002 2558 1151 2591 reliquos
1166 2558 1314 2585 docendz
1328 2558 1511 2593 magistros
1532 2559 1633 2591 longo
1648 2564 1811 2584 annorum

171 2604 316 2632 decursu
331 2605 502 2633 dedicisse
516 2604 752 2639 profiteantur.
770 2605 890 2632 Acu.—
863 2605 986 2639 —apud
1003 2609 1136 2632 nostros
1153 2614 1252 2640 quam
1275 2607 1363 2641 apud
1386 2606 1534 2640 reliquos
1549 2605 1814 2639 ludzmagistrso

171 2653 272 2686 longo
288 2659 455 2680 annorum
470 2653 616 2680 decursu
627 2653 852 2687 promovisse
866 2652 1104 2687 profiteantur.
1125 2653 1203 2681 Por..

226 2701 240 2721 4
276 2701 471 2735 perspzcua
485 2707 692 2728 summorum
708 2699 891 2727 authorum
906 2702 936 2727 el
954 2700 1099 2733 linguae
1112 2700 1466 2736 latinacprincipum
1479 2701 1709 2728 enarratione.
1726 2701 1816 2728 Aen.

173 2757 417 2776 -summorum
432 2749 615 2776 authorum
631 2748 860 2776 enarratione.
874 2748 953 2775 Pon.

227 2797 242 2816 5
280 2804 401 2824 verum
416 2804 455 2824 eo
471 2797 580 2824 aciem
595 2796 808 2831 ingeniorum
823 2804 960 2824 suorum
976 2797 1165 2829 intendunt,
1178 2797 1244 2824 huc
1260 2799 1407 2825 conatus
1421 2803 1544 2824 omnes
1562 2803 1753 2830 onmesque
1766 2797 1814 2823 la-

171 2846 272 2872 bores
293 2845 475 2880 referunt,
490 2844 557 2872 huc
572 2845 663 2872 velis
679 2845 847 2878 equisque
862 2844 1089 2877 contendunt,
1103 2849 1149 2872 ut.
1166 2845 1412 2872 Acir—verum
1425 2852 1463 2871 eo
1475 2844 1585 2871 aciem
1600 2844 1810 2878 ingeniorum

169 2900 308 2920 suorum
324 2893 501 2920 intendunt
516 2898 563 2921 ut.
581 2893 659 2920 Ροι..
1369 2897 1374 2902 ’

224 2940 239 2960 6
278 2948 389 2975 neque
407 2942 528 2968 minus
547 2943 695 2969 virtutis
711 2949 816 2975 quam
835 2942 1061 2975 eruditionis,
1077 2949 1140 2968 non
1157 2941 1276 2975 magis.
1294 2941 1494 2968 Aca—non*
1506 2939 1626 2974 magis.
1642 2939 1721 2967 1³01„
