2074 3179
222 153 293 189 1386
738 153 965 190 Liri‘ERAr:
992 165 1346 197 QL'ADRlMESTREs

220 262 392 302 magna
416 250 621 290 omnium
642 250 910 299 devotione,
939 251 1125 292 circiter
1146 258 1383 293 trecentos
1413 254 1624 293 homines
1654 253 1856 293 invicem

220 322 566 372 reconciliavit,
597 333 796 373 quorum
824 321 956 361 multi
984 333 1077 361 non
1105 322 1402 363 mediocriter
1424 324 1589 364 offensi
1618 324 1854 365 existima-

219 394 402 433 bantur.
616 447 621 455 ,

298 465 373 506 Ad
394 464 530 517 hujus
546 463 699 504 Patris
715 475 885 515 genua,
905 464 952 504 in
968 465 1154 516 templo,
1174 465 1409 516 praesenti
1426 472 1526 506 tota
1542 467 1849 517 multitudine,

217 539 355 578 homo
379 537 568 588 quidam
591 548 695 576 cum
717 536 942 588 lacrymis
963 548 1012 576 se
1033 537 1270 588 provolvit
1290 548 1346 576 ac
1366 537 1497 588 petiit
1516 543 1566 577 ut
1587 538 1688 588 sibi,
1708 550 1790 578 suo
1809 546 1853 579 et

215 609 413 649 fratrum
447 608 654 658 nomine,
688 608 955 658 ignosceret
985 606 1108 659 quod
1137 607 1183 647 in
1210 619 1296 647 nos
1324 608 1574 658 aliquando
1605 610 1853 650 maledicta

214 680 468 732 conjecerit
489 690 727 730 praveque
749 679 1022 719 detraxerit.
1043 678 1145 720 Non
1167 679 1362 719 multum
1383 679 1515 719 abest
1531 680 1761 731 quaedam
1783 692 1852 720 ec-

213 753 378 802 clesia,
403 751 572 791 dicitur
593 749 676 790 Sti.
700 749 936 801 Mamerti,
969 748 1101 801 cujus
1129 750 1404 801 parochiani
1430 762 1524 790 non
1553 751 1705 790 solum
1734 751 1852 791 inter

214 835 262 863 se
292 824 387 863 iras
420 828 560 873 atque
591 820 749 873 jurgia
784 833 1044 873 permagna
1079 821 1383 871 exercebant,
1420 833 1514 860 non
1549 822 1647 862 sine
1682 833 1854 873 magna

214 896 480 935 animarum
502 904 846 945 corporumque
864 892 1072 944 jactura,
1096 892 1178 932 sed
1198 904 1349 944 neque
1377 893 1511 933 nobis
1539 893 1725 945 quidem
1752 905 1852 944 par-

210 967 394 1014 cebant,
419 966 532 1017 quin
546 964 808 1005 maledictis
825 971 869 1004 et
892 964 1156 1016 opprobriis
1178 975 1263 1004 nos
1280 970 1533 1016 nostraque
1552 973 1849 1016 accusarent,

210 1039 273 1078 ita
295 1044 358 1088 ut,
384 1037 554 1088 elapsis
577 1036 753 1085 diebus,
776 1036 949 1076 fratres
967 1035 1085 1076 duos
1107 1035 1208 1087 qui,
1240 1036 1673 1087 componendarum
1694 1036 1851 1076 amici-

210 1111 384 1150 tiarum
407 1108 577 1159 gratia,
608 1108 667 1148 ad
698 1119 779 1148 eos
800 1112 1044 1158 venerant,
1074 1119 1168 1147 non
1184 1107 1482 1147 mediocriter
1503 1107 1660 1147 verbis
1680 1107 1851 1148 fuerint

209 1181 460 1233 persecuti.
485 1179 628 1232 Cujus
650 1180 717 1220 rei
739 1191 882 1219 causa
904 1178 1106 1229 videtur,
1131 1179 1255 1230 quod
1281 1179 1468 1230 quibus,
1502 1178 1692 1219 vivente
1719 1191 1848 1231 supe-

208 1253 332 1292 riore
355 1252 548 1303 abbate,
573 1263 666 1291 non
688 1251 787 1291 sine
811 1262 985 1302 magna
1006 1249 1143 1301 hujus
1165 1250 1440 1290 monasterii
1468 1255 1606 1301 atque
1634 1250 1849 1290 ecclesia-

208 1336 310 1365 rum
328 1323 427 1376 ejus
441 1323 642 1375 jactura,
666 1322 810 1363 libere
827 1322 894 1362 uti
911 1322 1095 1372 licebat,
1120 1333 1283 1362 eorum
1304 1333 1428 1361 nunc
1450 1321 1601 1361 minus
1622 1333 1707 1373 pro
1730 1322 1847 1361 arbi-

207 1396 296 1436 trio
326 1406 439 1435 usus
468 1394 830 1435 concedebatur.
863 1393 962 1433 Hos
997 1393 1144 1433 frater
1179 1392 1389 1445 quidam,
1428 1392 1615 1432 nomine
1649 1392 1849 1432 Michael

210 1468 411 1519 Bayros,
445 1467 492 1506 in
523 1465 725 1506 Domino
760 1465 1071 1505 instituendos
1101 1464 1148 1504 in
1183 1464 1272 1504 hac
1307 1464 1688 1516 quadragesima,
1721 1475 1847 1503 man-

209 1539 349 1579 dante
372 1539 524 1589 Patre,
550 1537 769 1588 suscepit.
795 1536 899 1588 Qui,
923 1542 973 1576 ut
994 1542 1129 1576 erant
1150 1535 1402 1586 durissimi,
1427 1535 1494 1575 sic
1516 1546 1689 1586 magno
1711 1533 1847 1586 hujus

210 1611 371 1651 fratris
391 1611 550 1650 labore
573 1615 617 1649 et
643 1608 814 1648 sudore
844 1608 1018 1648 devicti
1045 1614 1174 1656 sunt;
1203 1619 1312 1647 nam
1339 1607 1462 1647 ultra
1493 1606 1847 1646 exhortationes

205 1683 437 1734 publicas,
463 1681 625 1721 diebus
642 1679 888 1720 dominicis
919 1679 1040 1719 inter
1068 1677 1384 1719 enarrandum
1410 1678 1709 1729 evangelium
1739 1689 1847 1717 cum

204 1765 377 1805 magna
400 1752 607 1792 omnium
630 1751 879 1792 devotione
900 1750 1066 1801 factas,
1087 1750 1309 1801 privatim
1327 1748 1491 1789 domos
1514 1749 1685 1800 adibat,
1708 1755 1846 1800 atque

203 1826 309 1866 odia
326 1824 571 1877 permulta,
592 1835 710 1875 quae
732 1834 828 1862 non
849 1822 940 1862 nisi
957 1822 1197 1862 hominum
1218 1832 1332 1861 nece
1355 1820 1493 1860 finem
1514 1820 1731 1860 habitura
1750 1832 1843 1860 cre-

203 1897 432 1937 debantur
455 1901 534 1935 aut
554 1895 709 1947 potius
731 1895 1087 1942 incrementum,
1111 1892 1338 1944 paulatim
1357 1892 1617 1943 mitigando
1640 1892 1843 1943 extirpa-

202 1969 289 2017 vit,
325 1968 388 2007 ita
416 1973 466 2007 ut
493 1966 682 2007 veniam
712 1966 914 2006 invicem
941 1971 1100 2016 petere
1129 1964 1431 2016 persuaserit.
1469 1963 1700 2014 Quoniam
1729 1974 1842 2002 vero

200 2046 325 2080 totus
345 2039 441 2079 fere
462 2039 592 2078 locus
614 2038 703 2077 hoc
725 2037 849 2076 malo
871 2043 972 2076 erat
995 2035 1367 2086 contaminatus,
1391 2040 1442 2075 ut
1463 2034 1677 2074 omnibus
1707 2045 1841 2085 opem

198 2112 360 2161 ferret,
387 2111 459 2151 die
477 2109 622 2162 jovis,
657 2120 748 2160 qua
777 2107 1005 2148 Dominus
1033 2107 1175 2159 pedes
1204 2107 1538 2157 discipulorum
1566 2106 1701 2155 lavit,
1736 2116 1840 2145 cum

201 2182 472 2222 mandatum
494 2191 749 2232 exponens,
770 2180 915 2219 multa
937 2178 993 2218 de
1015 2177 1121 2218 odio
1143 2184 1187 2218 et
1209 2178 1457 2218 dilectione
1478 2177 1687 2226 dixisset,
1711 2176 1835 2227 geni-

197 2255 284 2294 bus
315 2253 447 2293 flexis
481 2263 642 2292 coram
676 2251 902 2291 universa
930 2249 1243 2299 multitudine,
1276 2260 1382 2289 cum
1410 2248 1568 2288 multis
1599 2247 1836 2299 lacrymis.

198 2324 320 2377 quod
339 2323 387 2363 P.
405 2324 611 2376 Joannes
629 2321 825 2362 Gouvea
848 2321 993 2372 prius,
1015 2321 1113 2372 ipse
1136 2332 1321 2372 quoque
1342 2319 1510 2370 effecit,
1530 2320 1836 2370 lacrymante,

196 2402 244 2436 ut
266 2395 378 2435 mihi
399 2395 597 2434 relatum
619 2398 710 2443 est,
736 2398 832 2432 toto
855 2392 934 2432 illo
957 2392 1198 2432 hominum
1219 2398 1474 2441 conventu,
1500 2401 1696 2442 quorum
1718 2388 1837 2429 duri-

196 2468 281 2508 ties
303 2466 559 2517 singularis
580 2465 792 2504 habetur.
813 2463 890 2504 Sic
912 2469 1070 2504 autem
1085 2463 1280 2503 fratrem
1296 2463 1420 2503 hunc
1441 2468 1628 2514 praeter
1646 2472 1836 2501 consue·

195 2539 403 2579 tudinem
424 2548 556 2577 suam
578 2541 854 2576 reverentur
876 2541 1017 2586 atque
1048 2541 1230 2585 amant,
1262 2534 1422 2586 sicque
1451 2544 1606 2573 mores
1635 2538 1837 2572 mutatos

198 2611 242 2649 in
273 2609 438 2649 melius
475 2618 577 2647 esse
605 2605 928 2657 intelligimus,
959 2612 1007 2645 ut
1035 2616 1148 2645 vere
1177 2605 1399 2645 dexterae
1428 2603 1615 2644 Excelsi
1641 2603 1835 2642 mutatio

193 2692 296 2721 esse
319 2679 550 2720 Videatur.
578 2676 779 2728 Quidam
800 2677 952 2726 homo,
979 2676 1057 2727 qui
1079 2676 1235 2716 acrius
1256 2676 1303 2715 in
1324 2675 1455 2715 initio
1477 2673 1611 2714 fratri
1633 2674 1740 2713 huic
1767 2685 1834 2713 re-

195 2753 400 2802 stiterat,
444 2755 598 2790 tactus
637 2760 664 2788 a
698 2746 902 2787 Domino
939 2746 1144 2798 factique
1178 2746 1442 2798 poenitens,
1479 2750 1745 2785 revertente
1780 2756 1834 2784 eo

194 2823 405 2873 domum,
431 2821 491 2861 ad
513 2820 601 2860 iter
623 2818 829 2859 occurrit
851 2824 895 2858 et
918 2829 1025 2858 cum
1045 2817 1268 2870 lacrymis
1290 2817 1346 2857 de
1366 2816 1626 2868 pertinacia
1647 2816 1835 2856 veniam

195 2892 463 2945 postulavit.
487 2890 564 2931 Sic
586 2890 786 2941 denique
808 2889 850 2928 ei
873 2888 1026 2928 affecti
1050 2894 1175 2938 sunt,
1199 2894 1248 2928 ut
1268 2888 1393 2928 nullo
1423 2887 1562 2928 modo
1590 2899 1695 2928 eum
1726 2899 1753 2927 a
1784 2898 1832 2927 se

193 2963 403 3005 abstrahi
424 2962 676 3014 patiantur.
702 2959 876 3011 Quare,
901 2965 949 2999 ut
971 2959 1212 3009 existimo,
1237 2970 1327 3010 quo
1350 2970 1510 2999 eorum
1533 2959 1671 2999 saluti
1692 2965 1737 2999 et
1759 2958 1833 2998 de-
